2857 4690
918 341 1452 409 EPISTOLA
1501 343 1634 411 XI.
2211 361 2330 406 121

271 549 509 568 mm
512 549 1239 571 mmmmmm
1244 553 1423 572 mm
1428 549 2318 572 mmm-mmm

964 733 1083 820 x.
1150 731 1590 852 (xxvi)

852 949 1082 1010 Servilii
1120 947 1430 1016 adventum
1466 949 1714 1007 nunciat.

810 1159 876 1205 C.
928 1159 1288 1207 PLINIUS
1339 1159 1760 1206 TRAJANO.

330 1339 423 1404 Se
438 1359 535 1406 nv
550 1359 575 1404 1
591 1359 633 1404 1.
648 1357 673 1403 1
690 1357 735 1404 u
756 1357 790 1405 s
839 1332 1106 1404 Pudens
1152 1333 1447 1428 legatus,
1489 1335 1824 1419 Domine,
1864 1335 2024 1402 VIII
2075 1331 2348 1402 Calend.

250 1444 572 1514 Decembr.
607 1443 1067 1515 Nicomediam
1106 1437 1333 1531 venit,
1380 1468 1622 1539 meque
1657 1443 1873 1539 longae
1911 1446 2353 1538 exspectatio-

248 1556 335 1622 nis
370 1552 788 1624 solicitudine
825 1553 1155 1624 liberavit.

294 1738 356 1790 X.
371 1745 539 1808 Legae.
556 1757 588 1791 e
600 1757 793 1810 genere
804 1757 989 1792 eornm
1000 1739 1095 1810 qui
1113 1755 1245 1810 pre·
1412 1769 1484 1780 --
1509 1741 1866 1790 Nicomediam.
1892 1737 2148 1810 Bithyniae
2175 1748 2354 1809 caput.

244 1815 426 1871 sidibm
438 1837 593 1890 prov.
604 1807 1035 1883 addebantursut
1044 1819 1248 1890 iisope·
1342 1818 1548 1889 Scripta
1566 1837 1692 1890 ergo
1709 1818 1821 1871 hoc
1835 1817 2050 1889 epistola
2063 1827 2142 1869 est
2153 1835 2216 1868 ex
2233 1834 2357 1887 pro-

240 1915 339 1950 ram
356 1909 663 1970 pratu-ent
680 1898 735 1952 in
750 1901 868 1972 jure
880 1896 1127 1952 dicendo.
1140 1899 1223 1950 En
1231 1937 1245 1950 .
1348 1897 1517 1952 vincia
1522 1934 1540 1961 ,
1553 1909 1614 1950 ut
1625 1900 1795 1970 major
1805 1915 1930 1968 panc
1939 1894 2356 1968 reliquarum&

259 2099 404 2120 mw
410 2101 886 2121 'mmmmm
894 2101 975 2120 m
980 2101 1343 2120 ”mmm
1350 2101 1436 2118 §ss
1441 2099 1711 2120 mmm
1719 2095 2361 2119 mmmmmmm

919 2280 1095 2368 x1.
1164 2277 1670 2415 (XXVII)

928 2495 1248 2565 Rosigmum
1280 2494 1664 2552 commendat.

831 2705 893 2750 C.
948 2704 1305 2750 PLINIUS
1355 2705 1771 2750 TRAIANO.

330 2886 801 2955 ROSIANUM
858 2883 1256 2969 Geminum,
1306 2884 1634 2969 Domine,
1681 2884 2050 2952 arctissimo
2103 2883 2368 2952 vinculo

246 3018 495 3063 mecum
532 3008 650 3061 tua
688 2993 757 3059 in
796 3017 903 3060 me
932 2992 1254 3061 beneficia
1284 2992 1674 3086 junxerunt.
1715 2993 1940 3062 Habui
1969 2994 2148 3062 enim
2178 2992 2368 3062 illum

247 3120 635 3197 quaestorem
688 3104 759 3171 in
802 3102 1189 3191 consulatu,
1236 3103 1368 3171 mei
1418 3128 1675 3173 summe
1712 3103 2370 3173 observantissimum

246 3230 569 3309 expertus.
602 3216 887 3283 Tantam
916 3214 1080 3282 mihi
1106 3229 1258 3308 post
1285 3214 1706 3284 consulatum
1739 3216 2178 3284 reverentiam
2210 3238 2371 3308 prae-

248 3338 398 3411 stat,
438 3340 514 3394 ut
562 3322 845 3420 publicae
889 3322 1389 3395 necessitudinis
1439 3328 1722 3420 pignora
1765 3324 2040 3421 privatis
2077 3323 2376 3392 cumulet

250 3432 497 3503 officiis.
551 3436 745 3528 Rogo
790 3459 988 3529 erg0‚
1030 3450 1108 3503 ut
1148 3437 1289 3529 ipse
1337 3435 1517 3529 apud
1567 3449 1632 3503 te
1683 3460 1808 3529 pro
1857 3433 2181 3528 dignitate
2231 3436 2375 3527 ejus
2411 3476 2441 3508 α

254 3545 551 3635 precibus
586 3545 751 3614 meis
788 3545 1046 3614 faveas:
1082 3546 1190 3614 cui
1224 3560 1327 3631 et,
1366 3544 1421 3615 si
1461 3543 1628 3639 quid
1663 3544 1828 3613 mihi
1867 3543 2116 3632 credis,
2150 3542 2376 3613 i'ndul-

314 3727 406 3781 xl.
428 3728 508 3781 De
540 3728 1026 3792 Gemino‚videatur
1040 3728 1110 3782 ad
1131 3728 1261 3793 VII,
1360 3727 1570 3783 Cottius
1594 3746 1608 3779 :
1630 3752 1656 3771 α
1672 3727 1866 3780 Sensus
1891 3738 1970 3780 est
1996 3744 2010 3778 :
2038 3745 2146 3779 non
2173 3739 2379 3781 tantum

256 3824 329 3876 ep.
362 3826 409 3859 ι.
430 3808 539 3861 En.
1358 3807 1559 3861 favebis
1586 3804 1830 3877 dignitati
1850 3808 1962 3880 ejus
1974 3845 1992 3872 ,
2019 3805 2113 3861 sed
2131 3819 2186 3861 et
2207 3808 2380 3862 indul-

323 3903 343 3936 ι
355 3925 367 3936 .
385 3890 581 3937 Summe
616 3889 1099 3939 observanti-ssimum.
1130 3884 1257 3939 vid.
1357 3887 1588 3958 gentiam
1607 3898 1752 3939 tuam
1771 3887 1872 3959 ipsi
1889 3886 2040 3941 dabis
2064 3906 2078 3939 :
2101 3906 2218 3959 quae
2239 3902 2380 3942 utra·

256 3964 437 4018 sanctii
454 3964 699 4017 Minerva
719 3965 811 4018 lib.
828 3966 930 4029 IV,
950 3984 1066 4037 cap.
1088 3984 1140 4035 9.
1168 3966 1223 4019 S.
1357 3985 1462 4038 que
1485 3964 1710 4017 multum
1729 3985 1856 4019 sane
1874 3966 2148 4020 differunt.
2167 3991 2190 4014 ι
2213 3972 2378 4022 Caete-

322 4062 369 4096 2.
397 4050 461 4095 Ut
481 4048 583 4111 ipse
608 4049 750 4112 apud
766 4061 825 4097 ce.
852 4046 1025 4117 Ipsius
1048 4044 1260 4099 Gemini
1354 4064 1476 4100 rum
1499 4044 1584 4098 hic
1608 4043 1752 4098 locus
1775 4044 1903 4099 mihi
1929 4045 2146 4118 quidem
2168 4084 2184 4111 ,
2207 4059 2266 4099 ut
2284 4046 2378 4117 qui

256 4124 457 4178 nomine
467 4160 765 4175 .........
776 4128 857 4176 cui
880 4140 929 4175 et
948 4164 965 4186 ,
990 4138 1090 4179 etc.
1118 4126 1262 4179 Bene
1358 4124 1611 4187 maxime,
1640 4142 1800 4179 sanus
1820 4125 2046 4177 videtur.
2069 4125 2125 4177 S.
2213 4180 2221 4189 ‚
