2857 4690
926 423 1063 490 DE
1118 421 1193 489 c.
1252 422 1650 490 PLINIO.
2193 427 2344 518 4¹9

338 551 559 624 1508.
593 553 859 622 Veneta
896 553 1052 640 111,
1104 551 1174 622 8.
1216 551 1484 622 Aldma
1524 555 1578 621 1.
1626 538 1782 624 σαι-ι·
1808 553 2021 622 Pteme·
2055 555 2355 624 Secunda·

214 661 757 730 Novocomensis
786 661 857 728 E
845 660 1257 753 pistolarum
1278 658 1437 728 libri
1450 659 1676 728 decem
1697 713 1719 746 ‚
1738 665 1826 728 ‘in
1848 657 2090 752 quibus
2113 663 2346 729 multae

212 765 561 841 habentur
586 766 895 862 epistolae
934 789 1076 834 non
1114 781 1279 834 ante
1312 771 1675 861 impressae.
1724 769 1890 834 Tum
1931 769 2178 836 Graeca
2207 792 2348 836 cor·

210 887 413 942 recta
430 925 453 958 ,
490 888 568 941 et
601 877 745 941 suis·
786 874 955 941 locis
980 876 1293 941 restituta
1310 925 1331 957 ,
1367 887 1576 966 atque
1608 871 1874 964 rejectis
1901 871 2298 942 adulterz‘m's
2316 927 2338 959 ,

208 1001 393 1048 vera
452 985 773 1074 reposita.
858 981 1034 1049 Item
1071 977 1580 1071 fragmentatoe
1637 979 1947 1072 epistoloe
1981 1031 2003 1064 ,
2061 983 2346 1073 integrae

184 1083 455 1176 sactoe.
487 1090 578 1154 In
604 1084 824 1154 medio
854 1088 1063 1153 etiam
1101 1085 1415 1180 epistolae
1437 1083 1608 1153 libri
1633 1089 1864 1154 octavi
1891 1083 1980 1153 de
2011 1086 2366 1156 Clitumno.

182 1189 415 1283 sonte
452 1215 594 1259 non
631 1191 847 1260 solum·
885 1195 1130 1260 vertici
1162 1190 1331 1259 calx
1364 1189 1674 1278 additus,
1717 1207 1786 1258 et
1825 1191 2012 1259 calci
2039 1207 2284 1261 vertex
2316 1246 2339 1281 ‚

206 1295 349 1366 sed
370 1295 603 1366 decem
644 1319 914 1391 quoque
948 1297 1265 1392 epistolae-
1290 1301 1712 1391 interpositoe
1724 1350 1747 1381 ,
1787 1321 1878 1364 ac
1925 1321 2018 1366 ex
2056 1319 2239 1366 nono
2276 1299 2346 1366 li-

212 1402 341 1472 bro
379 1419 664 1473 octavus
665 1402 929 1497 factus
944 1455 965 1487 ,
996 1418 1064 1471 et
1098 1425 1192 1471 ex
1230 1417 1474 1470 octavo
1496 1425 1750 1487 nonus,
1785 1403 1989 1498 idque
2023 1401 2346 1499 beneficio

208 1511 633 1607 exemplaris
660 1513 1136 1578 cor-rectissimi
1145 1561 1167 1594 ,
1203 1523 1277 1576 et
1298 1513 1524 1594 mirae,
1570 1533 1659 1576 ac
1673 1515 1908 1604 potius
1933 1512 2349 1579 venerandae
2389 1563 2396 1570 .

210 1621 600 1685 vetustatis.
646 1615 977 1706 Ejusdem
1026 1619 1490 1708 Panegyricus
1539 1617 1606 1683 T
1594 1614 1846 1706 rajano
1884 1619 2055 1710 Imp.
2106 1615 2348 1684 dicum

220 1721 548 1812 Ejusdem
591 1720 683 1791 de
716 1726 883 1791 viris·
920 1720 1287 1791 illustribus
1326 1726 1398 1788 in
1431 1744 1507 1787 re
1551 1721 1872 1807 militari,
1913 1737 1980 1788 et
2016 1727 2088 1791 in
2127 1722 2346 1792 admi-

210 1827 583 1898 nistranda
624 1831 787 1924 Rep.
832 1831 1143 1898 Suetonii
1186 1826 1574 1920 Tranquilli
1606 1825 1694 1894 de
1731 1827 1940 1894 claris
1985 1828 2358 1916 Gramma·⁶

211 1939 369 2002 tici»-
408 1947 483 2001 et
515 1933 935 2003 Rhetoribus.
972 1933 1140 2001 Julii
1168 1931 1615 2024 obsequentis
1637 1932 2111 2027 prodigiorum
2155 1933 2341 2002 liber.

210 2043 285 2108 E
273 2039 561 2136 pistolae
580 2038 830 2109 decimi
854 2038 1012 2108 libri
1030 2037 1135 2106 ad
1162 2036 1538 2129 Trajanum
1552 2037 1942 2132 probantur
1971 2061 2118 2105 esse
2135 2040 2355 2108 Plinii

208 2151 284 2214 in
318 2151 631 2240 sequenti
648 2147 960 2241 epistola.
987 2143 1175 2214 Inibi
1202 2149 1409 2212 etiam
1446 2141 1615 2212 liber
1635 2141 1722 2212 de
1751 2147 1916 2211 viris
1943 2143 2334 2231 Muneribus,

208 2275 352 2320 non
398 2253 781 2347 Tranquilli
798 2305 820 2337 ,
878 2249 1007 2320 sed
1052 2251 1265 2319 Plinii
1304 2273 1452 2319 esse
1491 2248 1884 2318 ostenditur.
1930 2252 2006 2316 V
1993 2255 2232 2318 enetits
2269 2257 2341 2320 in

206 2357 417 2428 oedib.
452 2358 630 2429 Aldi
656 2374 726 2427 et
752 2357 1060 2428 Andr-ece
1090 2358 1395 2427 Asulani
1416 2361 1666 2441 soceri,
1703 2379 1930 2424 mense
1950 2356 2333 2427 Novembri.

208 2504 319 2517 —-
350 2468 455 2533 De
492 2464 617 2534 hac
646 2488 764 2532 sua
794 2463 1077 2532 editione
1114 2465 1251 2557 ipse
1291 2460 1499 2531 Aldus
1536 2474 1814 2530 testatur
1847 2464 1916 2530 in
1949 2460 2226 2556 epistola
2253 2465 2339 2532 ad

206 2568 531 2640 Aloisium
570 2570 988 2640 Mocenicum
1016 2622 1035 2656 ,
1084 2582 1454 2639 senatorem
1492 2569 1824 2637 Venetam
1858 2621 1877 2654 ‚
1928 2582 2170 2662 praesto
2217 2571 2340 2639 sihi

206 2676 411 2745 fuisse
439 2675 859 2745 membranas
890 2676 1199 2769 scriptas,
1236 2674 1415 2743 adeo
1441 2673 1718 2743 diversis·
1748 2697 1797 2742 a
1821 2680 2072 2743 nostris·
2100 2674 2340 2745 chara-

204 2782 503 2851 cteribus
520 2834 543 2868 ,
592 2796 671 2849 ut
705 2788 845 2851 nis-i
876 2786 1031 2875 quis
1067 2782 1185 2851 diu
1222 2784 1592 2849 assueverit
1611 2832 1631 2866 ,
1674 2802 1815 2848 non
1853 2795 2069 2874 queat
2095 2783 2332 2876 legere.

224 2936 245 2953 .
278 2937 297 2953 .
332 2936 353 2954 .
369 2891 507 2959 Est
542 2888 858 2958 volumen
890 2893 1111 2983 ipsum
1143 2909 1283 2955 non
1322 2886 1542 2955 solum
1581 2890 2136 2955 correctissimum
2155 2940 2177 2972 ,
2217 2890 2350 2958 sed

204 3000 421 3063 etiam
455 3000 557 3063 ita
601 2999 955 3088 antiquum
983 3045 1006 3080 ‚
1052 3008 1130 3060 ut
1149 3007 1392 3087 putem
1432 2995 1755 3085 scriptum
1787 2991 2002 3060 Plinii
2032 3002 2340 3087 tempori-

206 3100 353 3171 bus.
382 3146 403 3165 .
436 3148 455 3165 .
489 3148 507 3165 .
534 3098 689 3168 Tibi
721 3104 1046 3195 imprimis
1074 3096 1397 3167 habenda
1439 3110 1546 3163 est
1561 3096 1868 3190 plurima
1897 3101 2134 3190 gratia
2154 3150 2175 3182 ,
2224 3105 2332 3167 in.-

206 3208 389 3301 clyte
414 3206 678 3292 Aloisi‚
719 3211 843 3299 qui
865 3204 1223 3300 exemplar
1252 3208 1470 3298 ipsum
1503 3201 1944 3297 epistolarum
1970 3211 2344 3297 reportasti

205 3317 281 3381 in
322 3314 609 3382 Italiam
633 3365 656 3398 ,
704 3299 997 3407 miliique
1047 3309 1297 3379 dedisti
1317 3361 1340 3396 ‚
1400 3323 1478 3376 ut
1525 3330 1848 3377 excusum
1880 3306 2336 3402 publicarem.

204 3418 479 3489 Deinde
507 3417 815 3487 luc-undo
846 3420 1253 3485 Veronensi.
1287 3462 1306 3480 .
1341 3460 1359 3479 .
1372 3413 1569 3508 quod
1587 3412 1864 3481 easdem
1885 3410 2186 3483 Secundi
2205 3422 2340 3511 epi-

204 3527 431 3595 stolas
480 3523 574 3592 ab
613 3548 695 3592 eo
741 3530 891 3621 ipso
939 3523 1317 3617 exemplari
1350 3544 1401 3587 a
1441 3543 1516 3588 se
1561 3518 1942 3614 descriptas
1979 3522 2052 3587 in
2098 3522 2339 3591 Gallia

206 3630 569 3727 diligenter
586 3682 609 3716 ,
657 3644 731 3698 ut
738 3630 944 3721 facit
980 3634 1213 3697 omnia
1231 3679 1254 3713 ,
1290 3642 1361 3696 et
1385 3648 1518 3695 sex
1549 3626 1696 3694 alia
1722 3626 2075 3694 volumina
2096 3632 2339 3723 episto-

210 3738 433 3806 larum
465 3741 726 3832 partim
761 3758 973 3806 manu
1032 3739 1293 3829 scripta
1308 3786 1333 3820 ,
1358 3736 1622 3827 partim
1659 3735 1990 3825 impressa
2028 3733 2333 3826 quidem,

208 3842 339 3913 sed
344 3866 514 3912 cum
549 3846 851 3936 antiquis
882 3840 1149 3910 collata
1180 3836 1686 3935 exemplaribus
1706 3891 1728 3923 ,
1765 3836 1870 3905 ad
1898 3861 2006 3906 me
2035 3844 2184 3934 ipse
2207 3864 2338 3910 sua

209 3964 459 4044 sponte
474 3995 492 4014 .
526 3994 547 4013 .
579 3994 600 4013 .
615 3948 1082 4043 adportavetit
1104 3999 1126 4032 ‚
1183 3945 1387 4039 idque
1422 3944 1689 4013 biennio
1717 3958 1906 4012 -ante
1923 3995 1949 4028 ‚
2009 3968 2220 4039 quam
2263 3962 2342 4015 tu

213 4060 437 4152 ipsum
480 4054 646 4124 mila·
692 4052 1049 4148 exempla-r
1084 4049 1580 4148 publicandum
1637 4048 2056 4120 tradidisses.
2077 4098 2094 4115 .
2131 4100 2148 4116 .
2183 4100 2202 4116 .
2219 4054 2342 4126 Lc-

1871 4204 1999 4283 27·
