2857 4690
522 365 657 440 362
1082 373 1157 440 C.
1206 373 1556 443 PLINII
1605 374 2074 446 SECUNDI

514 491 711 600 pibus
728 555 749 592 ,
794 527 932 574 non
978 517 1238 575 tantum
1286 521 1439 602 post
1481 508 1656 603 ipsos
1701 507 2000 603 judicare
2058 533 2075 576 ε
2129 521 2468 602 postremo
2493 562 2515 596 ,
2571 524 2658 578 ut

515 610 967 704 experimento
1012 627 1526 707 cognosceretur
1545 667 1566 704 ,
1599 629 1666 686 et
1709 627 1862 684 ante
1903 639 2026 684 nos
2062 627 2315 709 gratos,
2357 613 2473 683 sed
2511 617 2655 684 mi·-

516 739 699 785 seros
742 715 977 806 fuisse3
1026 718 1265 813 quibus
1306 744 1450 790 esse
1488 744 1612 791 nos
1655 735 1879 817 gratos
1927 720 2212 816 probare
2261 735 2457 789 antea
2501 745 2652 790 non

444 830 477 889 4
516 819 715 892 licuit.
760 825 850 892 At
886 846 1019 918 qua
1058 827 1484 897 contentione
1500 879 1521 916 ,
1561 851 1694 922 quo
1733 827 1882 897 nisu
1897 879 1918 916 ,
1957 827 2195 922 quibus
2233 824 2651 897 clamoribus

516 927 1001 1023 expostulatum
1028 947 1164 1021 est,
1193 957 1278 1002 ne
1306 931 1588 1004 affectus
1617 948 1914 1019 nostroe,
1955 955 2042 1003 ne
2066 948 2182 1003 tua
2213 934 2452 1004 merita
2484 956 2650 1028 sup-

516 1030 863 1129 primet-es!
906 1033 1223 1133 denique,
1262 1053 1342 1108 ut
1382 1039 1451 1108 in
1491 1053 1830 1136 posterum
1869 1037 2172 1134 exemplo
2211 1031 2644 1134 provideres!

446 1151 479 1204 5
516 1139 795 1211 Discant
816 1156 885 1211 et
919 1143 1252 1239 principes
1286 1143 1792 1217 acclamationes
1817 1169 2008 1216 veras
2037 1144 2362 1240 falsasque
2394 1145 2650 1216 discer-

514 1269 707 1333 nere,
744 1247 1165 1346 habeantque
1200 1252 1496 1322 muneris
1539 1254 1674 1337 tui,
1713 1250 1891 1347 quod
1917 1253 2054 1347 jam
2088 1250 2304 1346 decipi
2342 1275 2484 1322 non
2519 1276 2645 1346 po-

514 1365 758 1423 terunt.
801 1355 959 1424 Non
998 1357 1458 1428 instruendum
1493 1356 1620 1427 illis
1653 1359 1780 1428 iter
1813 1358 1898 1427 ad
1925 1358 2168 1428 bonam
2203 1357 2490 1446 famam,
2525 1355 2645 1426 sed

514 1481 651 1528 non
705 1459 1189 1551 deserendum3
1242 1487 1380 1533 non
1430 1464 1882 1536 submovenda
1943 1462 2278 1548 adulatio,
2330 1461 2450 1533 sed
2503 1487 2644 1533 non

514 1563 890 1636 reducenda
919 1581 1058 1637 est:
1090 1583 1345 1639 certum
1373 1585 1513 1661 est,
1537 1579 1607 1640 et
1631 1595 1776 1666 quae
1804 1571 2057 1656 facere,
2085 1582 2154 1640 et
2179 1593 2324 1664 quat
2351 1569 2646 1638 debeant

446 1681 481 1731 6
512 1669 775 1761 audire,
812 1673 863 1742 si
894 1673 1158 1744 faciant.
1190 1675 1373 1766 Quid
1398 1701 1580 1747 nunc
1607 1701 1734 1772 ego
1761 1697 1960 1772 super
1985 1699 2062 1746 ea
2079 1698 2282 1771 ‚q'uae
2309 1699 2468 1745 sum
2485 1697 2644 1744 cum

512 1790 657 1846 toto
694 1793 926 1848 senatu
972 1796 1281 1876 precatus
1299 1835 1321 1872 ,
1364 1808 1490 1881 pro
1532 1798 1766 1853 senatu
1803 1807 2038 1880 precer
2052 1835 2073 1871 ,
2113 1782 2239 1851 nisi
2273 1795 2351 1850 ut
2391 1781 2646 1850 haereat

512 1885 735 1954 animo
787 1897 905 1955 tuo
962 1885 1273 1982 gaudium
1300 1943 1320 1974 ‚
1367 1888 1550 1985 quod
1589 1903 1752 1960 tunc
1795 1887 2003 1960 oculis
2043 1884 2421 1984 protulisti?
2463 1910 2646 1956 ames

510 1986 697 2058 illum
722 1989 895 2061 diem
912 2045 933 2081 ,
962 2007 1033 2062 et
1053 2008 1279 2064 tamen
1304 1996 1532 2067 vincas
1556 2021 1572 2064 ε
1596 2018 1774 2066 nova
1795 1996 2110 2066 merearis
2129 2047 2150 2083 ,
2173 2015 2350 2064 nova
2377 1991 2644 2078 audias-»3

512 2094 743 2165 eadem
782 2099 960 2168 enim
996 2099 1128 2170 dici
1143 2155 1163 2190 ‚
1207 2100 1333 2171 nisi
1366 2101 1456 2170 ob
1491 2101 1722 2171 eadem
1764 2101 1971 2192 facta,
2005 2124 2142 2170 non
2181 2113 2482 2196 possunt.

608 2205 921 2274 LXXVI.
959 2207 1001 2274 J
1000 2229 1107 2275 am
1144 2231 1345 2301 quam
1387 2207 1761 2303 antiquum,
1795 2229 2009 2327 quam·
2039 2202 2421 2293 consulare,
2459 2203 2640 2300 quod

512 2307 805 2380 triduum
845 2325 1059 2382 totum
1105 2327 1370 2385 senatus
1404 2314 1530 2384 sub
1571 2312 1873 2409 exemplo
1917 2313 2014 2383 tui
2055 2312 2254 2398 sedit,
2294 2334 2506 2406 quum
2543 2311 2642 2381 in-

445 2444 475 2478 ο
513 2429 693 2485 terea
717 2415 882 2485 nihil
916 2431 1158 2511 praeter
1182 2418 1522 2491 consulem
1551 2416 1807 2525 ageres!
1851 2418 2299 2513 Interrogavit
2325 2418 2644 2513 quisque,

512 2521 689 2615 quod
726 2520 1025 2617 placuit:
1059 2522 1403 2596 dissentire
1417 2576 1439 2612 ,
1470 2526 1807 2597 discedere
1820 2579 1841 2616 ,
1880 2540 1950 2596 et
1983 2526 2244 2620 copiam
2272 2522 2508 2619 judicii
2541 2524 2644 2593 sui

512 2626 887 2722 reipublicae
938 2627 1159 2699 facere
1174 2684 1195 2718 ‚
1250 2644 1470 2702 tutum
1526 2633 1724 2705 fuit.
1778 2630 2064 2751 consulti
2117 2654 2348 2700 omnes
2367 2682 2390 2719 ‚
2441 2642 2646 2724 atque

510 2818 565 2871 p.
587 2816 676 2867 9¹·
697 2800 753 2853 h.
774 2801 851 2855 De
872 2799 1067 2857 Grauis
1083 2802 1194 2859 vid.
1220 2804 1377 2859 etiem
1402 2805 1532 2859 Por-
1603 2809 1747 2877 jam,
1777 2816 1878 2859 etc.
1893 2804 2018 2859 Tibi
2037 2800 2421 2868 hocdebeant,
2443 2800 2544 2856 tihi
2563 2820 2648 2857 ae-

510 2879 1826 2958 non.adEnripid.Hecuh.1mvm.oeptum
1850 2884 2043 2952 serant.
2063 2884 2130 2937 E.

510 2956 599 3013 ed.
626 2978 731 3015 sec.
754 2960 811 3016 s.
1685 2970 1740 3019 6.
1759 2965 2195 3034 comprecatam
2219 2958 2544 3025 ostendisti,
2557 2957 2648 3013 de-

582 3039 637 3095 3.
664 3044 783 3093 Non
808 3054 999 3095 cannam
1018 3058 1135 3111 pose
1158 3043 1532 3113 ipsos.1’arum
1617 3044 1830 3100 clarenti
1854 3042 2123 3117 lacrymis.
2143 3042 2210 3096 Ε.

508 3115 615 3171 hoc
638 3118 915 3174 validum.
954 3120 1131 3177 adhuc
1155 3122 1299 3177 enim
1324 3122 1395 3177 de
1418 3124 1534 3179 solo
1686 3152 1758 3165 -
1777 3128 1951 3176 Amos.
1971 3160 1985 3174 .
2007 3160 2021 3175 .
2042 3125 2260 3175 minem.
2284 3119 2475 3175 Cum
2450 3136 2646 3193 1ιιιιιιιιι-

512 3196 743 3272 'IX-ajano
776 3200 1180 3257 acclamationes
1209 3203 1531 3275 publicata,
1615 3202 1782 3257 ditate
1795 3198 2090 3257 reem-detis
2104 3199 2434 3254 honoristihi
2453 3196 2644 3261 hahiti,

510 3273 653 3331 bono
684 3277 967 3351 principe,
1004 3292 1058 3335 et
1081 3280 1151 3335 td
1173 3282 1387 3337 landem
1418 3284 1534 3355 ejus
1617 3282 1958 3354 etamplioree
1971 3280 2044 3347 ,si
2057 3278 2644 3352 fieripoesit,mereare2

510 3356 847 3427 pertinentes.
875 3358 1069 3413 Parum
1102 3374 1285 3436 postea
1322 3378 1535 3435 quoque
1616 3361 1720 3416 hoe
1745 3361 1886 3415 enim
1900 3363 2190 3416 estvinem
2205 3362 2344 3411 illm
2359 3360 2518 3419 diem,
2533 3367 2639 3411 etc.

511 3451 671 3489 ausus
708 3448 787 3491 est
821 3436 876 3491 in
912 3440 1015 3495 hoc
1047 3458 1239 3513 genere
1276 3453 1491 3495 senatus
1515 3476 1534 3507 ,
1617 3439 1688 3494 G.

511 3524 695 3569 contra
707 3515 858 3571 vivos
880 3518 1450 3590 quidemetflorentes.
1462 3519 1534 3575 G.
1688 3518 1935 3574 Lxxvl.
1981 3534 2031 3571 ι.
2070 3518 2304 3568 manum
2355 3528 2537 3567 totum.
2579 3513 2644 3566 ln

510 3597 809 3659 -Graeos,
830 3601 921 3649 sed
936 3600 1153 3653 miseros.
1172 3598 1287 3653 Hoc
1302 3599 1371 3654 ad
1388 3599 1538 3673 prin-
1619 3616 1802 3653 mussa
1837 3596 1996 3652 Marii
2039 3594 2227 3649 Pri-ci.
2271 3592 2382 3648 vid.
2419 3592 2524 3665 Ep.
2550 3592 2646 3657 Π,

511 3672 655 3747 cipes
696 3676 881 3731 resen-i
932 3697 1043 3732 non
1086 3689 1290 3751 potest,
1326 3678 1421 3734 sed
1465 3678 1536 3738 ad
1626 3696 1721 3741 ιι,
1751 3678 1836 3732 18.
1858 3676 1927 3730 G.
1960 3704 2036 3719 --
2061 3676 2402 3742 salvatamen
2430 3674 2524 3725 αεὶ.
2557 3668 2646 3723 ΑΙ.

511 3750 643 3807 alios
672 3754 809 3811 bene
842 3754 913 3809 de
948 3768 1133 3811 senatu
1162 3759 1399 3814 meritos.
1424 3757 1532 3812 sed
1620 3773 1739 3820 mo,
1773 3754 1920 3829 quod
1948 3752 2180 3829 pretulit
2203 3749 2490 3823 Gierigius.
2523 3748 2648 3803 Non

512 3842 688 3888 tamen
706 3834 925 3889 fort-ue
938 3836 1043 3892 hoc
1062 3838 1203 3891 vult.
1224 3856 1333 3892 non
1344 3838 1537 3892 habui-
1622 3836 1816 3891 imiter.
1833 3836 1888 3892 S.

513 3928 633 3967 mne
646 3913 972 3970 occasionem
982 3916 1297 3973 ostendendi
1309 3936 1407 3972 nos
1422 3936 1537 3990 gra·
1697 3936 1747 3970 a.
1760 3916 2034 3968 Discedam
2043 3912 2166 3967 Non
2181 3908 2400 3984 quidem
2415 3926 2448 3961 e
2459 3906 2611 3961 curia
2627 3924 2642 3959 ε

510 4000 611 4046 tos.
632 3990 704 4045 G.
1624 3994 1718 4051 ned
1759 3992 1982 4067 pedihus
2027 3992 2104 4046 ire
2149 3991 2208 4044 in
2242 3988 2384 4042 hanc
2429 3987 2648 4040 illamve

584 4070 637 4123 5.
670 4074 995 4141 flebantque
1016 4078 1223 4129 mamis
1262 4080 1338 4129 eui
1360 4114 1377 4141 ,
1404 4081 1543 4146 quod
1627 4074 1954 4131 sententiam.
1991 4072 2092 4128 Cui
2131 4068 2362 4125 libertati
2393 4084 2520 4121 mox
2545 4084 2648 4144 op·
