2857 4690
929 400 1459 470 EPISTOLA
1507 402 1608 470 II.
2301 403 2344 474 3

224 526 463 595 laudes·
512 527 747 619 Itaque
788 524 1099 592 omnibus
1134 524 1436 618 quidem,
1475 551 1558 594 ne
1595 528 1745 621 quis
1781 525 1942 594 mihi
1975 549 2113 594 non
2145 528 2346 597 dona·
2383 543 2412 595 3

222 651 321 706 tus
345 637 599 720 abiret,
635 651 891 728 partem
928 650 1230 704 octavam
1271 637 1506 729 pretii,
1537 661 1670 732 quo
1699 638 1847 733 quis
1875 653 2161 724 emerat,
2185 664 2343 708 con·

222 748 371 817 cessi
426 775 441 816 :
488 747 726 816 deinde
779 747 893 832 iis,
934 747 1050 840 qui
1092 745 1530 841 amplissimas
1573 773 1862 816 summas
1894 741 2343 842 emptionibus

222 872 742 954 occupaverant,
776 859 1129 980 separatim
1162 855 1504 925 consului:
1537 882 1690 925 nam
1713 872 1779 925 et
1799 883 1904 925 me
1923 859 2135 951 magis
2147 859 2340 951 juve-

218 985 400 1056 rant,
439 985 512 1037 et
550 969 764 1062 majus
799 967 926 1061 ipsi
965 967 1259 1036 fecerant
1291 967 1635 1036 damnum.
1669 969 1927 1062 Igitur
1911 969 2168 1064 1is,qui
2199 967 2342 1063 plu·
2382 977 2412 1031 4

218 1081 333 1164 ris,
368 1105 577 1202 quam
610 1079 841 1148 decem
872 1076 1165 1147 millibus
1198 1083 1530 1160 emerant,
1559 1078 1643 1146 ad
1675 1077 1854 1146 illam
1887 1102 2343 1163 communem,

220 1204 289 1258 et
304 1181 492 1284 quasi
524 1189 859 1284 publicam
890 1203 1221 1272 octavam,
1249 1186 1475 1256 addidi
1503 1187 1828 1256 decimam
1863 1189 2004 1282 ejus
2037 1213 2343 1274 summae,

217 1325 352 1394 quae
387 1300 621 1370 decem
660 1299 866 1368 millia
908 1313 1293 1367 excesserat.
1340 1301 1634 1384 Vereor,
1680 1324 1764 1366 ne
1797 1323 2033 1393 parum
2073 1324 2336 1394 expres·
2381 1315 2410 1361 5

219 1397 441 1498 serim3
490 1413 785 1504 apertius
840 1410 1127 1479 calculos
1182 1409 1551 1478 ostendam.
1595 1411 1664 1479 Si
1703 1411 1814 1504 qui
1859 1409 2032 1488 forte
2067 1410 2342 1506 quinde-

218 1521 337 1587 cim
374 1519 673 1588 millibus
708 1534 1043 1602 emerant,
1082 1519 1152 1587 hi
1187 1533 1253 1587 et
1282 1519 1658 1613 quindecim
1687 1518 1964 1588 millium
1994 1535 2334 1610 octavam,

218 1643 277 1697 et
316 1633 617 1724 quinque
654 1628 938 1698 millium
986 1629 1311 1697 decimam
1354 1628 1674 1699 tulerunt.
1705 1634 1953 1699 Praeter
1985 1655 2090 1719 ea,
2127 1657 2336 1726 quum
2375 1642 2408 1689 6

218 1757 591 1834 reputarem
609 1739 930 1834 quosdam
948 1765 1027 1808 ex
1046 1739 1271 1809 debito
1287 1739 2057 1836 aliquantum,quosdam
2069 1740 2339 1838 aliquid,

214 1851 527 1942 quosdam
566 1851 733 1920 nihil
770 1852 1139 1944 reposuisse
1162 1903 1181 1938 ,
1218 1876 1641 1947 nequaquam
1668 1877 1900 1922 verum
1928 1853 2337 1940 arbitrabar,

217 1986 367 2054 quos
394 1987 535 2031 non
563 1977 884 2056 aequasset
914 1961 1075 2030 fides
1104 1961 1486 2046 solutionis,
1522 1962 1643 2029 hos
1667 1951 2081 2056 benignitate
2108 1965 2335 2032 remis-

214 2073 405 2142 sionis
439 2075 714 2168 aequari.
750 2075 1009 2140 Rursus
1044 2097 1212 2167 ergo
1241 2073 1358 2160 iis,
1393 2073 1508 2166 qui
1547 2070 1915 2157 solverant,
1952 2072 2123 2163 ejuS,
2154 2072 2334 2166 quod
2374 2077 2404 2130 7

215 2182 569 2270 solverant,
605 2183 929 2251 decimam
964 2185 1223 2251 remisi:
1265 2207 1385 2276 per
1422 2183 1551 2250 hoc
1583 2183 1762 2249 enim
1797 2182 2132 2275 aptissime
2167 2197 2234 2250 et
2266 2167 2335 2250 iri

214 2295 613 2387 praeteritum
651 2292 961 2387 singuliS,
999 2317 1123 2388 pro
1155 2295 1480 2388 cujusque
1515 2293 1782 2377 merit0,
1820 2293 2032 2387 gratia
2069 2293 2335 2380 referri,

213 2417 273 2470 et
310 2404 377 2472 in
423 2404 729 2475 futurum
766 2428 995 2472 omnes
1030 2426 1246 2497 quum
1280 2404 1363 2471 ad
1406 2404 1798 2489 emendum,
1835 2418 1978 2471 tum
2020 2405 2220 2473 etiam
2249 2405 2336 2473 ad

212 2512 593 2583 solvendum
636 2513 809 2583 allici
846 2513 1265 2582 videbantur.
1304 2516 1556 2609 Magno
1595 2514 1760 2581 mihi
1799 2536 1914 2582 seu
1951 2516 2122 2583 ratio
2159 2516 2334 2601 haec,
2369 2524 2401 2576 8

212 2646 317 2691 seu
364 2624 648 2694 facilitas
698 2626 881 2693 stetit
925 2650 940 2692 ε
984 2623 1100 2692 sed
1138 2622 1265 2692 fuit
1304 2626 1519 2701 tanti:
1569 2648 1727 2692 nam
1770 2626 2043 2719 regione
2089 2640 2229 2695 tota
2264 2644 2332 2699 et

214 2738 459 2805 novitas
510 2737 917 2805 remissionis
970 2750 1037 2803 et
1081 2735 1297 2803 forma
1350 2734 1684 2804 laudatur.
1741 2740 1842 2805 Ex
1895 2736 2053 2829 ipsis
2090 2716 2323 2824 etiam,

212 2868 365 2937 quos
400 2868 541 2915 non
586 2868 749 2935 una,
792 2860 865 2914 ut
908 2846 1193 2931 dicitur,
1240 2845 1535 2939 pertica,
1578 2845 1690 2915 sed
1734 2844 2044 2917 distincte
2087 2849 2327 2941 grada-

215 2956 451 3050 timque
482 2958 796 3045 tractavi,
816 2971 1070 3052 quanto
1098 2957 1249 3051 quis
1280 2956 1516 3025 melior
1539 2971 1606 3024 et
1627 2956 1935 3050 probior,
1955 2971 2143 3026 tanto
2163 2960 2330 3033 mihi

1378 3152 1432 3202 6.
1450 3152 1745 3216 Reposue'sse.
1761 3149 2005 3203 Solvisse.
2022 3150 2243 3213 Seneca,
2263 3150 2331 3205 de

1308 3228 1488 3281 Benef.
1509 3226 1610 3293 IV,
1630 3228 1692 3282 32
1721 3247 1734 3282 :
1761 3234 1868 3298 Ego
1896 3233 2021 3298 quid
2033 3234 2114 3280 cui
2130 3234 2331 3281 debeam

210 3148 437 3204 Ciceroni
456 3150 651 3204 Pan-ad.
672 3150 729 3201 11
747 3192 761 3217 ‚
790 3162 843 3203 et
861 3149 1087 3204 derisam
1110 3168 1211 3221 pro

208 3226 421 3285 Murena
435 3270 451 3295 ,
470 3252 522 3285 c.
544 3248 629 3299 ²9-
652 3228 765 3282 Hoc
785 3228 899 3281 vult
915 3270 930 3295 ‚
954 3230 1033 3281 Ex
1050 3246 1210 3299 parva

208 3326 261 3361 re
280 3324 418 3364 recte
442 3309 809 3363 administrata
842 3326 990 3381 aeque
1018 3324 1210 3379 magna

208 3386 311 3441 laus
332 3388 554 3443 debetur
578 3388 799 3442 auctori.
820 3387 890 3440 G.

272 3466 317 3519 3.
346 3474 422 3520 Ne
434 3473 547 3537 quis
573 3470 715 3527 mihi,
743 3478 843 3521 etc.
868 3466 1135 3539 Expressit
1159 3477 1211 3519 et

208 3542 611 3620 hicvirgilimn:
635 3546 743 3600 vid.
769 3549 892 3599 AEu.
910 3548 982 3609 V,
1010 3546 1131 3600 305.
1154 3546 1207 3599 S.

208 3626 494 3681 —Solenne
519 3639 598 3680 est
614 3624 717 3680 hoc
730 3645 887 3680 sensu
908 3624 1044 3677 abire
1053 3648 1074 3687 ;
1088 3643 1212 3677 mox

206 3705 239 3770 s
244 3704 273 3755 8
282 3710 541 3776 obligatior
546 3710 690 3769 abiie;
702 3706 772 3758 sic
780 3718 830 3757 et
839 3708 1098 3758 discedere.
1108 3704 1207 3756 En.

206 3810 267 3822 —-
287 3790 662 3855 occupaverant.
696 3812 717 3833 ιι
734 3790 983 3853 Occupat-e
1001 3784 1209 3857 elegan-

206 3870 275 3913 ter
288 3863 483 3919 dicitur
498 3865 567 3919 de
584 3865 811 3937 pecunia
826 3903 841 3929 ,
861 3863 977 3936 qum
1001 3877 1091 3918 aut
1110 3866 1207 3917 suh

208 3943 363 3996 usuris
387 3945 701 4009 collocatur,
730 3956 822 3996 aut
846 3962 943 4015 pro
966 3964 1073 4017 qua
1094 3963 1205 3996 me-

208 4019 524 4091 callifodinae,
549 4024 701 4095 agri,
730 4034 829 4077 etc.
854 4036 1121 4088 emuntur,
1148 4033 1207 4075 ut

207 4098 387 4171 aliquid
406 4102 537 4156 lucri
557 4115 610 4156 et
629 4100 828 4156 reditus
848 4101 1195 4157 habeamus).-

206 4176 340 4234 clav.
365 4181 477 4237 Cic.
498 4182 557 4237 S·

1306 3312 1405 3360 seio
1414 3349 1434 3371 ,
1466 3310 1579 3360 aIiIs
1602 3324 1716 3376 post
1738 3312 1932 3379 longam
1961 3313 2090 3359 diem
2117 3328 2327 3375 repono,

1306 3394 1419 3441 aliis
1439 3394 1488 3440 ἰπ
1507 3404 1805 3440 antecessum
1817 3427 1834 3451 ,
1858 3400 1958 3441 etc.
1976 3386 2030 3439 S.
2046 3416 2116 3427 —
2129 3392 2329 3455 Nequa-

1307 3488 1459 3537 quam
1493 3487 1679 3519 verum.
1711 3470 1826 3519 Jam
1867 3464 2197 3519 advocarunt
2229 3466 2326 3521 viri

1307 3548 1452 3602 docti
1477 3547 1826 3599 Horatiauum
1850 3544 1980 3597 illud
2008 3547 2157 3617 epist.
2185 3547 2213 3598 1
2231 3586 2246 3611 ,
2272 3566 2326 3617 7,

1309 3640 1415 3681 ext.
1435 3630 1604 3679 Metiri
1618 3647 1669 3677 se
1687 3645 1924 3693 quemque
1940 3644 2028 3676 suo
2045 3630 2242 3678 modulo
2265 3648 2328 3679 ao

1298 3711 1431 3775 pede
1463 3726 1635 3757 verum
1671 3720 1759 3756 est.
1794 3704 2006 3776 Reliqua
2047 3702 2236 3759 damus
2270 3706 2326 3765 in

1304 3784 1696 3839 Lexicls.G.-
1715 3790 1889 3835 Verum
1915 3784 2021 3837 dici
2043 3803 2252 3858 aequum
2275 3796 2328 3838 et

1297 3866 1500 3940 justum
1516 3864 1666 3916 multi
1682 3866 1732 3917 et
1749 3862 1985 3918 hocloco
2003 3876 2328 3918 monuerunt

1303 3958 1355 3999 et
1386 3944 1455 3999 ad
1489 3944 1615 3997 alios
1648 3956 1920 4009 auctores,
1959 3956 2016 3996 ut
2049 3946 2227 3998 Davis.
2253 3944 2324 3999 ad

1304 4026 1417 4078 Cic.
1436 4022 1603 4076 Acad.
1627 4024 1703 4087 11,
1724 4030 1787 4091 63
1808 4024 1969 4076 Prisc.
1989 4024 2193 4077 xvnl.
2216 4026 2315 4095 Eo.
2370 4027 2388 4041 ”

1374 4105 1423 4156 8.
1469 4105 1662 4153 Per-tica
1707 4102 1891 4156 eadem
1907 4143 1922 4170 ,
1960 4120 2076 4174 quae
2115 4102 2322 4157 decem·

1302 4180 1434 4253 peda
1455 4220 1471 4247 ‚
1497 4181 1748 4236 metiendi
1769 4182 2192 4235 instrumentum.
2214 4184 2317 4235 En.

1859 4290 2014 4333 ,Ἡ
