2857 4690
491 345 582 426 42
1054 342 1131 408 C.
1189 340 1537 409 PLINII
1584 342 1782 409 LIB.
1835 340 2062 408 VIII.

491 464 576 533 ab
613 462 795 531 omni
831 460 1034 530 latere
1072 462 1516 557 perspicitur:
1554 460 1785 531 eadem
1818 486 1991 556 aqua
2029 462 2278 557 pariter
2309 488 2637 557 suspensa

491 589 556 642 et
593 596 831 641 mersa.
875 571 1220 641 Interdum
1251 572 1501 665 junctae
1538 573 1994 666 copulataeque
2032 588 2101 641 et
2134 576 2507 645 continenti
2546 578 2637 645 si-

489 681 677 751 miles
721 698 917 768 sunt3
961 680 1296 750 interdum
1341 681 1877 752 discordantibus
1918 684 2133 753 ventis
2168 685 2571 781 digeruntur
2610 712 2631 755 τ

486 816 974 886 nonnunquam
1027 790 1357 861 destitutae
1382 846 1402 877 ,
1446 792 1967 888 tranquillitate,
2014 795 2289 891 singulae
2331 796 2629 867 fluitant.

421 927 453 978 7
485 904 676 996 Saepe
710 902 1002 970 minores
1033 902 1435 997 majoribuS,
1459 903 1637 972 velut
1668 904 1993 998 cymbulae
2020 907 2382 992 onerariis,
2406 907 2631 977 adhae-

484 1027 789 1099 rescunt3
829 1036 999 1107 saepe
1037 1012 1212 1081 inter
1244 1038 1314 1082 se
1349 1015 1635 1107 majores
1670 1015 2095 1109 minoresque
2123 1017 2311 1110 quasi
2350 1041 2631 1087 cursum

485 1138 954 1217 certamenque
981 1122 1378 1211 desumunt;
1417 1148 1648 1198 rursus
1676 1148 1907 1195 omnes
1944 1126 2013 1193 in
2054 1126 2359 1195 eumdem
2403 1125 2627 1195 locum

483 1234 777 1328 appulsae
795 1287 816 1318 ,
843 1259 984 1326 qua.
999 1248 1325 1303 steterunt
1344 1286 1362 1318 ‚
1391 1249 1788 1329 promovent
1818 1251 2101 1323 terram,
2132 1251 2199 1305 et
2229 1235 2431 1306 modo
2458 1236 2627 1322 hac,

485 1343 690 1413 modo
721 1343 909 1431 illac,
945 1344 1162 1414 lacum
1197 1343 1485 1415 reddunt
1514 1346 2000 1440 auferuntque3
2026 1372 2104 1417 ac
2137 1362 2279 1417 tum
2311 1348 2583 1416 demum
2604 1401 2627 1435 ,

415 1476 448 1529 8
485 1480 694 1550 quum
730 1455 1026 1525 medium
1065 1470 1338 1525 tenuere
1360 1509 1379 1543 ,
1409 1480 1547 1524 non
1576 1458 2001 1526 contrahunt.
2030 1460 2347 1544 Constat,
2379 1478 2627 1551 pecora

483 1566 724 1635 herbas
767 1581 1089 1659 sequuta,
1137 1567 1231 1635 sic
1272 1567 1342 1634 in
1389 1564 1677 1651 insulas,
1712 1582 1789 1635 ut
1834 1568 1899 1634 in
1952 1582 2317 1637 extremam
2359 1568 2624 1661 ripam,

481 1675 842 1771 procedere
867 1677 1110 1764 solere,
1133 1702 1256 1747 nec
1276 1680 1465 1772 pri‘us
1488 1676 1858 1773 intelligere
1882 1677 2127 1747 mobile
2151 1676 2362 1746 solum
2378 1731 2398 1765 ‚
2416 1700 2624 1771 quarn

480 1785 675 1856 litore
709 1788 1023 1882 abrepta,
1043 1788 1246 1883 ⁸quasi
1287 1787 1465 1857 illata
1496 1803 1564 1856 et
1597 1788 1946 1882 imposita,
1972 1788 2449 1857 circumfusum
2485 1813 2626 1856 un-

481 1896 682 1993 dique
715 1897 932 1966 lacum
964 1913 1244 1993 pavent3
1269 1923 1425 1966 mox
1455 1923 1589 1993 quo
1627 1897 1857 1967 tulerit
1892 1913 2129 1966 ventus
2160 1922 2455 1993 egressa,
2480 1922 2623 1966 non

477 2011 690 2105 magis
727 2034 796 2077 se
829 2007 1244 2080 descendisse
1276 2010 1551 2093 sentire,
1598 2033 1801 2103 quam
1844 2008 2173 2077 senserint
2220 2007 2621 2079 ascendisse.

409 2132 442 2182 9
479 2120 664 2189 Idem
713 2118 895 2189 lacus
941 2121 1012 2187 in
1063 2120 1312 2189 flumen
1361 2122 1699 2214 egeritur3
1740 2117 1923 2212 quod
1972 2118 2089 2185 ubi
2140 2142 2208 2186 se
2258 2116 2627 2213 paullisper

481 2229 692 2299 oculis
719 2228 934 2314 dedit,
964 2253 1166 2323 specu
1194 2228 1560 2324 mergitur,
1591 2228 1853 2322 alteque
1884 2226 2228 2297 conditum
2262 2244 2435 2297 meat
2462 2255 2477 2296 ε
2508 2254 2623 2314 ac,

483 2343 536 2410 si
574 2340 958 2435 quid‚‚ante
992 2364 1194 2434 quam
1231 2338 1752 2426 subduceretur,
1783 2340 2080 2434 accepit,
2116 2356 2337 2409 servat
2368 2355 2436 2408 et
2471 2364 2625 2434 pro-

549 2548 602 2596 6.
629 2545 820 2596 Eadem
840 2561 1018 2609 aqua..
1030 2581 1041 2593 .
1058 2561 1233 2592 mersa.
1251 2540 1497 2594 Gennina

479 2623 590 2674 hoec
607 2622 784 2686 lectio,
803 2621 889 2675 cui
903 2621 1107 2674 oraculi
1123 2621 1348 2674 medicei
1369 2621 1499 2673 effa-

479 2712 592 2753 tum
618 2701 851 2773 praeferri
873 2721 981 2754 non
1003 2700 1246 2754 debebat.
1275 2702 1496 2754 Sensus:

479 2779 628 2834 radix
650 2781 717 2833 ita
743 2799 914 2834 mersa
937 2791 1015 2834 est
1037 2797 1177 2852 aqua
1195 2817 1212 2844 ,
1239 2791 1298 2833 ut
1317 2791 1498 2832 tamen

481 2859 636 2912 simul
668 2860 884 2930 (eadem
921 2863 1088 2931 aqua)
1126 2877 1378 2930 suspensa
1411 2860 1495 2912 sit.

479 2941 636 2994 Errat
671 2940 878 2996 eonius
922 2939 990 2992 de
1027 2938 1205 2992 radice
1245 2939 1348 2991 alia
1385 2957 1500 2992 sus·

481 3041 643 3094 pensa
664 3060 679 3086 ‚
701 3021 803 3075 alia
831 3039 1002 3076 mersa
1021 3019 1272 3091 cogitans.
1301 3020 1354 3073 S.

551 3131 624 3142 —-
655 3106 926 3152 Destitueae.
971 3101 1224 3151 Destitutoe
1260 3117 1292 3152 a
1331 3099 1501 3151 ventis

481 3181 754 3247 nimirum,
778 3183 1152 3248 tranquillitate,
1175 3195 1342 3251 quum
1360 3189 1501 3231 tran-

482 3261 714 3334 quillitas
757 3272 835 3313 est
878 3279 892 3312 ε
940 3261 1115 3331 itaque
1156 3257 1500 3311 incidendum

483 3342 664 3393 curavi
683 3351 802 3411 post
827 3351 1112 3410 utrumqne
1137 3338 1392 3402 verbum,
1413 3345 1499 3391 'ne

485 3419 602 3491 quis
626 3420 834 3491 jungat.
863 3417 932 3471 G.

555 3517 605 3568 7.
655 3502 856 3548 Cursum
901 3512 1255 3565 certamenque.
1302 3489 1366 3553 ἐν
1407 3497 1500 3553 διὰ

483 3575 651 3632 Bootae:
679 3595 866 3630 cursus
895 3587 1175 3630 certamen.
1203 3578 1258 3630 S.
1286 3607 1357 3617 -—
1373 3583 1499 3629 Pro-

485 3671 676 3709 movene
701 3671 898 3708 terram.
927 3655 1228 3709 Producant
1255 3669 1306 3709 et
1331 3659 1501 3710 conti-

484 3749 653 3788 nuant
687 3747 878 3789 terram
905 3737 1260 3788 continentem
1283 3774 1297 3798 ,
1332 3755 1501 3808 quum

483 3815 626 3868 litori
643 3815 790 3868 lacus
808 3814 1094 3869 adhaerent.
1111 3815 1252 3870 Tum
1271 3826 1322 3868 et
1339 3819 1502 3866 lacum

487 3897 729 3964 aaefiaerunt.
762 3895 1021 3948 Eumdcm
1053 3906 1226 3947 autem
1257 3897 1497 3956 reddum,

487 3993 652 4046 quum
681 3993 712 4027 a
738 3974 888 4030 litore
913 3973 1172 4028 recedunt
1191 4012 1205 4038 ,
1235 3985 1294 4026 ut
1325 3973 1380 4025 in
1412 3993 1502 4027 eo-

485 4073 609 4107 rum
646 4056 822 4108 locum
859 4073 1000 4126 aqua
1039 4053 1207 4106 cedat.
1245 4053 1414 4106 Etiam
1446 4053 1501 4106 in

486 4132 589 4189 hac
610 4133 833 4207 epistola
858 4134 1058 4188 Plinius
1087 4151 1197 4188 non
1219 4131 1380 4186 modo
1406 4131 1501 4188 de-

1594 2540 1857 2596 scribendi
1892 2541 2200 2608 veritatem,
2238 2541 2329 2594 sed
2366 2556 2419 2595 et
2449 2555 2623 2596 artem

1594 2632 1842 2674 sectatur.
1872 2623 2047 2675 Locus
2072 2639 2292 2693 sequens
2323 2621 2391 2674 de
2416 2623 2623 2692 pecori-

1592 2701 1737 2754 bus'
1723 2719 1779 2753 iu
1813 2701 2009 2754 insulas
2034 2700 2220 2754 delatis
2247 2719 2311 2754 ex
2338 2701 2524 2767 litore,
2560 2702 2621 2754 in

1595 2780 1767 2833 verbis
1808 2791 1859 2834 et
1900 2781 2170 2833 sententiis
2212 2781 2619 2852 exquisitiores,

1598 2877 1757 2931 quam
1784 2879 1883 2932 pro
1904 2862 2207 2914 narratione
2230 2860 2319 2911 tali
2343 2898 2358 2923 ,
2388 2859 2543 2914 flores
2564 2871 2623 2914 et

1597 2939 1801 2993 colores
1833 2939 2011 2992 habet.
2048 2941 2111 2992 In
2150 2939 2229 2993 his
2264 2939 2457 2994 talibus
2484 2939 2621 2993 locis

1598 3020 1795 3072 tirones
1820 3019 2139 3072 immorandi
2160 3030 2283 3072 sunt
2296 3059 2311 3083 ,
2336 3020 2621 3091 [tironibus

1597 3098 1987 3153 immorandum
2008 3101 2125 3172 est‚]
2150 3111 2208 3152 ut
2226 3099 2429 3154 discant
2448 3113 2620 3154 artem

1600 3190 1651 3230 et
1678 3181 1913 3250 argutias
1940 3193 1992 3234 et
2019 3180 2260 3233 acumina
2290 3197 2535 3242 noscere,
2564 3195 2622 3232 et

1596 3277 1629 3311 a
1646 3272 1789 3313 recta
1812 3261 2015 3314 ratione
2050 3271 2101 3312 et
2130 3257 2353 3329 simplici
2382 3256 2619 3316 dictione

1598 3336 1935 3411 distinguere.
1966 3339 2029 3390 E.
2062 3370 2133 3379 --
2154 3341 2267 3388 Non
2300 3341 2617 3394 coner-altune.

1597 3419 1659 3470 In
1688 3435 2023 3490 quacumque
2055 3427 2205 3488 parte
2240 3415 2405 3471 titonia
2440 3416 2619 3472 adho—

1596 3509 1799 3552 rescant
1826 3495 2007 3549 insula!
2022 3537 2037 3560 ,
2067 3493 2155 3546 ina
2176 3507 2325 3565 parte
2348 3496 2517 3550 minui
2542 3499 2619 3551 vi-

1598 3577 1750 3632 detur
1772 3576 1918 3628 lacus
1934 3614 1949 3638 ‚
1990 3573 2213 3645 produci
2240 3587 2289 3628 et
2315 3579 2617 3647 promoveri

1598 3657 1889 3710 continens.
1906 3655 2095 3727 Itaque
2115 3667 2227 3708 tum
2246 3654 2389 3710 lacus
2406 3655 2618 3712 videtur

1596 3735 1855 3788 maximus
1874 3772 1890 3799 ,
1941 3751 2109 3806 quum
2147 3753 2331 3787 versus
2373 3749 2615 3790 centrum

1598 3815 1740 3868 illius
1776 3827 1969 3868 coactas
1994 3814 2177 3868 insule
2196 3854 2211 3877 ,
2250 3817 2393 3887 ripas
2428 3816 2481 3868 in
2510 3817 2615 3869 cir-

1598 3894 1743 3948 cuitu
1796 3893 2107 3965 relinquunt
2158 3894 2368 3949 liberas.
2416 3897 2615 3948 Intem-

1598 3974 1797 4048 pestive
1835 3974 1993 4047 igitur
2031 3975 2360 4048 negationem
2397 3971 2615 4046 quidam

1598 4053 1945 4110 omittendam
1971 4071 2239 4110 censuere.
2270 4053 2337 4106 G.

1670 4135 1723 4188 8.
1752 4141 1955 4191 Pavent.
1982 4135 2193 4190 Cottius
2222 4145 2273 4189 et
2296 4131 2557 4205 Gierigius
2584 4155 2614 4188 e
