2857 4690
492 335 631 406 316

1052 342 1127 409 C.
1179 342 1531 411 PLINII
1581 344 2052 413 SECUNDI

486 460 759 529 nomine
796 460 1075 531 Caesaris
1119 462 1347 531 tabula
1394 466 1628 559 ingens
1678 490 1902 533 rerum
1939 462 2308 553 venalium3
2345 491 2484 559 quo
2533 468 2617 535 sit

489 569 877 642 detestanda
904 574 1181 642 avaritia
1224 572 1440 661 illius,
1479 577 1598 669 qui
1639 590 1774 643 tam
1813 576 2024 646 multa
2051 576 2568 670 concupiscebat
2593 632 2614 662 ‚

488 708 695 776 quum
730 682 1007 753 haberet
1050 707 1460 778 supervacua
1498 699 1634 754 tam
1673 684 1904 755 multa.
1932 688 2122 755 Tunc
2157 684 2442 755 exitialis
2477 701 2618 755 erat

488 793 669 887 apud
698 794 1069 888 principem
1096 846 1119 883 ‚
1169 795 1327 864 huic
1370 792 1584 864 laxior
1623 794 1860 865 domus
1885 849 1906 883 ‚
1947 793 2042 864 illi
2079 796 2410 864 amoenior
2439 794 2616 863 villa.

418 919 453 968 6
490 906 689 974 Nunc
734 904 1045 999 princeps
1080 905 1149 973 in
1178 904 1319 973 haec
1347 904 1578 973 eadem
1608 904 1914 977 dominos
1949 907 2222 998 quaerit,
2249 905 2390 998 ipse
2418 903 2622 973 indu—

488 1014 617 1085 cit:
658 1013 835 1108 ipsos
862 1012 1013 1085 illos
1049 1016 1275 1109 magni
1316 1013 1676 1110 aliquando
1703 1015 2128 1109 imperatoris
2157 1014 2425 1100 hortos,
2453 1012 2618 1082 illud

492 1151 839 1220 nunquam
880 1127 1009 1195 nisi
1049 1127 1327 1197 Caesaris
1378 1125 1884 1212 suburbanum,
1943 1124 2258 1213 ficemur,
2303 1125 2622 1207 emimus,

490 1234 863 1330 implemus,
910 1240 1129 1307 Tanta
1188 1236 1566 1331 benignitas
1628 1236 1949 1331 principis
1987 1289 2008 1321 ‚
2059 1250 2246 1305 tanta
2303 1235 2622 1305 securitas

492 1363 870 1442 temporum
910 1363 1045 1433 est,
1086 1362 1165 1419 ut
1210 1347 1323 1417 ille
1363 1372 1488 1417 nos
1528 1344 2010 1442 principalibus
2050 1344 2247 1415 rebus
2291 1344 2622 1413 existimet

490 1456 770 1554 dignoS,
806 1484 929 1527 nos
984 1484 1123 1527 non
1172 1459 1526 1527 timeamus
1557 1510 1578 1545 ,
1627 1456 1810 1552 quod
1869 1456 2054 1551 digni
2109 1480 2250 1525 esse
2293 1455 2618 1525 videmur.

424 1594 457 1645 7
492 1569 635 1637 Nec
670 1593 827 1636 vero
864 1568 1127 1638 emendi
1150 1582 1413 1637 tantum
1433 1568 1691 1637 civibus
1727 1568 1861 1636 tuis
1897 1567 2158 1661 copiam
2195 1566 2484 1660 praebeS‚
2511 1564 2622 1635 sed

490 1680 937 1748 amoenissima
962 1703 1242 1775 quaeque
1260 1677 1524 1773 largiris
1545 1693 1610 1747 et
1637 1677 1879 1757 donas:
1906 1678 2031 1765 ita,
2053 1677 2364 1772 inquam,
2385 1676 2622 1761 donas,

492 1790 562 1859 in
595 1814 743 1884 quae
775 1788 1060 1880 electuS,
1088 1790 1156 1858 in
1186 1815 1335 1885 quae
1372 1789 1728 1885 adoptatus
1755 1814 1864 1859 es:
1909 1788 2257 1876 transferS‚
2292 1788 2475 1883 quod
2509 1790 2620 1882 ju·

492 1900 669 1969 dicio
708 1902 1059 1997 accepisti,
1092 1925 1173 1971 ac
1208 1900 1377 1970 nihil
1416 1902 1630 1995 magis
1671 1915 1862 1970 tuum
1901 1899 2154 1987 crediS,
2189 1924 2394 1994 quam
2441 1899 2624 1994 quod

493 2036 613 2104 per
652 2011 899 2081 amicos
926 2010 1152 2080 habes.

588 2123 701 2193 LI.
741 2121 927 2192 Idem
965 2136 1099 2191 tam
1139 2146 1381 2217 parcus
1416 2122 1488 2191 in
1530 2120 1922 2191 aedificando
1949 2174 1970 2209 ,
2003 2146 2204 2216 quam
2241 2119 2572 2215 diligens
2555 2145 2624 2187 in

560 2371 632 2382 -
656 2344 765 2407 Quo
784 2344 867 2394 sie.
890 2338 1019 2394 Vid.
1042 2338 1261 2396 Gesneri
1282 2338 1353 2394 ad
1370 2341 1422 2394 J.
1446 2340 1512 2394 A.

492 2421 786 2474 Ernestium
816 2421 1055 2492 epistola.
1086 2422 1155 2474 At
1186 2421 1317 2474 mihi
1342 2421 1514 2492 placet

490 2502 540 2552 J.
574 2501 664 2552 Pr.
688 2499 945 2553 Gronovii
978 2513 1027 2554 et
1053 2501 1310 2554 Perizonii
1334 2503 1513 2574 conje-

492 2591 662 2643 ctura,
683 2601 780 2648 quo
793 2583 886 2652 fit.
910 2579 966 2633 S.

562 2662 615 2711 6.
630 2659 1071 2730 Iniplesmes.Digni
1088 2658 1183 2710 illo
1188 2658 1512 2732 judicamur,

493 2751 543 2790 et
582 2738 713 2792 tales
738 2738 939 2792 domini
959 2777 974 2802 ,
1012 2738 1103 2810 qui
1146 2741 1344 2808 Implet-e
1378 2739 1514 2793 illud

492 2819 695 2890 possint
712 2837 728 2883 ;
748 2831 807 2871 ut
830 2839 937 2872 non
966 2817 1195 2882 dicatur,
1216 2825 1327 2870 Heu
1343 2823 1516 2872 domus

493 2901 701 2966 antiqua
716 2937 731 2962 ,
758 2910 859 2952 etc.
882 2897 1012 2952 Vid.
1033 2897 1099 2951 ad
1120 2899 1243 2965 XV,
1269 2906 1299 2962 4
1320 2939 1338 2965 ,
1364 2911 1416 2951 et
1441 2899 1513 2952 cf.

492 2995 609 3050 quae
630 2980 741 3050 jam
762 2990 1074 3051 sequnntur.
1097 2977 1168 3031 G.
1186 3009 1255 3018 —
1276 2977 1411 3030 Mihi
1433 2989 1514 3032 ta-

492 3076 615 3111 men
646 3059 822 3130 potior
848 3055 1059 3111 videtur
1082 3058 1247 3130 Lipnii
1286 3057 1515 3129 explica-

492 3140 567 3192 tio
591 3155 605 3191 :
634 3141 882 3206 implemus
897 3178 912 3203 ,
941 3137 1140 3191 scilicet
1164 3137 1488 3210 supellectile
1502 3174 1517 3199 ‚

494 3219 659 3274 servis
679 3257 694 3284 ,
734 3229 834 3271 etc.
886 3219 1023 3270 Nam
1067 3227 1211 3270 arcte
1250 3217 1518 3268 coherent

492 3300 606 3353 hoc
640 3299 772 3352 tria.
759 3319 773 3332 ·
826 3301 999 3362 liceri,
1040 3315 1232 3358 emere,
1281 3300 1514 3364 implere,

492 3379 597 3435 hoc
616 3392 727 3445 eut,
756 3379 973 3450 domum
987 3376 1277 3431 licitatione
1287 3387 1519 3445 emptam

489 3464 603 3534 jam
616 3461 941 3525 inhabitare,
954 3471 1009 3513 et
1020 3457 1271 3530 implere
1256 3457 1321 3508 iis
1336 3455 1516 3518 rebus,

494 3559 613 3633 qil-a!
632 3539 699 3593 ad
721 3499 1101 3594 habitationem
1128 3535 1408 3609 pertinent.
1430 3533 1518 3585 Di-

495 3621 665 3690 gnitas
686 3619 807 3682 iun,
836 3639 995 3692 quam
1018 3617 1285 3670 Gesnerus
1309 3614 1517 3685 tangit,

496 3698 601 3751 alio
622 3699 874 3770 pertinet,
901 3711 953 3751 et
980 3717 1011 3750 a
1036 3695 1207 3748 Plinio
1240 3693 1518 3768 separatim

498 3790 960 3832 commemoratur.
991 3779 1055 3830 E.

571 3877 620 3930 7.
644 3865 748 3917 lta,
772 3861 873 3925 inqu
870 3877 991 3908 eam.
1012 3856 1189 3909 Placet
1212 3851 1373 3925 Lipsii
1394 3868 1520 3903 con-

494 3942 722 4012 jectura,
737 3939 855 3996 ista,
874 3941 1106 4003 inquam,
1122 3939 1308 3995 donas,
1328 3943 1430 3986 etc.
1444 3929 1515 3983 G.

502 4051 561 4060 --
588 4017 1139 4082 Ita‚1‘nquam,donas.
1168 4009 1518 4063 AtridetGes·

500 4119 629 4153 nero
653 4093 909 4149 correctio
946 4091 1131 4161 Lipsii:
1172 4098 1283 4143 is.ta
1312 4093 1516 4163 Nempe

1599 2359 1708 2414 quo
1728 2341 1987 2396 referatur
2007 2344 2080 2393 ita
2098 2380 2115 2407 ,
2131 2361 2239 2396 non
2260 2353 2370 2395 est:
2395 2353 2552 2414 atque
2567 2338 2626 2394 id

1599 2419 1826 2474 debebat
1865 2421 2142 2476 ostendere
2175 2421 2504 2476 Schwarzius
2523 2463 2538 2488 ,
2583 2421 2626 2473 si

1601 2501 1809 2553 volebat
1826 2515 1966 2554 recte
1989 2499 2290 2555 defendere.
2314 2499 2422 2556 Sed
2439 2521 2537 2573 ego
2555 2513 2628 2554 ta·

1602 2598 1722 2632 men
1752 2581 1932 2632 malim
1971 2585 2078 2650 ipsa
2098 2619 2113 2646 ,
2147 2599 2308 2654 quam
2345 2586 2461 2633 ivea.
2486 2581 2622 2634 En.

1601 2663 1886 2714 -Ιιιόἰι-ἰο.
1906 2661 2030 2714 Scit.
2055 2661 2348 2714 amicornm
2363 2699 2379 2725 ,
2399 2679 2626 2734 quorum

1601 2738 1772 2810 leg-‘tta
1798 2740 1880 2792 vel
1919 2739 2060 2794 dona
2091 2752 2388 2813 acceperat.
2427 2743 2628 2813 Nempe

1603 2837 1720 2889 qua
1747 2817 1943 2872 electus
1972 2830 2024 2872 et
2057 2817 2340 2892 adoptatus
2365 2819 2628 2893 Trajauus

1603 2897 1834 2950 habebat
1847 2901 1992 2972 ,jure
2004 2909 2055 2951 et
2069 2897 2303 2970 quadam
2323 2898 2628 2952 necessitate

1604 2990 1911 3048 acceperat3
1947 2997 2064 3050 quae
2112 2991 2289 3032 nutem
2321 2999 2418 3048 per
2447 2983 2629 3030 amicos

1603 3055 2269 3126 habebat,borum1‘udicio
2289 3069 2340 3110 et
2359 3059 2630 3112 voluntate

1603 3136 1851 3189 habebat.
1869 3137 1932 3190 E.
1953 3169 2022 3178 —
2035 3136 2119 3189 Sic
2146 3149 2198 3190 et
2217 3137 2504 3210 Gierigius.
2517 3139 2629 3210 Ego

1604 3215 1784 3268 malim
1809 3215 2088 3270 schwanii
2111 3217 2510 3290 explicationem
2527 3237 2630 3270 am-

1604 3294 1946 3368 plecti,quam
1958 3295 2086 3348 item
2099 3295 2365 3350 Gesner-us
2379 3309 2628 3370 sequutus

1605 3373 1830 3428 videtur.
1865 3379 2061 3428 Iudicio
2077 3415 2093 3441 ,
2135 3376 2250 3430 scil.
2296 3378 2519 3440 Nervoe;
2543 3397 2629 3444 pet

1605 3459 1789 3507 amicos
1807 3493 1824 3520 ‚
1847 3475 1972 3508 nam
1991 3457 2059 3510 τὰ
2087 3465 2182 3512 τῶν
2206 3459 2348 3530 φὰψ,
2389 3459 2546 3512 κοινά.
2570 3453 2623 3507 S·

1605 3541 1773 3584 ——Per
1783 3539 1967 3587 amicos
1983 3535 2348 3602 habes.Quum
2358 3555 2493 3608 ,quae
2510 3537 2628 3589 ami-

1605 3632 1734 3668 coru
1743 3635 1790 3666 m
1819 3614 2159 3687 Imperatoris
2178 3627 2300 3668 sunt
2317 3655 2332 3680 ,
2355 3617 2458 3668 sint
2475 3617 2628 3668 etiam

1603 3693 1784 3766 ipsius.
1800 3695 1882 3748 Sic
1887 3697 2002 3763 fiai
2003 3715 2100 3762 per
2123 3700 2248 3747 alios
2267 3695 2466 3760 Lvm,
2489 3701 2542 3747 6.
2561 3695 2624 3747 G.

1676 3773 1768 3825 LI.
1795 3791 1841 3825 r.
1872 3780 2058 3825 Parcus
2089 3777 2138 3824 in
2161 3777 2482 3846 oedficando.
2503 3773 2622 3826 Scil.

1599 3855 1830 3920 privatim
1854 3871 1868 3904 :
1897 3871 2024 3905 nam
2042 3853 2222 3924 paullo
2249 3865 2368 3924 post
2388 3852 2622 3906 eumdem

1603 3931 1896 4003 Traianum
1936 3937 2252 4004 magnificum
2299 3938 2352 3984 ὄπ
2383 3935 2622 4002 publicum}

1605 4011 1875 4082 praedicat.
1927 4012 2040 4063 Hac
2085 4013 2245 4083 igitur
2291 4011 2622 4064 distinctione

1604 4089 1795 4144 callide
1854 4090 2032 4142 laudat
2091 4093 2389 4164 principem
2415 4131 2432 4156 ,
2479 4095 2621 4164 cujus
