<?xml version="1.0" encoding="UTF-8"?>
<!DOCTYPE html PUBLIC "-//W3C//DTD XHTML 1.0 Transitional//EN"
    "http://www.w3.org/TR/xhtml1/DTD/xhtml1-transitional.dtd">
<html xmlns="http://www.w3.org/1999/xhtml" xml:lang="en" lang="en">
 <head>
  <title>
</title>
<meta http-equiv="Content-Type" content="text/html;charset=utf-8" />
  <meta name='ocr-system' content='tesseract 3.04.00' />
  <meta name='ocr-capabilities' content='ocr_page ocr_carea ocr_par ocr_line ocrx_word'/>
</head>
<body>
  <div class='ocr_page' id='page_1' title='image "./cpliniisecundie00schgoog_0413.png"; bbox 0 0 2857 4690; ppageno 0'>
   <div class='ocr_carea' id='block_1_1' title="bbox 544 341 2100 430">
    <p class='ocr_par' dir='ltr' id='par_1_1' title="bbox 544 341 2100 430">
     <span class='ocr_line' id='line_1_1' title="bbox 544 341 2100 430; baseline -0.002 -17"><span class='ocrx_word' id='word_1_1' title='bbox 544 349 691 430; x_wconf 75' lang='lat'><strong>402</strong></span> <span class='ocrx_word' id='word_1_2' title='bbox 1022 341 1468 412; x_wconf 87' lang='lat' dir='ltr'><strong>NOTITIA</strong></span> <span class='ocrx_word' id='word_1_3' title='bbox 1520 341 2100 410; x_wconf 82' lang='lat' dir='ltr'><strong>LITERARIA</strong></span> 
     </span>
    </p>
   </div>
   <div class='ocr_carea' id='block_1_2' title="bbox 528 473 2646 1731">
    <p class='ocr_par' dir='ltr' id='par_1_2' title="bbox 538 473 2646 567">
     <span class='ocr_line' id='line_1_2' title="bbox 538 473 2646 567; baseline 0 -22"><span class='ocrx_word' id='word_1_4' title='bbox 538 481 791 546; x_wconf 84' lang='lat' dir='ltr'><strong>Joanne</strong></span> <span class='ocrx_word' id='word_1_5' title='bbox 844 475 1141 543; x_wconf 85' lang='lat' dir='ltr'><strong>Diacono</strong></span> <span class='ocrx_word' id='word_1_6' title='bbox 1192 473 1434 566; x_wconf 85' lang='lat' dir='ltr'><strong>scripta</strong></span> <span class='ocrx_word' id='word_1_7' title='bbox 1479 473 1594 560; x_wconf 88' lang='lat'><strong>11,</strong></span> <span class='ocrx_word' id='word_1_8' title='bbox 1643 475 1800 558; x_wconf 90' lang='lat'><strong>44,</strong></span> <span class='ocrx_word' id='word_1_9' title='bbox 1844 476 1911 540; x_wconf 90' lang='lat' dir='ltr'><strong>in</strong></span> <span class='ocrx_word' id='word_1_10' title='bbox 1951 473 2178 567; x_wconf 74' lang='lat' dir='ltr'><strong>Glycae</strong></span> <span class='ocrx_word' id='word_1_11' title='bbox 2223 473 2646 562; x_wconf 80' lang='lat' dir='ltr'><strong>Annalibus,</strong></span> 
     </span>
    </p>

    <p class='ocr_par' dir='ltr' id='par_1_3' title="bbox 528 576 2644 1731">
     <span class='ocr_line' id='line_1_3' title="bbox 539 576 2644 676; baseline 0.002 -27"><span class='ocrx_word' id='word_1_12' title='bbox 539 605 685 676; x_wconf 85' lang='lat' dir='ltr'><strong>pag.</strong></span> <span class='ocrx_word' id='word_1_13' title='bbox 735 583 927 665; x_wconf 80' lang='lat'><strong>240,</strong></span> <span class='ocrx_word' id='word_1_14' title='bbox 964 580 1034 646; x_wconf 86' lang='lat' dir='ltr'><strong>in</strong></span> <span class='ocrx_word' id='word_1_15' title='bbox 1071 577 1383 672; x_wconf 82' lang='lat' dir='ltr'><strong>Legenda</strong></span> <span class='ocrx_word' id='word_1_16' title='bbox 1423 576 1525 662; x_wconf 88' lang='lat'><strong>46</strong></span> <span class='ocrx_word' id='word_1_17' title='bbox 1567 579 1795 650; x_wconf 84' lang='lat' dir='ltr'><strong>Jacobi</strong></span> <span class='ocrx_word' id='word_1_18' title='bbox 1829 579 1914 648; x_wconf 89' lang='lat' dir='ltr'><strong>de</strong></span> <span class='ocrx_word' id='word_1_19' title='bbox 1954 581 2338 673; x_wconf 79' lang='lat' dir='ltr'><strong>Voragine,</strong></span> <span class='ocrx_word' id='word_1_20' title='bbox 2369 586 2480 652; x_wconf 84' lang='lat' dir='ltr'><strong>Jo.</strong></span> <span class='ocrx_word' id='word_1_21' title='bbox 2527 586 2644 652; x_wconf 86' lang='lat' dir='ltr'><strong>Sa</strong></span> 
     </span>
     <span class='ocr_line' id='line_1_4' title="bbox 536 674 2642 774; baseline 0 -18"><span class='ocrx_word' id='word_1_22' title='bbox 536 687 761 756; x_wconf 89' lang='lat' dir='ltr'><strong>risber.</strong></span> <span class='ocrx_word' id='word_1_23' title='bbox 802 683 1101 754; x_wconf 88' lang='lat' dir='ltr'><strong>Policrat.</strong></span> <span class='ocrx_word' id='word_1_24' title='bbox 1140 685 1227 770; x_wconf 88' lang='lat' dir='ltr'><strong>V,</strong></span> <span class='ocrx_word' id='word_1_25' title='bbox 1274 683 1367 769; x_wconf 90' lang='lat'><strong>8,</strong></span> <span class='ocrx_word' id='word_1_26' title='bbox 1406 685 1760 752; x_wconf 82' lang='lat' dir='ltr'><strong>Vincentio</strong></span> <span class='ocrx_word' id='word_1_27' title='bbox 1809 674 2062 753; x_wconf 88' lang='lat' dir='ltr'><strong>Bellov.</strong></span> <span class='ocrx_word' id='word_1_28' title='bbox 2109 688 2218 771; x_wconf 89' lang='lat' dir='ltr'><strong>X,</strong></span> <span class='ocrx_word' id='word_1_29' title='bbox 2257 685 2404 774; x_wconf 47' lang='lat'><strong>⁶8»</strong></span> <span class='ocrx_word' id='word_1_30' title='bbox 2455 702 2524 756; x_wconf 88' lang='lat' dir='ltr'><strong>et</strong></span> <span class='ocrx_word' id='word_1_31' title='bbox 2573 691 2642 758; x_wconf 90' lang='lat' dir='ltr'><strong>in</strong></span> 
     </span>
     <span class='ocr_line' id='line_1_5' title="bbox 534 737 2638 884; baseline -0.001 -22"><span class='ocrx_word' id='word_1_32' title='bbox 534 791 1051 863; x_wconf 78' lang='lat' dir='ltr'><strong>constantiensis</strong></span> <span class='ocrx_word' id='word_1_33' title='bbox 1090 737 1371 858; x_wconf 81' lang='lat' dir='ltr'><strong>Concilii</strong></span> <span class='ocrx_word' id='word_1_34' title='bbox 1409 789 1868 884; x_wconf 82' lang='lat' dir='ltr'><strong>reprobatione</strong></span> <span class='ocrx_word' id='word_1_35' title='bbox 1902 789 2332 860; x_wconf 77' lang='lat' dir='ltr'><strong>articulorum</strong></span> <span class='ocrx_word' id='word_1_36' title='bbox 2367 797 2468 862; x_wconf 84' lang='lat' dir='ltr'><strong>Jo.</strong></span> <span class='ocrx_word' id='word_1_37' title='bbox 2497 796 2638 860; x_wconf 87' lang='lat' dir='ltr'><strong>Wi-</strong></span> 
     </span>
     <span class='ocr_line' id='line_1_6' title="bbox 536 887 2640 992; baseline -0 -25"><span class='ocrx_word' id='word_1_38' title='bbox 536 897 685 967; x_wconf 82' lang='lat' dir='ltr'><strong>clefi</strong></span> <span class='ocrx_word' id='word_1_39' title='bbox 716 909 838 965; x_wconf 89' lang='lat' dir='ltr'><strong>art.</strong></span> <span class='ocrx_word' id='word_1_40' title='bbox 889 918 978 989; x_wconf 87' lang='lat'><strong>19</strong></span> <span class='ocrx_word' id='word_1_41' title='bbox 1014 887 1129 982; x_wconf 88' lang='lat' dir='ltr'><strong>(ut</strong></span> <span class='ocrx_word' id='word_1_42' title='bbox 1162 893 1369 964; x_wconf 86' lang='lat' dir='ltr'><strong>alios&#39;</strong></span> <span class='ocrx_word' id='word_1_43' title='bbox 1344 917 1484 987; x_wconf 80' lang='lat' dir='ltr'><strong>Jam</strong></span> <span class='ocrx_word' id='word_1_44' title='bbox 1522 889 1927 982; x_wconf 87' lang='lat' dir='ltr'><strong>omittam)·</strong></span> <span class='ocrx_word' id='word_1_45' title='bbox 1909 948 1930 982; x_wconf 91' lang='lat'><strong>,</strong></span> <span class='ocrx_word' id='word_1_46' title='bbox 1961 921 2096 990; x_wconf 90' lang='lat' dir='ltr'><strong>quo</strong></span> <span class='ocrx_word' id='word_1_47' title='bbox 2131 897 2373 966; x_wconf 89' lang='lat' dir='ltr'><strong>dicitur</strong></span> <span class='ocrx_word' id='word_1_48' title='bbox 2407 899 2640 992; x_wconf 87' lang='lat' dir='ltr'><strong>Traja-</strong></span> 
     </span>
     <span class='ocr_line' id='line_1_7' title="bbox 534 1001 2640 1096; baseline -0 -23"><span class='ocrx_word' id='word_1_49' title='bbox 534 1027 659 1073; x_wconf 85' lang='lat' dir='ltr'><strong>nus</strong></span> <span class='ocrx_word' id='word_1_50' title='bbox 697 1006 1067 1096; x_wconf 83' lang='lat' dir='ltr'><strong>Imperator</strong></span> <span class='ocrx_word' id='word_1_51' title='bbox 1104 1001 1174 1068; x_wconf 90' lang='lat' dir='ltr'><strong>in</strong></span> <span class='ocrx_word' id='word_1_52' title='bbox 1206 1001 1409 1069; x_wconf 83' lang='lat' dir='ltr'><strong>vitam</strong></span> <span class='ocrx_word' id='word_1_53' title='bbox 1441 1015 1786 1070; x_wconf 84' lang='lat' dir='ltr'><strong>revocatus</strong></span> <span class='ocrx_word' id='word_1_54' title='bbox 1827 1003 2136 1095; x_wconf 79' lang='lat' dir='ltr'><strong>precibus</strong></span> <span class='ocrx_word' id='word_1_55' title='bbox 2175 1005 2238 1071; x_wconf 89' lang='lat' dir='ltr'><strong>S.</strong></span> <span class='ocrx_word' id='word_1_56' title='bbox 2269 1005 2578 1096; x_wconf 85' lang='lat' dir='ltr'><strong>Gregorii</strong></span> <span class='ocrx_word' id='word_1_57' title='bbox 2607 1007 2640 1072; x_wconf 95' lang='lat' dir='ltr'>I</span> 
     </span>
     <span class='ocr_line' id='line_1_8' title="bbox 534 1107 2642 1204; baseline 0 -26"><span class='ocrx_word' id='word_1_58' title='bbox 534 1133 756 1204; x_wconf 82' lang='lat' dir='ltr'><strong>papae,</strong></span> <span class='ocrx_word' id='word_1_59' title='bbox 786 1107 1175 1200; x_wconf 83' lang='lat' dir='ltr'><strong>veniamque</strong></span> <span class='ocrx_word' id='word_1_60' title='bbox 1210 1121 1632 1200; x_wconf 86' lang='lat' dir='ltr'><strong>peccatorum</strong></span> <span class='ocrx_word' id='word_1_61' title='bbox 1677 1131 1947 1176; x_wconf 88' lang='lat' dir='ltr'><strong>suorum</strong></span> <span class='ocrx_word' id='word_1_62' title='bbox 1993 1109 2391 1202; x_wconf 83' lang='lat' dir='ltr'><strong>impetrasse.</strong></span> <span class='ocrx_word' id='word_1_63' title='bbox 2429 1111 2642 1202; x_wconf 88' lang='lat' dir='ltr'><strong>Hujus</strong></span> 
     </span>
     <span class='ocr_line' id='line_1_9' title="bbox 532 1211 2639 1309; baseline -0 -26"><span class='ocrx_word' id='word_1_64' title='bbox 532 1216 628 1284; x_wconf 89' lang='lat' dir='ltr'><strong>rei</strong></span> <span class='ocrx_word' id='word_1_65' title='bbox 661 1211 1048 1308; x_wconf 86' lang='lat' dir='ltr'><strong>Apologiam</strong></span> <span class='ocrx_word' id='word_1_66' title='bbox 1076 1213 1476 1305; x_wconf 86' lang='lat' dir='ltr'><strong>scripserunt</strong></span> <span class='ocrx_word' id='word_1_67' title='bbox 1509 1211 1884 1307; x_wconf 88' lang='lat' dir='ltr'><strong>Alphonsus</strong></span> <span class='ocrx_word' id='word_1_68' title='bbox 1907 1215 2294 1284; x_wconf 82' lang='lat' dir='ltr'><strong>Ciacconius</strong></span> <span class='ocrx_word' id='word_1_69' title='bbox 2331 1214 2639 1309; x_wconf 79' lang='lat' dir='ltr'><strong>singulari</strong></span> 
     </span>
     <span class='ocr_line' id='line_1_10' title="bbox 530 1313 2640 1411; baseline 0 -23"><span class='ocrx_word' id='word_1_70' title='bbox 530 1319 809 1390; x_wconf 81' lang='lat' dir='ltr'><strong>diatriba</strong></span> <span class='ocrx_word' id='word_1_71' title='bbox 836 1369 857 1404; x_wconf 95' lang='lat'><strong>,</strong></span> <span class='ocrx_word' id='word_1_72' title='bbox 901 1317 1251 1411; x_wconf 70' lang='lat' dir='ltr'><strong>saepissime</strong></span> <span class='ocrx_word' id='word_1_73' title='bbox 1306 1339 1546 1386; x_wconf 85' lang='lat' dir='ltr'><strong>excusa</strong></span> <span class='ocrx_word' id='word_1_74' title='bbox 1568 1369 1588 1403; x_wconf 93' lang='lat'><strong>,</strong></span> <span class='ocrx_word' id='word_1_75' title='bbox 1647 1341 1834 1387; x_wconf 82' lang='lat' dir='ltr'><strong>versa</strong></span> <span class='ocrx_word' id='word_1_76' title='bbox 1897 1320 2094 1388; x_wconf 88' lang='lat' dir='ltr'><strong>etiam</strong></span> <span class='ocrx_word' id='word_1_77' title='bbox 2157 1318 2370 1389; x_wconf 84' lang='lat' dir='ltr'><strong>italice</strong></span> <span class='ocrx_word' id='word_1_78' title='bbox 2425 1313 2454 1406; x_wconf 92' lang='lat'>(</span> <span class='ocrx_word' id='word_1_79' title='bbox 2495 1321 2640 1388; x_wconf 85' lang='lat' dir='ltr'><strong>vide</strong></span> 
     </span>
     <span class='ocr_line' id='line_1_11' title="bbox 528 1419 2635 1520; baseline -0 -25"><span class='ocrx_word' id='word_1_80' title='bbox 528 1429 665 1496; x_wconf 85' lang='lat' dir='ltr'><strong>Jac.</strong></span> <span class='ocrx_word' id='word_1_81' title='bbox 718 1422 1006 1492; x_wconf 90' lang='lat' dir='ltr'><strong>Echardi</strong></span> <span class='ocrx_word' id='word_1_82' title='bbox 1064 1419 1536 1491; x_wconf 86' lang='lat' dir='ltr'><strong>Bibliothecam</strong></span> <span class='ocrx_word' id='word_1_83' title='bbox 1585 1425 2076 1494; x_wconf 84' lang='lat' dir='ltr'><strong>Dominicanor.</strong></span> <span class='ocrx_word' id='word_1_84' title='bbox 2123 1439 2281 1493; x_wconf 88' lang='lat' dir='ltr'><strong>tom.</strong></span> <span class='ocrx_word' id='word_1_85' title='bbox 2307 1428 2388 1500; x_wconf 68' lang='grc' dir='ltr'><strong>,ΙΙ</strong></span> <span class='ocrx_word' id='word_1_86' title='bbox 2412 1479 2433 1512; x_wconf 91' lang='grc'><strong>,</strong></span> <span class='ocrx_word' id='word_1_87' title='bbox 2487 1450 2635 1520; x_wconf 85' lang='lat' dir='ltr'><strong>pag.</strong></span> 
     </span>
     <span class='ocr_line' id='line_1_12' title="bbox 538 1523 2640 1616; baseline -0.001 -16"><span class='ocrx_word' id='word_1_88' title='bbox 538 1523 788 1616; x_wconf 56' lang='lat'><strong>345),</strong></span> <span class='ocrx_word' id='word_1_89' title='bbox 818 1528 1200 1596; x_wconf 80' lang='lat' dir='ltr'><strong>Franciscus</strong></span> <span class='ocrx_word' id='word_1_90' title='bbox 1232 1527 1317 1596; x_wconf 89' lang='lat' dir='ltr'><strong>de</strong></span> <span class='ocrx_word' id='word_1_91' title='bbox 1346 1527 1706 1614; x_wconf 85' lang='lat' dir='ltr'><strong>Mendoza,</strong></span> <span class='ocrx_word' id='word_1_92' title='bbox 1732 1527 1840 1598; x_wconf 86' lang='lat' dir='ltr'><strong>lib.</strong></span> <span class='ocrx_word' id='word_1_93' title='bbox 1887 1553 1928 1598; x_wconf 89' lang='grc'><strong>3</strong></span> <span class='ocrx_word' id='word_1_94' title='bbox 1967 1528 2050 1598; x_wconf 87' lang='lat' dir='ltr'><strong>de</strong></span> <span class='ocrx_word' id='word_1_95' title='bbox 2081 1531 2356 1600; x_wconf 87' lang='lat' dir='ltr'><strong>floribus</strong></span> <span class='ocrx_word' id='word_1_96' title='bbox 2403 1534 2640 1612; x_wconf 59' lang='lat' dir='ltr'><strong>sacris»,</strong></span> 
     </span>
     <span class='ocr_line' id='line_1_13' title="bbox 528 1629 2640 1731; baseline 0 -27"><span class='ocrx_word' id='word_1_97' title='bbox 528 1632 941 1704; x_wconf 75' lang='lat' dir='ltr'><strong>problemate</strong></span> <span class='ocrx_word' id='word_1_98' title='bbox 976 1631 1025 1701; x_wconf 90' lang='lat'>6</span> <span class='ocrx_word' id='word_1_99' title='bbox 1044 1686 1065 1719; x_wconf 92' lang='lat'><strong>,</strong></span> <span class='ocrx_word' id='word_1_100' title='bbox 1104 1629 1479 1725; x_wconf 83' lang='lat' dir='ltr'><strong>Alphonsus</strong></span> <span class='ocrx_word' id='word_1_101' title='bbox 1521 1631 1849 1718; x_wconf 81' lang='lat' dir='ltr'><strong>Salmem,</strong></span> <span class='ocrx_word' id='word_1_102' title='bbox 1881 1647 2040 1703; x_wconf 88' lang='lat' dir='ltr'><strong>tom.</strong></span> <span class='ocrx_word' id='word_1_103' title='bbox 2075 1638 2262 1722; x_wconf 83' lang='lat' dir='ltr'><strong>xlv,</strong></span> <span class='ocrx_word' id='word_1_104' title='bbox 2299 1636 2476 1730; x_wconf 75' lang='lat' dir='ltr'><strong>disp.</strong></span> <span class='ocrx_word' id='word_1_105' title='bbox 2521 1661 2640 1731; x_wconf 81' lang='grc'><strong>37,</strong></span> 
     </span>
    </p>
   </div>
   <div class='ocr_carea' id='block_1_3' title="bbox 390 1737 2634 1835">
    <p class='ocr_par' dir='ltr' id='par_1_4' title="bbox 390 1737 2634 1835">
     <span class='ocr_line' id='line_1_14' title="bbox 390 1737 2634 1835; baseline 0.004 -33"><span class='ocrx_word' id='word_1_106' title='bbox 390 1793 399 1802; x_wconf 94' lang='grc'><strong>.</strong></span> <span class='ocrx_word' id='word_1_107' title='bbox 530 1756 655 1810; x_wconf 88' lang='lat' dir='ltr'><strong>ete.</strong></span> <span class='ocrx_word' id='word_1_108' title='bbox 685 1794 706 1828; x_wconf 94' lang='lat'><strong>,</strong></span> <span class='ocrx_word' id='word_1_109' title='bbox 750 1739 863 1810; x_wconf 86' lang='lat' dir='ltr'><strong>sed</strong></span> <span class='ocrx_word' id='word_1_110' title='bbox 911 1761 1056 1806; x_wconf 88' lang='lat' dir='ltr'><strong>eam</strong></span> <span class='ocrx_word' id='word_1_111' title='bbox 1108 1737 1473 1808; x_wconf 82' lang='lat' dir='ltr'><strong>fabulosam</strong></span> <span class='ocrx_word' id='word_1_112' title='bbox 1509 1754 1780 1808; x_wconf 89' lang='lat' dir='ltr'><strong>censent</strong></span> <span class='ocrx_word' id='word_1_113' title='bbox 1825 1739 2224 1835; x_wconf 81' lang='lat' dir='ltr'><strong>Alphonsus</strong></span> <span class='ocrx_word' id='word_1_114' title='bbox 2267 1745 2594 1810; x_wconf 75' lang='lat' dir='ltr'><strong>Tostams</strong></span> <span class='ocrx_word' id='word_1_115' title='bbox 2615 1795 2634 1824; x_wconf 92' lang='lat'><strong>,</strong></span> 
     </span>
    </p>
   </div>
   <div class='ocr_carea' id='block_1_4' title="bbox 512 1844 2642 4051">
    <p class='ocr_par' dir='ltr' id='par_1_5' title="bbox 519 1844 2642 3081">
     <span class='ocr_line' id='line_1_15' title="bbox 528 1844 2642 1940; baseline 0 -24"><span class='ocrx_word' id='word_1_116' title='bbox 528 1850 899 1940; x_wconf 64' lang='lat' dir='ltr'><strong>Dionysius</strong></span> <span class='ocrx_word' id='word_1_117' title='bbox 936 1844 1468 1930; x_wconf 72' lang='lat' dir='ltr'><strong>Cartlzusz‘anus,</strong></span> <span class='ocrx_word' id='word_1_118' title='bbox 1513 1847 1910 1915; x_wconf 72' lang='lat' dir='ltr'><strong>Dominiem</strong></span> <span class='ocrx_word' id='word_1_119' title='bbox 1963 1849 2133 1918; x_wconf 86' lang='lat' dir='ltr'><strong>Soto</strong></span> <span class='ocrx_word' id='word_1_120' title='bbox 2154 1900 2177 1934; x_wconf 93' lang='lat'>‚</span> <span class='ocrx_word' id='word_1_121' title='bbox 2227 1851 2642 1918; x_wconf 75' lang='lat' dir='ltr'><strong>Francioeus</strong></span> 
     </span>
     <span class='ocr_line' id='line_1_16' title="bbox 522 1949 2639 2050; baseline 0.001 -29"><span class='ocrx_word' id='word_1_122' title='bbox 522 1957 791 2032; x_wconf 74' lang='lat' dir='ltr'><strong>Suarez</strong></span> <span class='ocrx_word' id='word_1_123' title='bbox 806 2003 829 2038; x_wconf 91' lang='lat'><strong>,</strong></span> <span class='ocrx_word' id='word_1_124' title='bbox 890 1949 1057 2020; x_wconf 84' lang='lat' dir='ltr'><strong>Rob.</strong></span> <span class='ocrx_word' id='word_1_125' title='bbox 1124 1951 1577 2020; x_wconf 67' lang='lat' dir='ltr'><strong>Bellanm‘moe</strong></span> <span class='ocrx_word' id='word_1_126' title='bbox 1629 1965 1698 2020; x_wconf 87' lang='lat' dir='ltr'><strong>et</strong></span> <span class='ocrx_word' id='word_1_127' title='bbox 1763 1953 2012 2024; x_wconf 76' lang='lat' dir='ltr'><strong>Coesar&#39;</strong></span> <span class='ocrx_word' id='word_1_128' title='bbox 2055 1957 2400 2023; x_wconf 77' lang='lat' dir='ltr'><strong>Bar-onius</strong></span> <span class='ocrx_word' id='word_1_129' title='bbox 2465 1954 2639 2050; x_wconf 86' lang='lat' dir='ltr'><strong>apud</strong></span> 
     </span>
     <span class='ocr_line' id='line_1_17' title="bbox 519 2054 2640 2155; baseline 0 -27"><span class='ocrx_word' id='word_1_130' title='bbox 519 2059 891 2152; x_wconf 77' lang='lat' dir='ltr'><strong>Georgium</strong></span> <span class='ocrx_word' id='word_1_131' title='bbox 925 2054 1257 2126; x_wconf 75' lang='lat' dir='ltr'><strong>calixtum</strong></span> <span class='ocrx_word' id='word_1_132' title='bbox 1292 2055 1375 2124; x_wconf 90' lang='lat' dir='ltr'><strong>de</strong></span> <span class='ocrx_word' id='word_1_133' title='bbox 1411 2058 1600 2125; x_wconf 90' lang='lat' dir='ltr'><strong>Bono</strong></span> <span class='ocrx_word' id='word_1_134' title='bbox 1627 2057 1920 2150; x_wconf 82' lang='lat' dir='ltr'><strong>perfecte</strong></span> <span class='ocrx_word' id='word_1_135' title='bbox 1963 2083 2224 2128; x_wconf 85' lang='lat' dir='ltr'><strong>summo</strong></span> <span class='ocrx_word' id='word_1_136' title='bbox 2250 2112 2271 2146; x_wconf 94' lang='lat'><strong>,</strong></span> <span class='ocrx_word' id='word_1_137' title='bbox 2307 2084 2462 2155; x_wconf 89' lang='lat' dir='ltr'><strong>pag.</strong></span> <span class='ocrx_word' id='word_1_138' title='bbox 2507 2057 2608 2129; x_wconf 87' lang='grc'><strong>66</strong></span> <span class='ocrx_word' id='word_1_139' title='bbox 2621 2112 2640 2145; x_wconf 95' lang='grc'><strong>,</strong></span> 
     </span>
     <span class='ocr_line' id='line_1_18' title="bbox 529 2160 2638 2260; baseline -0 -27"><span class='ocrx_word' id='word_1_140' title='bbox 529 2165 767 2258; x_wconf 88' lang='lat' dir='ltr'><strong>quibus</strong></span> <span class='ocrx_word' id='word_1_141' title='bbox 802 2161 969 2231; x_wconf 88' lang='lat' dir='ltr'><strong>adde</strong></span> <span class='ocrx_word' id='word_1_142' title='bbox 996 2163 1299 2232; x_wconf 76' lang='lat' dir='ltr'><strong>Blasium</strong></span> <span class='ocrx_word' id='word_1_143' title='bbox 1327 2160 1416 2230; x_wconf 87' lang='lat' dir='ltr'><strong>de</strong></span> <span class='ocrx_word' id='word_1_144' title='bbox 1442 2165 1666 2256; x_wconf 65' lang='lat' dir='ltr'><strong>Voega</strong></span> <span class='ocrx_word' id='word_1_145' title='bbox 1701 2178 1768 2232; x_wconf 91' lang='lat' dir='ltr'><strong>et</strong></span> <span class='ocrx_word' id='word_1_146' title='bbox 1796 2166 1900 2232; x_wconf 88' lang='lat' dir='ltr'><strong>Jo.</strong></span> <span class='ocrx_word' id='word_1_147' title='bbox 1933 2167 2282 2234; x_wconf 80' lang='lat' dir='ltr'><strong>Becanum</strong></span> <span class='ocrx_word' id='word_1_148' title='bbox 2303 2165 2508 2260; x_wconf 82' lang='lat' dir='ltr'><strong>-apud</strong></span> <span class='ocrx_word' id='word_1_149' title='bbox 2537 2169 2638 2234; x_wconf 85' lang='lat' dir='ltr'><strong>Jo.</strong></span> 
     </span>
     <span class='ocr_line' id='line_1_19' title="bbox 526 2263 2640 2358; baseline 0 -20"><span class='ocrx_word' id='word_1_150' title='bbox 526 2268 949 2338; x_wconf 83' lang='lat' dir='ltr'><strong>Gerh-ardum</strong></span> <span class='ocrx_word' id='word_1_151' title='bbox 984 2264 1132 2336; x_wconf 87' lang='lat' dir='ltr'><strong>loco</strong></span> <span class='ocrx_word' id='word_1_152' title='bbox 1170 2266 1253 2334; x_wconf 90' lang='lat' dir='ltr'><strong>de</strong></span> <span class='ocrx_word' id='word_1_153' title='bbox 1276 2265 1552 2336; x_wconf 81' lang='lat' dir='ltr'><strong>-inferno</strong></span> <span class='ocrx_word' id='word_1_154' title='bbox 1590 2263 1642 2354; x_wconf 74' lang='lat' dir='ltr'>S</span> <span class='ocrx_word' id='word_1_155' title='bbox 1682 2267 1782 2338; x_wconf 84' lang='lat'><strong>63</strong></span> <span class='ocrx_word' id='word_1_156' title='bbox 1803 2322 1823 2358; x_wconf 93' lang='lat'><strong>,</strong></span> <span class='ocrx_word' id='word_1_157' title='bbox 1865 2271 2278 2340; x_wconf 87' lang='lat' dir='ltr'><strong>Bernardum</strong></span> <span class='ocrx_word' id='word_1_158' title='bbox 2317 2274 2640 2340; x_wconf 83' lang='lat' dir='ltr'><strong>Bruscum</strong></span> 
     </span>
     <span class='ocr_line' id='line_1_20' title="bbox 526 2366 2640 2471; baseline 0.001 -28"><span class='ocrx_word' id='word_1_159' title='bbox 526 2378 978 2443; x_wconf 70' lang='lat' dir='ltr'><strong>veronensem</strong></span> <span class='ocrx_word' id='word_1_160' title='bbox 1023 2374 1091 2439; x_wconf 89' lang='lat' dir='ltr'><strong>in</strong></span> <span class='ocrx_word' id='word_1_161' title='bbox 1130 2372 1593 2467; x_wconf 83' lang='lat' dir='ltr'><strong>redargutione</strong></span> <span class='ocrx_word' id='word_1_162' title='bbox 1641 2374 1930 2444; x_wconf 71' lang='lat' dir='ltr'><strong>hittoriae</strong></span> <span class='ocrx_word' id='word_1_163' title='bbox 1975 2376 2058 2446; x_wconf 87' lang='lat' dir='ltr'><strong>de</strong></span> <span class='ocrx_word' id='word_1_164' title='bbox 2107 2366 2336 2445; x_wconf 84' lang='lat' dir='ltr'><strong>anima</strong></span> <span class='ocrx_word' id='word_1_165' title='bbox 2377 2378 2640 2471; x_wconf 87' lang='lat' dir='ltr'><strong>Trajani</strong></span> 
     </span>
     <span class='ocr_line' id='line_1_21' title="bbox 526 2475 2640 2577; baseline 0.001 -28"><span class='ocrx_word' id='word_1_166' title='bbox 526 2504 607 2549; x_wconf 84' lang='lat' dir='ltr'><strong>ex</strong></span> <span class='ocrx_word' id='word_1_167' title='bbox 656 2478 893 2550; x_wconf 83' lang='lat' dir='ltr'><strong>inferni</strong></span> <span class='ocrx_word' id='word_1_168' title='bbox 926 2475 1258 2569; x_wconf 84' lang='lat' dir='ltr'><strong>suppliciis</strong></span> <span class='ocrx_word' id='word_1_169' title='bbox 1302 2477 1576 2549; x_wconf 84' lang='lat' dir='ltr'><strong>liberata</strong></span> <span class='ocrx_word' id='word_1_170' title='bbox 1605 2532 1625 2565; x_wconf 95' lang='lat'><strong>,</strong></span> <span class='ocrx_word' id='word_1_171' title='bbox 1671 2485 2107 2551; x_wconf 80' lang='lat' dir='ltr'><strong>Possevinum</strong></span> <span class='ocrx_word' id='word_1_172' title='bbox 2151 2497 2220 2550; x_wconf 84' lang='lat' dir='ltr'><strong>et</strong></span> <span class='ocrx_word' id='word_1_173' title='bbox 2261 2481 2422 2551; x_wconf 86' lang='lat' dir='ltr'><strong>alios</strong></span> <span class='ocrx_word' id='word_1_174' title='bbox 2463 2483 2640 2577; x_wconf 89' lang='lat' dir='ltr'><strong>apud</strong></span> 
     </span>
     <span class='ocr_line' id='line_1_22' title="bbox 528 2582 2636 2683; baseline 0.001 -29"><span class='ocrx_word' id='word_1_175' title='bbox 528 2584 831 2654; x_wconf 86' lang='lat' dir='ltr'><strong>eumdem</strong></span> <span class='ocrx_word' id='word_1_176' title='bbox 859 2582 1155 2651; x_wconf 83' lang='lat' dir='ltr'><strong>Confess.</strong></span> <span class='ocrx_word' id='word_1_177' title='bbox 1187 2582 1463 2655; x_wconf 79' lang='lat' dir='ltr'><strong>,CathoL</strong></span> <span class='ocrx_word' id='word_1_178' title='bbox 1505 2610 1650 2679; x_wconf 87' lang='lat' dir='ltr'><strong>pag.</strong></span> <span class='ocrx_word' id='word_1_179' title='bbox 1689 2586 1840 2670; x_wconf 88' lang='grc'><strong>346</strong></span> <span class='ocrx_word' id='word_1_180' title='bbox 1873 2638 1892 2665; x_wconf 91' lang='grc'><strong>,</strong></span> <span class='ocrx_word' id='word_1_181' title='bbox 1927 2586 2080 2655; x_wconf 87' lang='lat' dir='ltr'><strong>edit.</strong></span> <span class='ocrx_word' id='word_1_182' title='bbox 2109 2589 2180 2657; x_wconf 88' lang='lat' dir='ltr'><strong>in</strong></span> <span class='ocrx_word' id='word_1_183' title='bbox 2214 2586 2326 2656; x_wconf 88' lang='lat' dir='ltr'><strong>fol.</strong></span> <span class='ocrx_word' id='word_1_184' title='bbox 2367 2602 2436 2656; x_wconf 87' lang='lat' dir='ltr'><strong>et</strong></span> <span class='ocrx_word' id='word_1_185' title='bbox 2461 2589 2636 2683; x_wconf 87' lang='lat' dir='ltr'><strong>apud</strong></span> 
     </span>
     <span class='ocr_line' id='line_1_23' title="bbox 528 2687 2636 2787; baseline 0.002 -28"><span class='ocrx_word' id='word_1_186' title='bbox 528 2689 715 2759; x_wconf 87' lang='lat' dir='ltr'><strong>Gisb.</strong></span> <span class='ocrx_word' id='word_1_187' title='bbox 758 2687 1104 2772; x_wconf 89' lang='lat' dir='ltr'><strong>Voetium,</strong></span> <span class='ocrx_word' id='word_1_188' title='bbox 1139 2691 1639 2784; x_wconf 84' lang='lat' dir='ltr'><strong>tom.&#39;V,.Disp.</strong></span> <span class='ocrx_word' id='word_1_189' title='bbox 1679 2689 1899 2761; x_wconf 68' lang='lat' dir='ltr'><strong>select.</strong></span> <span class='ocrx_word' id='word_1_190' title='bbox 1933 2716 2080 2787; x_wconf 81' lang='lat' dir='ltr'><strong>pag.</strong></span> <span class='ocrx_word' id='word_1_191' title='bbox 2115 2690 2264 2764; x_wconf 83' lang='lat'><strong>538</strong></span> <span class='ocrx_word' id='word_1_192' title='bbox 2305 2718 2439 2787; x_wconf 88' lang='lat' dir='ltr'><strong>seq.</strong></span> <span class='ocrx_word' id='word_1_193' title='bbox 2489 2696 2636 2763; x_wconf 88' lang='lat' dir='ltr'><strong>Ga-</strong></span> 
     </span>
     <span class='ocr_line' id='line_1_24' title="bbox 528 2791 2637 2892; baseline 0.002 -29"><span class='ocrx_word' id='word_1_194' title='bbox 528 2794 796 2863; x_wconf 79' lang='lat' dir='ltr'><strong>brielem</strong></span> <span class='ocrx_word' id='word_1_195' title='bbox 834 2791 1229 2863; x_wconf 60' lang='lat' dir='ltr'><strong>Nazada-um</strong></span> <span class='ocrx_word' id='word_1_196' title='bbox 1246 2845 1269 2878; x_wconf 91' lang='lat'><strong>,</strong></span> <span class='ocrx_word' id='word_1_197' title='bbox 1312 2816 1460 2888; x_wconf 86' lang='lat' dir='ltr'><strong>pag.</strong></span> <span class='ocrx_word' id='word_1_198' title='bbox 1517 2818 1542 2864; x_wconf 91' lang='lat'>1</span> <span class='ocrx_word' id='word_1_199' title='bbox 1557 2798 1604 2880; x_wconf 89' lang='lat'><strong>4</strong></span> <span class='ocrx_word' id='word_1_200' title='bbox 1665 2796 2001 2892; x_wconf 83' lang='lat' dir='ltr'><strong>Apologiae</strong></span> <span class='ocrx_word' id='word_1_201' title='bbox 2047 2821 2171 2892; x_wconf 92' lang='lat' dir='ltr'><strong>pro</strong></span> <span class='ocrx_word' id='word_1_202' title='bbox 2221 2800 2376 2869; x_wconf 80' lang='lat' dir='ltr'><strong>viris</strong></span> <span class='ocrx_word' id='word_1_203' title='bbox 2427 2799 2637 2868; x_wconf 82' lang='lat' dir='ltr'><strong>doctis</strong></span> 
     </span>
     <span class='ocr_line' id='line_1_25' title="bbox 526 2896 2636 2999; baseline 0.002 -30"><span class='ocrx_word' id='word_1_204' title='bbox 526 2896 1200 2994; x_wconf 70' lang='lat' dir='ltr'><strong>Magire-postulatis,</strong></span> <span class='ocrx_word' id='word_1_205' title='bbox 1236 2899 1530 2969; x_wconf 82' lang='lat' dir='ltr'><strong>Leonem</strong></span> <span class='ocrx_word' id='word_1_206' title='bbox 1563 2902 1941 2988; x_wconf 78' lang='lat' dir='ltr'><strong>Allatium,</strong></span> <span class='ocrx_word' id='word_1_207' title='bbox 1981 2926 2130 2998; x_wconf 88' lang='lat' dir='ltr'><strong>pag.</strong></span> <span class='ocrx_word' id='word_1_208' title='bbox 2190 2928 2214 2973; x_wconf 86' lang='lat'>1</span> <span class='ocrx_word' id='word_1_209' title='bbox 2233 2902 2330 2974; x_wconf 79' lang='lat'><strong>23</strong></span> <span class='ocrx_word' id='word_1_210' title='bbox 2383 2930 2512 2999; x_wconf 82' lang='lat' dir='ltr'><strong>seq.</strong></span> <span class='ocrx_word' id='word_1_211' title='bbox 2555 2906 2636 2975; x_wconf 89' lang='lat' dir='ltr'><strong>de</strong></span> 
     </span>
     <span class='ocr_line' id='line_1_26' title="bbox 528 3002 2636 3096; baseline 0.002 -20"><span class='ocrx_word' id='word_1_212' title='bbox 528 3006 709 3076; x_wconf 89' lang='lat' dir='ltr'><strong>libris</strong></span> <span class='ocrx_word' id='word_1_213' title='bbox 746 3002 1221 3073; x_wconf 81' lang='lat' dir='ltr'><strong>Ecclesiasticis</strong></span> <span class='ocrx_word' id='word_1_214' title='bbox 1255 3006 1679 3095; x_wconf 85' lang='lat' dir='ltr'><strong>Graecorum,</strong></span> <span class='ocrx_word' id='word_1_215' title='bbox 1721 3008 2050 3077; x_wconf 83' lang='lat' dir='ltr'><strong>Natalem</strong></span> <span class='ocrx_word' id='word_1_216' title='bbox 2095 3011 2305 3079; x_wconf 75' lang='lat' dir='ltr'><strong>Alex.</strong></span> <span class='ocrx_word' id='word_1_217' title='bbox 2349 3013 2500 3080; x_wconf 89' lang='lat' dir='ltr'><strong>Sec.</strong></span> <span class='ocrx_word' id='word_1_218' title='bbox 2537 3038 2636 3096; x_wconf 92' lang='grc'><strong>3,</strong></span> 
     </span>
    </p>

    <p class='ocr_par' dir='ltr' id='par_1_6' title="bbox 512 3065 2638 4051">
     <span class='ocr_line' id='line_1_27' title="bbox 512 3065 2636 3207; baseline 0.004 -28"><span class='ocrx_word' id='word_1_219' title='bbox 512 3126 697 3207; x_wconf 72' lang='lat' dir='ltr'><strong>part.</strong></span> <span class='ocrx_word' id='word_1_220' title='bbox 752 3132 824 3195; x_wconf 84' lang='lat'><strong>1,-</strong></span> <span class='ocrx_word' id='word_1_221' title='bbox 864 3132 1015 3204; x_wconf 87' lang='lat' dir='ltr'><strong>pag.</strong></span> <span class='ocrx_word' id='word_1_222' title='bbox 1062 3134 1089 3178; x_wconf 87' lang='lat'>1</span> <span class='ocrx_word' id='word_1_223' title='bbox 1114 3133 1139 3178; x_wconf 89' lang='lat'>1</span> <span class='ocrx_word' id='word_1_224' title='bbox 1158 3106 1238 3193; x_wconf 86' lang='lat'><strong>3,</strong></span> <span class='ocrx_word' id='word_1_225' title='bbox 1275 3110 1722 3181; x_wconf 61' lang='lat' dir='ltr'><strong>paschasiam</strong></span> <span class='ocrx_word' id='word_1_226' title='bbox 1759 3115 2188 3205; x_wconf 80' lang='lat' dir='ltr'><strong>Qtoesnellum</strong></span> <span class='ocrx_word' id='word_1_227' title='bbox 2223 3116 2310 3185; x_wconf 85' lang='lat' dir='ltr'><strong>ad</strong></span> <span class='ocrx_word' id='word_1_228' title='bbox 2342 3065 2636 3187; x_wconf 79' lang='lat' dir='ltr'><strong>Leoneni</strong></span> 
     </span>
     <span class='ocr_line' id='line_1_28' title="bbox 516 3210 2636 3309; baseline 0.002 -22.027"><span class='ocrx_word' id='word_1_229' title='bbox 516 3218 625 3287; x_wconf 88' lang='lat' dir='ltr'><strong>M.</strong></span> <span class='ocrx_word' id='word_1_230' title='bbox 670 3216 841 3284; x_wconf 79' lang='lat' dir='ltr'><strong>Dias.</strong></span> <span class='ocrx_word' id='word_1_231' title='bbox 864 3238 913 3282; x_wconf 85' lang='grc' dir='ltr'><strong>ι</strong></span> <span class='ocrx_word' id='word_1_232' title='bbox 954 3238 1147 3309; x_wconf 86' lang='lat' dir='ltr'><strong>,pag.</strong></span> <span class='ocrx_word' id='word_1_233' title='bbox 1184 3210 1373 3300; x_wconf 83' lang='lat'><strong>285,</strong></span> <span class='ocrx_word' id='word_1_234' title='bbox 1412 3218 1888 3305; x_wconf 66' lang='lat' dir='ltr'><strong>Hallozlxe‘um,</strong></span> <span class='ocrx_word' id='word_1_235' title='bbox 1927 3232 2088 3289; x_wconf 81' lang='lat' dir='ltr'><strong>tom.</strong></span> <span class='ocrx_word' id='word_1_236' title='bbox 2121 3223 2182 3308; x_wconf 92' lang='grc' dir='ltr'><strong>Ι,</strong></span> <span class='ocrx_word' id='word_1_237' title='bbox 2223 3221 2306 3290; x_wconf 89' lang='lat' dir='ltr'><strong>de</strong></span> <span class='ocrx_word' id='word_1_238' title='bbox 2351 3223 2522 3292; x_wconf 71' lang='lat' dir='ltr'><strong>Vitis</strong></span> <span class='ocrx_word' id='word_1_239' title='bbox 2557 3221 2636 3291; x_wconf 90' lang='lat' dir='ltr'><strong>il·</strong></span> 
     </span>
     <span class='ocr_line' id='line_1_29' title="bbox 528 3314 2637 3439; baseline 0.002 -48"><span class='ocrx_word' id='word_1_240' title='bbox 528 3320 830 3405; x_wconf 72' lang='lat' dir='ltr'><strong>lusti-ium</strong></span> <span class='ocrx_word' id='word_1_241' title='bbox 866 3320 1263 3439; x_wconf 76' lang='lat' dir='ltr'><strong>scriptorum</strong></span> <span class='ocrx_word' id='word_1_242' title='bbox 1304 3320 1622 3390; x_wconf 77' lang='lat' dir='ltr'><strong>Oriental.</strong></span> <span class='ocrx_word' id='word_1_243' title='bbox 1667 3346 1814 3417; x_wconf 85' lang='lat' dir='ltr'><strong>pag.</strong></span> <span class='ocrx_word' id='word_1_244' title='bbox 1858 3326 2008 3408; x_wconf 84' lang='grc'><strong>430</strong></span> <span class='ocrx_word' id='word_1_245' title='bbox 2046 3348 2180 3418; x_wconf 79' lang='lat' dir='ltr'><strong>seq.</strong></span> <span class='ocrx_word' id='word_1_246' title='bbox 2225 3314 2637 3419; x_wconf 67' lang='lat' dir='ltr'><strong>Dionysium</strong></span> 
     </span>
     <span class='ocr_line' id='line_1_30' title="bbox 528 3424 2634 3521; baseline 0.002 -24"><span class='ocrx_word' id='word_1_247' title='bbox 528 3424 1178 3497; x_wconf 72' lang='lat' dir='ltr'><strong>Sarmat-thanum·</strong></span> <span class='ocrx_word' id='word_1_248' title='bbox 1158 3448 1227 3492; x_wconf 84' lang='grc' dir='ltr'><strong>ιιι</strong></span> <span class='ocrx_word' id='word_1_249' title='bbox 1260 3425 1425 3493; x_wconf 82' lang='lat' dir='ltr'><strong>Hist.</strong></span> <span class='ocrx_word' id='word_1_250' title='bbox 1465 3428 1770 3521; x_wconf 86' lang='lat' dir='ltr'><strong>Gregorii</strong></span> <span class='ocrx_word' id='word_1_251' title='bbox 1803 3430 1898 3497; x_wconf 89' lang='lat' dir='ltr'><strong>M.</strong></span> <span class='ocrx_word' id='word_1_252' title='bbox 1931 3442 1998 3497; x_wconf 87' lang='lat' dir='ltr'><strong>et</strong></span> <span class='ocrx_word' id='word_1_253' title='bbox 2027 3432 2184 3500; x_wconf 79' lang='lat' dir='ltr'><strong>Nic.</strong></span> <span class='ocrx_word' id='word_1_254' title='bbox 2227 3432 2634 3503; x_wconf 78' lang='lat' dir='ltr'><strong>Conmenum</strong></span> 
     </span>
     <span class='ocr_line' id='line_1_31' title="bbox 530 3529 2638 3626; baseline 0.004 -28"><span class='ocrx_word' id='word_1_255' title='bbox 530 3534 601 3600; x_wconf 87' lang='lat' dir='ltr'><strong>in</strong></span> <span class='ocrx_word' id='word_1_256' title='bbox 621 3529 1133 3624; x_wconf 78' lang='lat' dir='ltr'><strong>praenotionibus</strong></span> <span class='ocrx_word' id='word_1_257' title='bbox 1148 3530 1616 3625; x_wconf 79' lang='lat' dir='ltr'><strong>Mystagogicis</strong></span> <span class='ocrx_word' id='word_1_258' title='bbox 1643 3559 1682 3603; x_wconf 89' lang='lat' dir='ltr'><strong>e</strong></span> <span class='ocrx_word' id='word_1_259' title='bbox 1697 3534 1846 3626; x_wconf 84' lang='lat' dir='ltr'><strong>jure</strong></span> <span class='ocrx_word' id='word_1_260' title='bbox 1871 3536 2241 3621; x_wconf 81' lang='lat' dir='ltr'><strong>Canonico,</strong></span> <span class='ocrx_word' id='word_1_261' title='bbox 2271 3540 2380 3605; x_wconf 84' lang='lat' dir='ltr'><strong>Jo.</strong></span> <span class='ocrx_word' id='word_1_262' title='bbox 2401 3536 2498 3605; x_wconf 79' lang='lat' dir='ltr'><strong>de&#39;</strong></span> <span class='ocrx_word' id='word_1_263' title='bbox 2519 3540 2638 3607; x_wconf 82' lang='lat' dir='ltr'><strong>Ni·</strong></span> 
     </span>
     <span class='ocr_line' id='line_1_32' title="bbox 528 3628 2632 3736; baseline 0.003 -32"><span class='ocrx_word' id='word_1_264' title='bbox 528 3651 759 3704; x_wconf 80' lang='lat' dir='ltr'><strong>castro</strong></span> <span class='ocrx_word' id='word_1_265' title='bbox 790 3635 855 3700; x_wconf 92' lang='lat' dir='ltr'><strong>in</strong></span> <span class='ocrx_word' id='word_1_266' title='bbox 879 3628 1335 3728; x_wconf 79' lang='lat' dir='ltr'><strong>Descriptione</strong></span> <span class='ocrx_word' id='word_1_267' title='bbox 1359 3635 1574 3707; x_wconf 86' lang='lat' dir='ltr'><strong>italice</strong></span> <span class='ocrx_word' id='word_1_268' title='bbox 1609 3638 1782 3707; x_wconf 87' lang='lat' dir='ltr'><strong>edita</strong></span> <span class='ocrx_word' id='word_1_269' title='bbox 1819 3660 2014 3709; x_wconf 86' lang='lat' dir='ltr'><strong>arcus</strong></span> <span class='ocrx_word' id='word_1_270' title='bbox 2047 3640 2466 3736; x_wconf 84' lang='lat' dir='ltr'><strong>triumphalis</strong></span> <span class='ocrx_word' id='word_1_271' title='bbox 2503 3646 2632 3711; x_wconf 88' lang='lat' dir='ltr'><strong>Be-</strong></span> 
     </span>
     <span class='ocr_line' id='line_1_33' title="bbox 522 3737 2632 3836; baseline 0.004 -28"><span class='ocrx_word' id='word_1_272' title='bbox 522 3740 879 3809; x_wconf 76' lang='lat' dir='ltr'><strong>neventani</strong></span> <span class='ocrx_word' id='word_1_273' title='bbox 911 3737 1193 3831; x_wconf 86' lang='lat' dir='ltr'><strong>Trajano</strong></span> <span class='ocrx_word' id='word_1_274' title='bbox 1220 3740 1415 3833; x_wconf 83' lang='lat' dir='ltr'><strong>positi</strong></span> <span class='ocrx_word' id='word_1_275' title='bbox 1433 3794 1454 3826; x_wconf 93' lang='lat'><strong><em>‚</em></strong></span> <span class='ocrx_word' id='word_1_276' title='bbox 1483 3743 1696 3836; x_wconf 87' lang='lat' dir='ltr'><strong>capite</strong></span> <span class='ocrx_word' id='word_1_277' title='bbox 1717 3746 1840 3829; x_wconf 88' lang='lat' dir='ltr'><strong>IV,</strong></span> <span class='ocrx_word' id='word_1_278' title='bbox 1877 3758 1999 3814; x_wconf 85' lang='lat' dir='ltr'><strong>etc.</strong></span> <span class='ocrx_word' id='word_1_279' title='bbox 2031 3747 2317 3817; x_wconf 85' lang='lat' dir='ltr'><strong>Gemina</strong></span> <span class='ocrx_word' id='word_1_280' title='bbox 2343 3748 2632 3817; x_wconf 75' lang='lat' dir='ltr'><strong>narratio</strong></span> 
     </span>
     <span class='ocr_line' id='line_1_34' title="bbox 528 3842 2632 3946; baseline 0.004 -34"><span class='ocrx_word' id='word_1_281' title='bbox 528 3844 612 3913; x_wconf 85' lang='lat' dir='ltr'><strong>de</strong></span> <span class='ocrx_word' id='word_1_282' title='bbox 659 3845 1015 3914; x_wconf 88' lang='lat' dir='ltr'><strong>Dinocrate</strong></span> <span class='ocrx_word' id='word_1_283' title='bbox 1044 3842 1357 3914; x_wconf 89' lang='lat' dir='ltr'><strong>defuncto</strong></span> <span class='ocrx_word' id='word_1_284' title='bbox 1384 3846 1726 3941; x_wconf 78' lang='lat' dir='ltr'><strong>Perpetuae</strong></span> <span class='ocrx_word' id='word_1_285' title='bbox 1758 3850 2062 3943; x_wconf 79' lang='lat' dir='ltr'><strong>precibus</strong></span> <span class='ocrx_word' id='word_1_286' title='bbox 2103 3876 2184 3921; x_wconf 80' lang='lat' dir='ltr'><strong>ex</strong></span> <span class='ocrx_word' id='word_1_287' title='bbox 2219 3853 2430 3946; x_wconf 80' lang='lat' dir='ltr'><strong>poenis</strong></span> <span class='ocrx_word' id='word_1_288' title='bbox 2463 3853 2632 3921; x_wconf 81' lang='lat' dir='ltr'><strong>infe·</strong></span> 
     </span>
     <span class='ocr_line' id='line_1_35' title="bbox 524 3948 2634 4051; baseline 0.003 -33"><span class='ocrx_word' id='word_1_289' title='bbox 524 3972 749 4019; x_wconf 87' lang='lat' dir='ltr'><strong>rorum</strong></span> <span class='ocrx_word' id='word_1_290' title='bbox 786 3948 1061 4019; x_wconf 80' lang='lat' dir='ltr'><strong>liberato</strong></span> <span class='ocrx_word' id='word_1_291' title='bbox 1092 3951 1419 4043; x_wconf 80' lang='lat' dir='ltr'><strong>reperitur</strong></span> <span class='ocrx_word' id='word_1_292' title='bbox 1451 3952 1522 4019; x_wconf 88' lang='lat' dir='ltr'><strong>in</strong></span> <span class='ocrx_word' id='word_1_293' title='bbox 1553 3953 1714 4023; x_wconf 80' lang='lat' dir='ltr'><strong>actis</strong></span> <span class='ocrx_word' id='word_1_294' title='bbox 1744 3955 2082 4051; x_wconf 75' lang='lat' dir='ltr'><strong>Perpetuoe</strong></span> <span class='ocrx_word' id='word_1_295' title='bbox 2115 3968 2180 4027; x_wconf 79' lang='lat' dir='ltr'><strong>et</strong></span> <span class='ocrx_word' id='word_1_296' title='bbox 2217 3956 2562 4029; x_wconf 82' lang='lat' dir='ltr'><strong>Felicitatis</strong></span> <span class='ocrx_word' id='word_1_297' title='bbox 2593 3981 2634 4025; x_wconf 88' lang='lat' dir='ltr'><strong>a</strong></span> 
     </span>
    </p>
   </div>
  </div>
 </body>
</html>
