2857 4690
487 307 629 389 440
890 275 911 292 '
1002 301 1450 371 No‘mTlA
1500 301 2080 370 LITERARIA

488 447 737 514 Praeter
756 443 933 512 hanc
948 495 969 530 ,
996 467 1209 537 neque
1234 441 1552 515 codicem
1573 443 1718 512 MS.
1737 495 1756 529 ‚
1779 465 1992 538 neque
2017 443 2452 512 vetustiorem
2469 443 2626 513 edi-

492 553 735 620 tionem
754 603 773 636 ,
806 547 1061 638 laudat3
1090 573 1295 643 quum
1320 548 1598 643 primam
1619 602 1640 636 ‚
1659 572 1856 643 quam
1889 546 2150 642 quidem
2178 549 2320 643 ipse
2335 549 2618 635 viderit,

492 656 801 726 habuerit
846 655 1197 724 editionem
1230 655 1412 724 Beati
1453 655 1754 722 Rhenani
1771 703 1789 738 ‚
1835 677 1872 721 a
1927 649 2254 724 Frobenio
2291 678 2350 723 a.
2409 651 2494 724 15
2507 679 2614 724 20

492 760 759 832 Basileae
797 785 1121 830 excusam.
1158 759 1444 856 Singulis
1474 761 1890 856 Panegyricis
1923 763 2210 830 Baunius
2244 761 2448 830 vitam
2478 764 2618 830 Im·

494 883 913 963 peratorum,
950 867 1185 961 quibus
1226 867 1520 962 inscripti
1559 879 1745 953 sunt,
1783 891 1904 960 per
1951 890 2160 936 annos
2200 891 2242 934 a
2297 891 2368 935 se
2425 866 2612 960 dige-

496 987 665 1042 stam
684 1025 705 1060 ‚
744 974 898 1041 item
942 963 1438 1067 etjnumismata
1475 997 1556 1040 ex
1581 971 1882 1042 Huberto
1907 971 2142 1042 Golzio
2177 971 2617 1067 deprompta,

493 1077 803 1174 praefixit3
833 1079 1024 1149 simul
1068 1079 1454 1173 Panegyrici
1484 1077 1798 1172 cujusque
1834 1079 2142 1173 synopsin
2178 1079 2264 1147 ad
2291 1093 2502 1148 artem
2545 1091 2622 1147 et

496 1186 731 1253 seriem
770 1208 991 1254 rerum
1028 1186 1404 1279 proposuit3
1437 1198 1771 1278 postremo
1804 1183 2282 1254 vocabulorum
2309 1185 2620 1254 omnium

496 1289 757 1358 Indices
796 1290 1091 1384 subjecit.

616 1408 832 1508 1677.
866 1413 1156 1499 oxonii,
1206 1412 1271 1483 8.
1316 1414 1391 1482 C.
1436 1412 1628 1481 Plinii
1654 1413 1963 1506 Epistolae
2004 1427 2073 1484 et
2095 1415 2562 1508 Panegyricus».

618 1531 835 1606 1682.
891 1535 1365 1632 Norc'rnbergae
1389 1589 1413 1624 ,
1469 1535 1580 1606 fol.
1641 1536 1854 1606 Marci
1911 1539 2181 1608 Velsen‘
2217 1538 2530 1633 operibus
2579 1561 2626 1604 a

504 1639 721 1735 Chph.
774 1641 1091 1713 Amoldo
1138 1643 1205 1710 in
1244 1667 1454 1712 unum
1500 1640 1630 1711 vol.
1679 1639 1971 1714 collectis
2021 1645 2280 1714 additus
2323 1645 2392 1712 in
2441 1640 2628 1712 calce

507 1760 645 1816 est:
675 1746 935 1816 Publilii
964 1750 1327 1845 optatiani
1349 1749 1712 1844 Porphyrii
1727 1751 2169 1845 Panegyricus
2195 1749 2411 1819 dictus
2441 1750 2624 1818 Con-

506 1855 794 1923 stantino
834 1857 1002 1949 Aug.
1062 1879 1145 1924 ex
1190 1854 1355 1925 Cod.
1398 1857 1544 1924 MS.
1582 1855 1770 1925 Pauli
1819 1855 2108 1944 Velseri,
2155 1856 2406 1926 Patritii
2449 1857 2622 1948 Aug.

504 1959 706 2028 Vind.
758 1959 1193 2055 subjungitur
1238 1959 1484 2029 Christ.
1527 1963 1798 2031 Daumii
1844 1961 2266 2057 spicilegium
2319 1962 2626 2030 criticum

510 2056 635 2154 (ex
684 2067 863 2136 Petri
905 2065 1142 2134 Pithoei
1185 2066 1469 2135 editione
1514 2068 1688 2136 inter
1727 2082 2028 2138 veterum
2072 2068 2298 2163 Epigr.
2343 2081 2414 2135 et
2451 2066 2628 2135 Poe-

510 2173 714 2243 matia
730 2171 1043 2268 Lugduni
1078 2195 1105 2241 1
1124 2167 1273 2267 596
1300 2187 1688 2267 procurata,
1709 2199 1773 2269 p.
1809 2171 1901 2271 37
1935 2189 2002 2243 et
2035 2173 2284 2242 Barthii
2315 2171 2628 2241 Adverss.

510 2269 958 2376 congestum).

636 2398 852 2470 1686.
893 2398 1113 2467 Halae
1158 2396 1554 2485 Saxonum,
1602 2399 1667 2468 8.
1705 2398 2143 2537 Thomasiana
2177 2400 2291 2486 ΙΙ,
2339 2422 2424 2466 ex
2472 2396 2626 2466 edit.

528 2502 716 2601 1675
755 2504 971 2571 minus
1006 2500 1348 2571 emendate
1390 2506 1686 2598 repetita.

634 2649 659 2695 1
675 2623 846 2695 686
898 2627 1179 2709 oxonii,
1221 2624 1287 2697 8.
1328 2622 1521 2695 Plinii
1551 2628 1904 2721 Epp.cu1n
1937 2626 2182 2721 Paneg-

634 2746 851 2817 1688.
892 2746 1435 2843 thembergoe‚
1466 2747 1532 2819 8.
1563 2748 1732 2815 Pinii
1767 2748 2011 2843 Paneg.
2049 2748 2280 2819 illustr.
2311 2772 2352 2817 a
2381 2752 2624 2843 Georg.

518 2854 712 2948 Casp.
754 2853 1245 2945 Kavlzmassro.

638 3000 665 3045 1
681 2974 857 3069 689.
903 2976 1446 3071 thembergae,
1500 2975 1569 3046 8.
1611 2978 1680 3047 C.
1721 2978 1934 3047 Plinii
1970 2980 2143 3049 Caec.
2181 2978 2480 3047 Secundi
2497 2982 2627 3048 Pa-

517 3086 891 3177 negyricus,
926 3082 1031 3151 ad
1042 3082 1621 3151 emendatissimos
1655 3082 1935 3153 Codices
1958 3088 2347 3169 recensitas,
2371 3100 2448 3153 et
2462 3107 2624 3153 oom-

518 3192 853 3259 mentan‘o
876 3186 981 3259 ad
988 3187 1257 3257 ductum
1273 3190 1490 3284 Lepsii
1509 3186 1891 3282 suffic-lente
1913 3190 2290 3259 illustr-acm
2305 3213 2356 3258 a
2383 3192 2622 3284 Georg.

526 3291 1514 3389 Casp.Kiml1maje›-0.Edmo
1541 3294 1767 3363 altera
1799 3296 2213 3389 locupletior.
2245 3298 2346 3365 Ita
2359 3294 2626 3419 quidem

520 3398 768 3469 titulus.
799 3398 929 3469 Sed
962 3398 1462 3489 Kirchmajerus
1489 3396 1703 3469 nullos
1729 3399 2010 3471 Codices
2043 3403 2236 3471 MSS.
2267 3388 2623 3471 consuluit:

520 3519 771 3575 textum
803 3504 1187 3599 Panegyrici
1222 3528 1457 3599 parum
1499 3505 1918 3574 emendatum
1961 3507 2260 3591 exhibet,
2305 3532 2430 3577 nec
2465 3507 2628 3594 fere,

520 3612 645 3681 nisi
684 3610 891 3703 Lipsii
931 3623 1119 3679 notas
1144 3660 1165 3696 ‚
1206 3610 1273 3677 in
1320 3610 1785 3704 compendium
1829 3610 2097 3706 redegit.
2134 3615 2216 3681 In
2249 3614 2626 3708 praefatione

516 3729 742 3785 narrat
760 3767 781 3801 ‚
820 3717 857 3783 J
860 3740 919 3783 o.
964 3716 1241 3784 Livineii
1274 3713 1958 3812 exemplariS‚copiam
1991 3718 2112 3787 sibi
2154 3718 2396 3789 factam
2436 3719 2628 3789 fuisse

514 3847 554 3893 a
602 3820 978 3891 Christiano
1027 3822 1314 3891 Daumio
1334 3872 1353 3905 ‚
1397 3823 1506 3891 cui
1565 3844 1605 3889 a
1646 3822 1950 3893 Piccarto
1997 3824 2344 3920 adscriptae
2389 3824 2626 3896 fuerint

512 3942 681 3999 notae
726 3924 1144 4021 marginales,
1186 3942 1253 3997 et
1293 3926 1646 4021 singularia
1687 3928 1986 4023 quaedam
2029 3930 2422 4001 Bai-thiana:
2461 3956 2622 4025 quo·
