2857 4690
923 382 1060 449 DE
1115 382 1194 451 c.
1252 380 1649 451 PLINlo.
2185 377 2337 469 [με’.

207 515 388 583 cinae
425 512 658 583 eodem
695 536 870 581 anno
913 534 936 581 1
955 515 1048 609 47
1069 536 1094 583 1
1121 505 1189 601 ),
1216 512 1391 581 unde
1416 567 1436 600 ,
1462 512 1634 582 hanc
1661 511 2011 582 editionem
2046 514 2343 587 Venetiis

205 634 284 689 et
307 618 488 715 apud
517 618 819 688 eumdem
841 619 1331 714 typographum
1353 618 1593 689 factam
1608 642 1777 709 esse,
1796 634 1974 689 recte
1995 618 2339 715 colligitur.

203 750 664 901 Pagai-czntf74.
691 750 887 813 Roma,
921 738 1005 813 4⁰.
1031 746 1194 801 Plinii
1227 744 1341 802 Sec.
1371 746 1525 818 epist.
1556 762 1655 820 per
1679 746 1825 801 Joan.
1856 746 2120 801 Schurenes·
2148 748 2208 801 ἀι
2236 749 2343 802 Bo·

339 961 366 1006 1
384 933 558 1033 476.
591 936 928 1031 Neapoli,
969 932 1079 1003 fol.
1107 932 1316 1003 Plinii
1331 922 1695 1028 Epistoloe.
1722 936 1805 1003 In
1828 932 1991 1003 fine:
2020 936 2347 1031 Neapoli,

209 1044 578 1112 millesimo
616 1042 1278 1137 quadrmgenteszMO
1311 1045 1811 1135 septuagesimo
1846 1055 2047 1111 sexto
2065 1092 2089 1128 ,
2123 1064 2350 1113 mense

207 1150 404 1218 Julit.
443 1154 792 1244 Impressit
832 1147 1176 1219 Matthias
1209 1148 1541 1217 Moram
1573 1151 1685 1217 vit·
1713 1148 2051 1241 singulari
2078 1152 2349 1243 ingemi>

211 1270 298 1323 et
331 1270 529 1343 arte3
552 1259 946 1348 recognovit
965 1256 1002 1321 J
1007 1254 1282 1323 unianus
1310 1253 1530 1322 Maius
1552 1253 2095 1349 Parthenopaeus
2126 1256 2356 1326 rhetor

193 1360 536 1457 publicus
569 1368 835 1429 summa
869 1384 1037 1429 cura
1070 1370 1467 1453 summaque
1504 1358 1877 1455 dilig-enuit.
1914 1358 2017 1429 Cf.
2060 1362 2354 1431 Maittar.

213 1466 260 1535 l.
307 1492 365 1536 c.
412 1491 560 1561 pag.
603 1464 777 1537 361.
829 1470 908 1535 In
968 1466 1271 1535 omnihus
1319 1464 1676 1535 conformis
1724 1480 1823 1535 est
1871 1466 2139 1535 editioni
2182 1470 2345 1539 Ger-

211 1574 499 1641 manicae
532 1598 582 1641 a.
619 1596 658 1641 a
695 1588 761 1642 et
796 1571 838 1641 l.
879 1586 1043 1642 teste
1077 1574 1403 1641 Ernestio.
1446 1574 1789 1667 Excerptis
1827 1596 1909 1640 ex
1942 1596 2022 1641 ea
2055 1598 2211 1643 usus
2256 1586 2354 1643 est

217 1678 612 1773 LongoliuS.
1898 1748 1905 1755 .

333 1786 400 1853 S.
434 1808 474 1853 a
505 1799 574 1853 et
603 1782 648 1852 l.
673 1784 1026 1875 editionem
1051 1786 1120 1851 in
1151 1784 1508 1854 Germania
1530 1780 1809 1871 factam,
1833 1806 2038 1877 quum
2065 1784 2355 1878 primum

213 1914 334 1959 ars
384 1890 857 1985 typographica
907 1891 1172 1959 inventa
1217 1904 1318 1958 est
1338 1942 1359 1977 ‚
1401 1888 1607 1959 refert
1646 1886 1727 1957 cl.
1776 1891 2039 1958 Ernesti
2082 1891 2147 1957 in
2198 1888 2354 1957 bibl.

218 2000 376 2065 Lat.
426 1998 702 2067 auctiori
737 2010 894 2066 tom.
941 1996 1010 2064 II
1035 2049 1054 2084 ,
1098 2018 1248 2091 pag.
1282 1998 1370 2081 41
1397 2018 1423 2065 1
1456 2049 1476 2083 ,
1514 1994 1702 2088 cujus
1744 1996 1887 2089 ipse
1930 1992 2302 2089 exemplum
2336 2044 2356 2079 ,

217 2116 344 2170 aut
364 2099 593 2171 saltem
629 2104 1082 2197 repetitionem
1110 2101 1354 2171 habere
1385 2126 1453 2169 se
1484 2098 1676 2185 dicit,
1704 2124 2034 2195 quamque
2060 2102 2355 2170 omnium

217 2209 510 2303 primam
541 2222 750 2302 putat.
786 2212 852 2277 Is
885 2208 1049 2277 liber
1083 2208 1287 2276 habet
1318 2221 1577 2276 tantum
1615 2205 1821 2277 libros
1853 2222 2009 2277 octo
2031 2206 2356 2301 Epistola-

217 2338 390 2412 rum.
421 2338 576 2383 cum
625 2318 1056 2409 Panegyrico
1096 2313 1273 2384 dicto
1315 2313 1487 2408 Imp.
1527 2314 1808 2400 Nervae,
1850 2328 1927 2382 ut
1973 2313 2065 2392 ibi
2100 2312 2355 2409 legitur.

216 2422 372 2490 Nos
415 2443 560 2488 eam
593 2421 977 2513 conjicimus
1000 2474 1018 2507 ‚
1051 2419 1230 2514 quod
1265 2419 1347 2488 ad
1386 2445 1534 2515 epp.
1570 2420 1836 2508 attinet,
1868 2418 2070 2488 filiam
2099 2421 2361 2515 Neapo-

221 2524 477 2612 litanae,
517 2528 758 2620 quippe
796 2551 1078 2616 quacum
1124 2527 1468 2613 convenit,
1504 2548 1780 2618 eamque
1809 2527 2047 2620 Lipsiae
2089 2521 2355 2595 editam.

337 2631 403 2700 S.
443 2655 506 2698 n.
559 2633 751 2716 anni,
795 2630 965 2716 loci,
1009 2645 1077 2700 et
1105 2630 1538 2726 typographi,
1584 2631 1699 2700 sed
1742 2631 1921 2700 haud
1966 2631 2164 2700 dubie
2198 2633 2358 2701 Me-

219 2735 686 2821 diolanehsh,
723 2741 791 2822 4.
822 2736 1010 2807 Plinii
1045 2739 1521 2830 Panegyricus,
1548 2736 1721 2804 inter
1762 2735 2109 2806 duodecim
2138 2743 2365 2836 *Pane-

220 2846 504 2936 gyricos
527 2858 788 2912 veteres
816 2868 855 2910 a
881 2847 1131 2912 Franc.
1165 2843 1551 2912 Puteolano
1579 2840 1807 2912 editos.
1840 2844 2061 2931 Quam
2094 2844 2359 2936 quidem

225 2947 588 3016 editionem
629 2949 1020 3017 Arntzenius
1058 2963 1124 3016 et
1165 2947 1572 3017 Schwarzius
1614 2945 1697 3015 ad
1734 2971 1982 3016 annum
2026 2947 2219 3042 1476
2258 2973 2359 3017 re-

231 3051 499 3140 ferunt,
525 3053 700 3122 unde
727 3055 920 3122 etiam
952 3054 1062 3122 hic
1097 3076 1308 3121 annus
1345 3048 1648 3146 exemplo
1687 3053 1753 3119 in
1790 3051 1999 3121 Catal.
2034 3050 2203 3122 Bibl.
2236 3055 2359 3122 Er-

229 3159 548 3228 nestianae
585 3184 648 3254 p.
695 3158 832 3229 182
873 3183 936 3227 n.
983 3155 1177 3254 2737
1228 3155 1597 3251 adscriptus
1642 3158 1761 3247 sit3
1805 3158 1919 3228 sed
1957 3161 2361 3254 argumentis

227 3263 686 3358 probabilibus
735 3265 1038 3334 vindicat
1066 3257 1296 3333 Saxius
1332 3263 1399 3331 in
1444 3264 1614 3333 Hist.
1661 3261 1753 3334 lit.
1796 3279 1929 3360 typ.
1974 3263 2235 3335 Mediol.
2276 3265 2361 3334 ad

226 3393 482 3439 annum
533 3370 746 3456 1482.
787 3375 986 3441 Certe
1020 3372 1307 3438 Joannes
1349 3368 1732 3458 GaleaciuS,
1768 3372 1955 3464 cujus
1989 3369 2236 3438 natales
2264 3371 2363 3438 in·

231 3475 472 3545 cidunt
508 3477 574 3544 in
615 3501 860 3546 annum
920 3475 1151 3571 1469,
1190 3477 1419 3545 Franc.
1468 3475 1827 3546 Puteolano
1869 3478 1936 3545 in
1980 3475 2362 3571 proefatione

228 3579 322 3648 ad
380 3585 518 3650 Jac.
577 3584 1032 3678 Antiquarium
1082 3581 1322 3651 dicitur
1374 3605 1557 3652 nunc
1586 3589 1886 3679 premam
1940 3581 2319 3679 pubescens*
2336 3611 2363 3669 ;

227 3685 416 3780 quod
447 3688 715 3758 minime
734 3687 1057 3784 quadrare
1083 3687 1345 3756 videtur
1361 3689 1428 3756 in
1460 3703 1707 3758 annum
1748 3686 1962 3792 1476.
1986 3692 2229 3758 Praeter
2251 3691 2361 3759 Pa-

233 3794 581 3886 negyricos
613 3809 866 3863 veteres
898 3794 1023 3863 hac
1059 3793 1342 3862 editione
1377 3795 1574 3863 etiam
1612 3795 1989 3864 continetur
2016 3794 2142 3864 Jul.
2181 3797 2357 3890 Agri·

233 3895 401 3966 colae
435 3900 570 3966 vita
604 3923 725 3994 per
752 3903 951 3970 Corn.
981 3901 1318 3987 Tacitum,
1347 3901 1414 3969 e‘t
1431 3901 1721 3970 Petronii
1756 3899 2005 3971 Arbitri
2034 3901 2356 3996 fragmen-

235 4016 401 4070 tum.
451 4005 630 4073 Usus
666 4019 766 4074 est
802 4027 880 4074 ea
915 4003 996 4074 cl.
1039 4006 1452 4076 Amtzenius.
