2857 4690
512 355 649 428 228
1228 352 1795 426 EXCURSUS
1842 353 1896 420 1.

505 506 663 575 ego,
701 503 912 574 quum
944 479 1152 550 recito
1172 531 1194 566 ,
1219 501 1358 546 non
1389 477 1640 560 minua,
1671 499 1879 569 quam
1912 473 2241 564 clamore,
2276 474 2573 548 delector
2602 506 2629 566 ς

504 593 592 662 sit
641 587 842 660 modo
881 589 1218 660 silentium
1266 610 1420 657 acre
1468 600 1533 654 et
1585 586 1929 662 intentum
1974 599 2045 654 et
2085 585 2405 680 cupidum
2454 587 2634 658 ulte-

501 706 680 776 riora
719 702 1109 774 audiendi».
1137 701 1400 795 Nempe
1440 714 1589 770 erat
1620 713 1689 768 et
1726 697 2063 770 silentium
2112 699 2510 794 frigidorum
2554 715 2633 770 et

501 838 950 898 morosorum‚
987 811 1236 906 quales,
1265 813 1396 898 VI,
1425 815 1551 904 Ep.
1594 832 1674 905 17
1708 808 2193 879 describuntur.
2224 811 2363 899 Qui
2395 825 2629 880 autem

503 931 836 1002 intentum
865 925 1390 998 illudsilentium
1419 922 1806 1007 servabant,
1838 924 1885 990 ii
1914 927 2147 994 Horat.
2178 927 2233 1010 Ι,
2266 928 2402 995 Sat.
2434 923 2499 1013 3,
2532 925 2625 1022 87

487 1057 822 1136 port-ecto
835 1035 1102 1132 jugulo
1119 1091 1142 1124 ‚
1189 1053 1266 1106 ut
1309 1039 1650 1131 cqotz'mm
1668 1087 1688 1121 ,
1728 1031 1968 1102 audire
2002 1034 2239 1103 acerbe
2278 1034 2625 1104 dicuntur.

499 1149 631 1222 Sed
675 1147 1064 1242 plerumque
1115 1143 1436 1216 clamores
1464 1141 1933 1237 ,praevalebant
1952 1197 1970 1229 ‚
2022 1145 2205 1238 iique
2258 1146 2327 1213 in
2376 1169 2629 1240 mag-no

373 1307 380 1314 -
501 1257 838 1336 auditorio
889 1255 1233 1340 immensi,
1279 1268 1357 1322 ut
1404 1252 1605 1347 longe
1660 1251 1923 1347 lateque
1972 1254 2269 1324 exaudiri
2310 1271 2625 1349 possent,

501 1393 710 1462 quum
743 1365 1160 1452 audientium
1203 1361 1373 1434 alius
1413 1359 1737 1432 Pulchre!
1772 1357 1991 1432 recte!
2038 1361 2241 1434 bene!
2278 1362 2410 1432 alta
2460 1389 2631 1436 voce

501 1476 853 1561 clamaret,
884 1474 1057 1544 alius
1083 1497 1322 1542 manus
1356 1470 1841 1566 comploderet,
1872 1471 2040 1542 alius
2064 1497 2101 1542 e
2120 1471 2275 1543 sede
2306 1459 2630 1562 exsiliret,

503 1587 671 1684 pede
706 1585 1019 1656 tunderet
1043 1598 1317 1671 terram,
1347 1595 1709 1676 togamque
1732 1582 2047 1676 jactaret,
2072 1582 2240 1655 alius
2264 1584 2391 1654 alia
2418 1587 2629 1655 animi

503 1697 1006 1770 commotissimi
1033 1695 1224 1790 signa
1252 1693 1495 1763 ederet.
1526 1693 1627 1764 Cf.
1658 1717 1806 1788 quae
1842 1695 1912 1762 in
1942 1695 2123 1764 notis
2152 1695 2237 1764 ad
2262 1698 2333 1782 Ι,
2356 1699 2483 1791 Ep.
2512 1697 2629 1782 13,

507 1811 584 1896 ὃς
621 1811 846 1894 etVI,
869 1811 992 1900 Ep.
1027 1829 1136 1902 17,
1179 1830 1218 1872 2
1251 1803 1657 1874 monuimus.
1700 1804 1877 1872 Hinc
1906 1804 2273 1899 posteriore
2307 1803 2453 1874 loco
2489 1820 2630 1874 tam

507 1917 737 1992 insulsi
761 1919 1010 1990 Nostro
1036 1913 1439 1984 videbantur
1464 1913 1599 1982 duo
1628 1927 1747 1982 aut
1776 1927 1909 1982 tres
1938 1909 2068 1999 illi,
2094 1915 2211 2009 qui
2234 1913 2457 1984 sumitis
2484 1939 2633 1984 mu-

503 2035 726 2121 tisque
775 2027 1029 2098 sitm'les
1079 2024 1465 2096 audiebant
1476 2049 1503 2110 ,-
1554 2023 1672 2117 qui
1726 2045 1869 2094 non
1924 2021 2123 2094 labra
2170 2023 2591 2096 dzdzaerunt
2604 2079 2628 2112 ‚

507 2163 644 2211 non
711 2152 1070 2208 moverunt
1123 2159 1398 2204 manum
1416 2186 1439 2219 ,
1508 2157 1649 2203 non
1706 2132 1999 2227 denique
2066 2134 2627 2206 adsumserunt.

507 2251 718 2318 Erant
759 2247 998 2331 etiam,
1029 2243 1184 2338 qui,
1219 2243 1409 2312 finita
1453 2243 1873 2330 recitatione,
1904 2243 2295 2339 scriptorem
2328 2243 2621 2314 multum

508 2383 588 2427 ac
613 2358 728 2428 diu
769 2354 1346 2441 exoscularentur,
1379 2378 1667 2448 eumque
1708 2352 2013 2423 laudibus
2047 2356 2439 2440 incitarent,
2472 2380 2626 2451 per·

511 2483 728 2562 geret,
755 2490 888 2560 qua
915 2466 1219 2559 coepisset
1235 2482 1262 2546 ,⁸
1280 2465 1364 2545 V,
1399 2468 1527 2556 Ep.
1574 2488 1679 2558 17,
1712 2466 1782 2547 4.
1812 2464 1883 2531 Si
1912 2462 2057 2553 ille,
2094 2464 2393 2534 nondum
2428 2464 2627 2534 abso-

513 2577 655 2649 luto
687 2601 924 2671 opere,
949 2575 1148 2644 finem
1187 2572 1400 2642 facere
1425 2572 1725 2659 volebat,
1751 2574 1950 2642 amici
1986 2576 2344 2669 rogabant,
2373 2590 2451 2644 ut
2476 2600 2631 2670 per·-

514 2702 731 2783 geret,
762 2701 839 2756 ut
875 2686 1052 2755 diem
1090 2682 1368 2753 alterum
1403 2685 1753 2753 tertiumve
1780 2684 2077 2773 adderet,
2105 2688 2225 2771 ῙΠ,
2250 2688 2375 2779 Ep.
2422 2684 2527 2769 18,
2558 2688 2629 2771 4;

513 2800 634 2883 IV,
658 2800 781 2891 Ep.
825 2792 899 2881 53
929 2796 1109 2880 VIII,
1137 2796 1262 2887 Ep.
1303 2818 1341 2863 2
1361 2817 1417 2881 r,
1452 2796 1534 2879 [μ
1572 2818 1975 2890 quamquam
2004 2795 2179 2864 idem
2198 2810 2266 2864 et
2299 2794 2630 2865 derisores

513 2908 924 2978 factitabant.
961 2906 1189 2973 Senec.
1222 2906 1348 2999 Ep.
1387 2900 1518 2999 95,
1542 2930 1609 2999 p.
1654 2930 1733 3001 71
1758 2929 1825 2975 1:
1861 2905 2251 2975 «Recitator
2274 2904 2629 2974 historiam

515 3020 852 3113 ingentem
900 3011 1161 3099 attulit,
1201 3015 1645 3083 minutissime
1697 3016 2048 3109 scriptam,
2088 3016 2450 3085 arctissime
2504 3014 2629 3109 pli-

516 3142 730 3200 catam
749 3180 769 3214 ,
813 3139 882 3193 et
933 3146 1175 3219 mag-na
1231 3138 1418 3217 parte
1478 3122 1767 3218 perlecta
1812 3150 1827 3193 :
1870 3126 2189 3194 Desinam
2210 3176 2229 3209 ,
2274 3124 2526 3217 inquit,
2570 3125 2625 3192 si

517 3235 729 3307 vultis.
768 3232 1216 3321 Acclamatur‚
1249 3233 1516 3319 Recita,
1558 3234 1793 3318 recita,
1826 3234 1911 3303 ab
1945 3233 2087 3320 his,
2129 3234 2247 3328 qui
2285 3232 2475 3304 illum
2510 3234 2627 3302 ob·

517 3360 884 3417 mutescere
919 3342 1092 3415 illico
1129 3343 1481 3437 cupiunt.»
1523 3348 1931 3427 In-summa,
1964 3344 2193 3413 omnia
2230 3343 2315 3413 ad
2354 3343 2627 3415 laudan·

519 3458 680 3527 dum
729 3455 1094 3549 composita
1141 3468 1355 3523 erant.
1404 3457 1555 3523 Hoc
1600 3455 1741 3547 ipse
1780 3452 2035 3523 Plinius
2084 3452 2511 3547 sequebatur,
2551 3468 2631 3523 ut

521 3570 654 3651 VI,
697 3568 819 3661 Ep.
852 3589 969 3661 17,
1009 3566 1088 3649 [ιε
1123 3565 1327 3635 «Sive
1369 3562 1553 3657 plus,
1594 3566 1729 3631 sive
1772 3566 2026 3651 minus,
2062 3564 2200 3634 sive
2238 3564 2413 3633 idem
2454 3590 2628 3659 prae-

521 3692 689 3759 stas,
729 3674 927 3747 lauda
967 3672 1069 3743 vel
1113 3671 1531 3760 inferiorem,
1572 3672 1671 3742 vel
1714 3675 2161 3769 superiorem,
2184 3672 2287 3741 vel
2328 3696 2628 3767 parem.»

523 3790 610 3855 Et
665 3810 936 3857 summae
975 3783 1407 3878 arrogantiae,
1448 3783 1891 3852 sinisteritatis
1933 3808 2010 3853 ac
2054 3783 2277 3877 potius
2319 3782 2630 3851 amentiae

521 3920 664 3967 esse
700 3908 930 3989 putat,
964 3894 1352 3963 recitantem
1377 3890 1717 3961 offendere
1748 3907 1815 3962 et
1847 3894 2189 3963 inimicum
2220 3888 2629 3985 relinquere,

523 4004 607 4078 ad
635 4028 854 4101 quem
893 4016 1210 4095 tanquam
1261 4000 1697 4071 amicissimus
1746 4004 2023 4073 veneris.
2062 4002 2339 4091 Quanto
2380 4003 2630 4073 rectius

522 4118 752 4183 Horat.
799 4115 872 4181 A.
911 4113 982 4179 Ρ.
1021 4107 1192 4191 450:
