2857 4690
216 433 1450 458 Wssummmmm
1456 431 1958 455 ΜΒὮΜἉΎἉΜ
1967 431 2332 454 mmmm

552 639 1039 808 ῙΝΒΕΧ
1106 699 2002 808 EDITIONUM

850 984 1000 1121 C.
1077 987 1690 1124 PLINII

744 1285 1171 1342 AUCTIOR
1222 1277 1812 1348 FABRICIANO

488 1517 585 1561 ιη’
632 1515 717 1562 IN
772 1514 1171 1573 Qqumz
1226 1514 1556 1562 AE‘rxrns
1609 1515 2070 1562 mens‘rus.

1911 1611 1922 1634 .

316 1900 559 1973 AETAS
588 1903 641 1970 I.
684 1923 709 1970 1
727 1903 820 1996 47
841 1925 865 1969 1
889 1935 972 1946 —-
998 1924 1023 1970 1
1044 1898 1211 1971 508.
1238 1903 1460 1990 Quam
1499 1901 1872 1995 bipertitam
1906 1901 2184 1972 facimus
2211 1916 2232 1957 =

314 2134 403 2231 (¹)
442 2141 877 2212 Cor-boniana
907 2163 947 2208 a
974 2141 1234 2210 Ludov.
1281 2143 1780 2228 CARBONE3
1809 2141 2110 2212 editionis
2146 2144 2342 2236 prin-

214 2247 379 2342 cipis
414 2246 861 2342 Epistularum
904 2271 953 2315 s.
994 2250 1265 2316 Venetae
1312 2249 1346 2316 1
1384 2271 1486 2315 an.
1535 2252 1670 2344 147
1692 2273 1718 2318 1
1763 2263 2070 2318 curatore
2089 2301 2108 2336 ‚
2133 2272 2336 2342 quam

223 2354 561 2448 excipiunt
593 2355 1071 2449 Neapolitana
1120 2379 1144 2424 1
1162 2352 1345 2449 476,
1373 2378 1534 2424 cura
1557 2357 1822 2424 Juniani
1852 2358 2061 2443 Mazi,
2097 2370 2166 2423 et
2193 2364 2350 2449 quae'

214 2484 369 2529 cum
416 2483 495 2527 ea
548 2461 875 2529 consentit
923 2462 1335 2529 Get-manebat
1378 2485 1427 2529 s.
1485 2460 1524 2529 l.
1573 2475 1641 2530 et
1690 2486 1746 2529 a.
1803 2454 2346 2531 Medzblan'enszzr

214 2590 369 2660 epp.
403 2588 431 2634 1
447 2564 640 2660 478,-
678 2579 745 2634 et
774 2568 1127 2635 Tarvzkina
1167 2590 1193 2636 1
1210 2566 1378 2652 483.
1401 2557 1486 2656 (²)
1513 2568 2344 2664 Pompone‘o-Beroaldina

224 2674 539 2765 1490-
562 2668 795 2759 1506,
832 2674 901 2739 in
940 2696 1071 2767 qua
1102 2671 1291 2742 libris
1330 2674 1467 2743 VII
1509 2674 1934 2769 epistolarum
1988 2674 2344 2743 succedere

216 2778 419 2871 coepit
454 2800 667 2846 novus
695 2780 899 2861 VIII,
926 2779 1017 2847 ita
1050 2794 1127 2846 ut
1162 2780 1276 2873 qui
1310 2780 1506 2873 prius
1529 2780 1896 2849 habebatur
1921 2782 2126 2867 vm,
2159 2804 2348 2849 nune

216 2897 389 2953 esset
438 2906 657 2953 nonus
675 2936 699 2970 ‚
749 2885 1037 2977 primum
1088 2888 1158 2952 in
1196 2885 1349 2953 edit.
1404 2889 1721 2955 Romana
1762 2890 2126 2980 Pomponii
2160 2888 2347 2954 Loeti

228 3012 255 3057 1
272 2992 427 3084 490
442 3042 462 3075 ,
501 2988 653 3057 dein
692 2992 1106 3058 Bononiensi
1133 2992 1173 3058 J
1172 3015 1231 3059 o.
1282 2990 1578 3059 Jucundt
1608 2992 2006 3060 Veronensis
2040 3014 2078 3057 a
2117 2994 2336 3059 Bero-

220 3095 385 3165 aldo
416 3095 737 3164 recensita
792 3095 981 3190 ι498
1023 3110 1091 3163 et
1116 3098 1472 3165 Ταννιζςὺῑα
1503 3096 1706 3189 ejusd.
1745 3098 1896 3164 anni
1919 3148 1938 3184 ,
1957 3110 2100 3163 tum
2118 3096 2186 3163 in
2215 3098 2336 3164 Be·

218 3198 513 3269 roaldina
555 3224 605 3269 s.
658 3203 924 3270 Veneta
962 3203 1067 3281 ΙΙ,
1122 3226 1144 3269 1
1168 3198 1351 3287 501,
1394 3224 1540 3294 quae
1579 3202 1715 3295 jam
1761 3202 2104 3295 adjunctas
2142 3200 2343 3269 habet

218 3332 370 3401 epp.
408 3304 597 3375 Plinii
648 3306 731 3375 ad
772 3307 1127 3400 Trajanum
1156 3300 1319 3395 (sed
1352 3320 1421 3375 et
1455 3308 1634 3375 Hier.
1672 3310 2068 3377 Huantinus
2110 3304 2342 3375 allatas

218 3438 259 3480 e
290 3410 506 3483 Gallia
550 3410 869 3481 industria
903 3412 1079 3482 Petri
1118 3412 1419 3481 Leandri
1457 3412 1816 3508 descriptas
1857 3438 2009 3508 epp.
2051 3412 2134 3481 ad
2166 3414 2340 3480 Tra-

214 3516 443 3609 janum
470 3540 511 3585 a
540 3540 613 3585 se
650 3519 995 3612 castigatas
1029 3519 1313 3587 Veronae
1346 3517 1825 3613 publicaverat,
1857 3532 1924 3587 et
1959 3518 2340 3597 Beroaldus

220 3622 483 3693 easdem
501 3674 521 3708 ‚
568 3638 767 3716 prout
804 3648 843 3691 a
882 3626 982 3693 Jo.
1020 3624 1330 3694 luctando
1376 3625 1444 3693 in
1487 3622 1700 3695 Gallia
1738 3624 2078 3718 descriptae
2115 3638 2338 3709 erant,

219 3726 441 3797 denuo
460 3726 707 3817 edidit,
738 3754 883 3823 quae
923 3728 1069 3799 edd.
1126 3730 1321 3825 1498
1364 3744 1432 3798 et
1481 3754 1508 3799 1
1527 3728 1661 3801 501
1704 3728 2298 3825 superadderentur
2315 3756 2342 3796 .-

222 3833 401 3901 unde
430 3832 517 3901 ab
557 3858 661 3902 an.
682 3850 859 3905 certe
898 3860 925 3904 1
944 3832 1088 3906 502
1117 3836 1373 3906 auctior
1412 3834 1656 3930 prodiit
1669 3830 1914 3905 Plinius
1943 3858 2062 3929 per
2082 3835 2184 3903 ed.
2204 3839 2340 3904 Ve-

226 3962 577 4008 ronensem
617 3964 667 4007 s.
719 3943 817 4010 Jo.
858 3940 947 4010 de
988 3942 1260 4011 Tn'dino
1282 3934 1345 4028 ),
1388 3956 1456 4010 et
1489 3940 1962 4010 Mediolanensi
1993 3964 2096 4010 an.
2141 3964 2168 4009 1
2187 3937 2339 4010 506

228 4046 331 4117 Jo.
374 4045 604 4115 Mariae
638 4046 957 4117 Catanoei
970 4100 990 4134 ‚
1030 4048 1145 4141 qui
1182 4049 1684 4117 commentarios
1717 4046 2022 4139 adjunxit
2059 4070 2246 4133 suos,
2269 4058 2342 4113 et
