2857 4690
450 349 583 422 312
1016 353 1093 418 C.
1151 355 1486 426 PLINII
1536 355 2008 424 SECUNDI

450 474 748 545 admissis
776 491 845 544 et
870 477 1169 548 exclusis.
1208 478 1311 548 Ad
1344 479 1486 549 haec
1523 480 1664 574 ipse
1687 501 1970 548 occursu
1998 502 2266 572 quoque
2299 479 2594 572 visuque

450 571 811 655 terribilis:
868 589 1181 684 superbia
1234 590 1303 658 in
1362 587 1586 659 fronte
1611 641 1630 674 ‚
1685 589 1786 658 ira
1841 589 1909 658 in
1965 585 2216 672 oculis,
2239 587 2595 658 femineus

450 695 665 791 pallor
706 699 775 766 in
814 723 1128 794 corpore,
1164 701 1235 768 in
1284 724 1401 769 ore
1446 699 1862 795 impudentia
1911 696 2128 768 multo
2167 699 2416 770 rubore
2445 700 2593 770 suf-

384 817 414 868 ⁵
453 807 620 876 fusa.
658 811 815 880 Nou
868 807 1051 880 adire
1094 811 1490 904 quisquam,
1532 835 1672 880 non
1725 809 1978 904 alloqui
2025 807 2352 895 audebat,
2399 824 2592 880 tene-

452 918 607 988 bras
646 943 910 1014 semper
966 935 1430 1014 secretumque
1481 934 1862 1016 captantem
1889 973 1910 1004 ,
1957 945 2081 990 nec
2141 945 2436 1015 unquam
2501 945 2596 988 ex

453 1026 814 1099 solitudine
854 1054 973 1099 sua
1014 1030 1499 1124 prodeuntem,
1547 1032 1672 1100 nisi
1715 1047 1788 1100 ut
1835 1031 2262 1102 solitudinem
2309 1031 2592 1100 faceret.

552 1142 799 1208 XLIX.
830 1137 953 1210 Il'le
981 1156 1205 1210 tamen
1230 1195 1249 1228 ,
1282 1142 1528 1238 quibus
1569 1143 1694 1212 sibi
1726 1141 2091 1236 parietibus
2127 1157 2197 1214 et
2233 1141 2440 1210 muris
2484 1163 2592 1209 sa·

456 1246 663 1318 lutem
706 1274 895 1320 suam
942 1251 1113 1320 tueri
1162 1251 1514 1322 videbatur
1537 1305 1559 1338 ‚
1607 1251 1835 1322 dolum
1889 1277 2116 1322 secum
2155 1266 2226 1321 et
2269 1250 2546 1320 insidias
2575 1305 2599 1336 ,

458 1374 525 1428 et
569 1357 852 1431 ultorem
898 1360 1223 1432 scelerum
1262 1361 1462 1432 deum
1503 1362 1800 1432 inclusit:
1829 1362 2110 1432 dimovit
2137 1362 2599 1456 perfregitque

458 1468 795 1560 custodias
838 1473 1043 1540 Poena
1064 1525 1084 1560 ,
1120 1487 1574 1568 angustosque
1613 1498 1736 1568 per
1783 1473 2003 1544 aditus
2049 1487 2118 1542 et
2167 1473 2552 1542 obstructos
2577 1525 2602 1560 ‚

462 1605 599 1648 non
626 1603 814 1650 secus
840 1607 919 1652 ac
937 1607 1060 1676 per
1076 1597 1343 1677 apertas
1376 1582 1554 1652 fores
1583 1599 1650 1652 et
1679 1584 2032 1653 invitantia
2051 1581 2284 1652 limina
2319 1582 2603 1675 irrupit;

462 1688 791 1784 longeque
822 1705 987 1761 tunc
1022 1689 1119 1760 illi
1149 1691 1462 1763 divinitas
1505 1718 1622 1764 sua
1648 1746 1669 1779 ,
1704 1692 1902 1790 longe
1929 1717 2176 1764 amana
2205 1690 2320 1762 illa
2347 1689 2604 1761 cubilia

462 1801 749 1894 saevique
785 1825 1077 1872 secessus
1098 1855 1119 1888 ‚
1154 1803 1223 1872 in
1268 1828 1438 1897 quos
1489 1805 1781 1892 timore,
1821 1819 1890 1872 et
1925 1803 2235 1899 superbia
2260 1856 2279 1891 ‚
2315 1817 2385 1872 et
2437 1801 2604 1871 odio

398 1931 426 1964 ²
464 1909 815 1980 hominum
838 1913 1183 2007 agebatur.
1219 1913 1497 2003 Quanto
1529 1939 1711 1984 nunc
1747 1915 1985 2004 tutior,
2017 1929 2274 2009 quanto
2297 1913 2606 1983 securior

465 2020 697 2090 eadem
752 2021 991 2092 domus
1016 2077 1037 2111 ‚
1090 2038 1445 2119 postquam
1499 2049 1638 2094 non
1689 2023 2138 2112 crudelitatis,
2181 2023 2298 2093 sed
2349 2023 2608 2092 amoris

466 2133 791 2219 excubiis,
816 2158 955 2204 non
974 2133 1325 2204 altitudine
1344 2151 1411 2204 et
1428 2133 1770 2222 claustriS‚
1801 2134 1916 2204 sed
1943 2135 2192 2204 civium
2215 2133 2610 2204 celebritate

401 2257 430 2308 3
468 2241 851 2312 defenditur
882 2239 899 2311 !
949 2245 1215 2338 Ecquid
1262 2271 1425 2340 ergo
1469 2245 1786 2316 discimus
1823 2247 2279 2341 experimento
2299 2299 2320 2333 ‚
2361 2241 2612 2313 fidissi-

470 2379 646 2425 mam
705 2379 846 2424 esse
886 2356 1257 2425 custodiam
1296 2358 1620 2451 principis
1661 2358 1870 2453 ipsius
1908 2352 2415 2427 innocentiam?
2459 2354 2610 2423 haec

470 2490 591 2535 arx
631 2467 959 2537 inaccessa
981 2521 1002 2553 ,
1050 2466 1179 2535 hoc
1224 2466 1744 2563 inexpugnabile
1785 2468 2282 2537 munimentum
2305 2520 2326 2552 ‚
2375 2462 2606 2533 muni-

470 2684 679 2751 babere·
704 2682 961 2739 bonorem
984 2725 999 2751 ‚
1028 2703 1189 2757 quam
1226 2684 1328 2737 sibi
1356 2703 1490 2756 prse-

474 2774 615 2815 εἰει-ε
664 2764 1004 2835 voluptatem.
1028 2762 1157 2819 Vid.
1192 2764 1401 2827 Lvm,
1442 2784 1487 2818 1.

472 2842 703 2896 LXVIII
720 2884 733 2909 ‚
749 2848 799 2897 5.
816 2843 885 2897 G.

547 2930 599 2987 4.
627 2928 964 2993 Impudentia.
987 2963 1000 2975 .
1023 2962 1036 2975 .
1057 2929 1257 2977 mabar-e
1279 2926 1492 2993 suffia-ra.

478 3006 671 3054 Vultum
695 3008 962 3055 modestum
990 3007 1273 3074 rethor-isque
1293 3009 1496 3073 plenum

473 3083 523 3135 ei
536 3082 721 3135 tribuit
734 3085 928 3136 Sueten
938 3123 951 3135 .
965 3082 1169 3137 xvm.
1190 3084 1391 3155 Nempe
1404 3082 1498 3135 ille

474 3162 638 3215 rubor
666 3162 935 3217 modestia
966 3164 1193 3235 speciem
1216 3163 1448 3217 habebat
1479 3180 1493 3214 :

475 3254 588 3295 erat
606 3243 787 3314 itaque
806 3244 861 3295 in
892 3242 1194 3296 Domitiano
1220 3241 1498 3315 impuden-

474 3324 546 3375 tia
567 3360 583 3385 ,
614 3340 730 3393 quae
757 3320 977 3395 pudoris
1012 3321 1163 3395 quasi
1189 3334 1384 3376 vestem
1420 3322 1499 3374 in·

476 3402 676 3455 dues-at.
699 3402 765 3455 G.

546 3482 738 3537 XLIX.
768 3502 810 3536 t.
834 3490 1006 3535 Poena.
1028 3482 1127 3535 Hic
1144 3500 1371 3555 persona
1386 3492 1462 3535 est
1479 3522 1496 3551 ,

478 3577 534 3617 ut
552 3564 665 3618 Cic.
682 3564 736 3617 in
749 3566 939 3617 Pisone
954 3562 1211 3616 XXXVII
1230 3580 1244 3615 τ
1264 3582 1294 3613 ο
1310 3568 1464 3613 Paena
1478 3600 1495 3622 ,

476 3666 507 3695 ο
535 3650 687 3697 Furia
706 3648 947 3696 sociorum
964 3650 985 3694 Ι
1014 3643 1099 3697 Sic
1122 3644 1291 3705 Groeci
1318 3644 1498 3705 Ποινὰς

477 3738 687 3778 vocant.
722 3724 790 3777 G.
826 3756 895 3763 —
922 3726 1163 3779 Divinitas
1190 3722 1498 3789 sua.Quum

480 3807 741 3855 Dominum
752 3808 1001 3871 Deumque
1008 3806 1366 3857 Romanorum
1386 3821 1504 3873 per-

478 3894 679 3937 cuteret
690 3881 1007 3953 Stephanus.
1024 3883 1370 3954 sumpserunt
1388 3881 1498 3934 for-

482 3962 682 4017 mulam
695 3960 885 4033 reliqui
906 3962 1225 4035 nVirg.AEn.
1240 3962 1343 4015 XII
1363 3999 1378 4025 ,
1396 3962 1461 4015 ⁵2
1483 3978 1496 4012 τ

480 4048 645 4108 Longe
659 4044 734 4091 illi
757 4046 866 4091 Dea
889 4057 1047 4092 mater
1068 4044 1161 4092 eric
1180 4064 1198 4092 :
1222 4040 1366 4114 quod
1384 4040 1503 4112 pul-

480 4118 607 4203 chre
628 4119 733 4173 huc
758 4115 1203 4195 convenit‚quum
1232 4132 1357 4175 teste
1378 4120 1500 4175 Phi·

1581 2686 1800 2739 lostrato
1817 2686 1952 2739 VIII
1967 2723 1983 2750 ,
2002 2684 2092 2749 35,
2108 2696 2238 2739 extr.
2255 2688 2438 2757 jacens
2455 2682 2614 2735 invo-

1581 2767 1714 2820 carit
1731 2770 1816 2822 καὶ
1837 2768 1926 2825 τὴν
1956 2758 2165 2839 Keraia-w
2197 2768 2381 2839 ἀρωγόν
2400 2800 2418 2827 ‚
2440 2780 2614 2834 quun

1581 2858 1801 2899 man-em
1828 2845 2046 2898 ferebat.
2067 2844 2136 2897 G.
2161 2874 2230 2884 —-·
2253 2844 2393 2915 Ergo
2419 2858 2613 2896 sensus

1581 2936 1695 2977 est:
1730 2925 1866 2978 nihil
1901 2924 1950 2977 ei
1971 2922 2216 2977 divinitas
2238 2942 2334 2975 sua
2351 2960 2366 2987 ,
2393 2920 2528 2973 nihil
2555 2920 2614 2973 ei

1582 3024 1816 3059 secessus
1836 3003 1910 3056 illi
1928 3016 1978 3057 et
1991 3000 2192 3057 insidia
2209 3000 2516 3075 proderant.
2537 3000 2609 3053 E.

1657 3106 1706 3139 2.
1733 3090 2001 3153 Postquam
2021 3102 2138 3135 non.
2155 3085 2296 3151 Ejus,
2311 3080 2456 3153 quod
2469 3081 2615 3133 inter

1584 3164 1694 3219 haec
1735 3164 1843 3217 duo
1879 3164 2041 3217 verba
2073 3163 2310 3215 inserunt
2328 3200 2343 3225 ,
2371 3156 2616 3214 Gudiani

1583 3242 1726 3315 apud
1759 3242 2116 3297 Schwarzium
2149 3240 2350 3295 codicis
2382 3238 2616 3293 auctori-

1583 3336 1689 3377 tate
1701 3322 1876 3376 omisi.
1889 3320 1990 3375 Sed
1999 3340 2166 3394 quum
2177 3316 2437 3375 inserendi
2447 3336 2614 3371 causa

1584 3402 1726 3455 nulla
1750 3402 1908 3457 fuerit
1925 3440 1941 3467 ,
1961 3418 2152 3473 magua
2169 3396 2441 3453 omittendi
2459 3416 2476 3461 ;
2497 3396 2614 3469 pla-

1585 3497 1669 3538 cet
1717 3484 1828 3535 fere
1869 3481 2034 3553 magis
2076 3480 2240 3551 Lipaii
2301 3480 2616 3551 conjectura

1585 3567 1746 3617 herus.
1761 3564 1966 3635 Nempe
1978 3581 2087 3613 erus
2106 3559 2296 3632 aliquis
2309 3559 2616 3629 scripserat,

1587 3642 1733 3715 quod
1761 3662 1868 3697 uon
1903 3640 2228 3695 intellectum
2257 3638 2354 3693 sibi
2389 3638 2620 3691 mutavit

1587 3724 1643 3775 in
1653 3727 1773 3792 ejus.
1786 3722 1855 3775 G.
1867 3724 2240 3774 -Altimdine.
2261 3718 2453 3773 Nescio
2467 3714 2620 3771 unde

1587 3822 1652 3857 ea
1679 3802 1879 3855 venerit
1902 3819 1915 3853 ι
1943 3803 2209 3853 solitudine
2233 3816 2436 3853 omnes.
2459 3796 2530 3851 G.

1657 3914 1728 3924 —
1739 3881 2278 3954 Gierigiussole'tudine,
2292 3874 2440 3951 quod
2451 3877 2620 3930 etium

1589 3962 1888 4035 oppositum
1907 4000 1922 4027 ‚
1937 3964 2110 4013 civium
2122 3963 2397 4019 celebritas,
2417 3968 2620 4013 tuetur.

1590 4042 1920 4097 probabatur
1937 4042 2060 4093 item
2079 4039 2342 4093 Ernestio.
2365 4038 2421 4092 S.

1665 4122 1716 4177 3.
1735 4125 1943 4189 Ecquid.
1958 4160 1970 4172 .
1993 4159 2004 4170 .
2028 4160 2040 4173 .
2055 4122 2381 4171 ὺιηοσσιιείωη
2396 4128 2424 4171 e’
2439 4116 2622 4175 Proba
