<?xml version="1.0" encoding="UTF-8"?>
<!DOCTYPE html PUBLIC "-//W3C//DTD XHTML 1.0 Transitional//EN"
    "http://www.w3.org/TR/xhtml1/DTD/xhtml1-transitional.dtd">
<html xmlns="http://www.w3.org/1999/xhtml" xml:lang="en" lang="en">
 <head>
  <title>
</title>
<meta http-equiv="Content-Type" content="text/html;charset=utf-8" />
  <meta name='ocr-system' content='tesseract 3.04.00' />
  <meta name='ocr-capabilities' content='ocr_page ocr_carea ocr_par ocr_line ocrx_word'/>
</head>
<body>
  <div class='ocr_page' id='page_1' title='image "./cpliniisecundie00schgoog_0205.png"; bbox 0 0 2857 4690; ppageno 0'>
   <div class='ocr_carea' id='block_1_1' title="bbox 467 363 1948 464">
    <p class='ocr_par' dir='ltr' id='par_1_1' title="bbox 467 363 1948 464">
     <span class='ocr_line' id='line_1_1' title="bbox 467 363 1948 464; baseline -0.005 -27"><span class='ocrx_word' id='word_1_1' title='bbox 467 365 600 464; x_wconf 86' lang='lat'><strong>196</strong></span> <span class='ocrx_word' id='word_1_2' title='bbox 1095 365 1170 435; x_wconf 83' lang='lat' dir='ltr'><strong>c.</strong></span> <span class='ocrx_word' id='word_1_3' title='bbox 1219 364 1564 435; x_wconf 81' lang='lat' dir='ltr'>PLINII</span> <span class='ocrx_word' id='word_1_4' title='bbox 1612 363 1812 456; x_wconf 74' lang='lat' dir='ltr'><strong>Lm.</strong></span> <span class='ocrx_word' id='word_1_5' title='bbox 1864 365 1948 430; x_wconf 82' lang='lat' dir='ltr'><strong>x.</strong></span> 
     </span>
    </p>
   </div>
   <div class='ocr_carea' id='block_1_2' title="bbox 1762 571 2037 592">
    <p class='ocr_par' dir='ltr' id='par_1_2' title="bbox 1762 571 2037 592">
     <span class='ocr_line' id='line_1_2' title="bbox 1762 571 2037 592; baseline 0 4098"><span class='ocrx_word' id='word_1_6' title='bbox 1762 571 2037 592; x_wconf 95' lang='lat' dir='ltr'><strong> </strong></span> 
     </span>
    </p>
   </div>
   <div class='ocr_carea' id='block_1_3' title="bbox 1518 573 1761 594">
    <p class='ocr_par' dir='ltr' id='par_1_3' title="bbox 1518 573 1761 594">
     <span class='ocr_line' id='line_1_3' title="bbox 1518 573 1761 594; baseline 0 -2"><span class='ocrx_word' id='word_1_7' title='bbox 1518 573 1761 594; x_wconf 66' lang='lat' dir='ltr'><strong>m</strong></span> 
     </span>
    </p>
   </div>
   <div class='ocr_carea' id='block_1_4' title="bbox 1064 574 1517 594">
    <p class='ocr_par' dir='ltr' id='par_1_4' title="bbox 1064 574 1517 594">
     <span class='ocr_line' id='line_1_4' title="bbox 1064 574 1517 594; baseline 0 4096"><span class='ocrx_word' id='word_1_8' title='bbox 1064 574 1517 594; x_wconf 95' lang='lat' dir='ltr'><strong> </strong></span> 
     </span>
    </p>
   </div>
   <div class='ocr_carea' id='block_1_5' title="bbox 456 573 1064 595">
    <p class='ocr_par' dir='ltr' id='par_1_5' title="bbox 456 573 1064 595">
     <span class='ocr_line' id='line_1_5' title="bbox 456 573 1064 595; baseline -0.002 -1"><span class='ocrx_word' id='word_1_9' title='bbox 456 573 1064 595; x_wconf 61' lang='lat' dir='ltr'><strong>mmmm</strong></span> 
     </span>
    </p>
   </div>
   <div class='ocr_carea' id='block_1_6' title="bbox 1355 729 1760 848">
    <p class='ocr_par' dir='ltr' id='par_1_6' title="bbox 1355 729 1760 848">
     <span class='ocr_line' id='line_1_6' title="bbox 1355 729 1760 848; baseline -0.007 -1"><span class='ocrx_word' id='word_1_10' title='bbox 1355 757 1659 848; x_wconf 81' lang='lat' dir='ltr'><strong>xcv.</strong></span> <span class='ocrx_word' id='word_1_11' title='bbox 1752 729 1760 732; x_wconf 79' lang='grc'><strong>’</strong></span> 
     </span>
    </p>
   </div>
   <div class='ocr_carea' id='block_1_7' title="bbox 771 961 2363 1268">
    <p class='ocr_par' dir='ltr' id='par_1_7' title="bbox 771 961 2363 1268">
     <span class='ocr_line' id='line_1_7' title="bbox 771 961 2363 1064; baseline -0.002 -16"><span class='ocrx_word' id='word_1_12' title='bbox 771 985 1052 1049; x_wconf 80' lang='lat' dir='ltr'><strong>Suetonio</strong></span> <span class='ocrx_word' id='word_1_13' title='bbox 1069 985 1168 1063; x_wconf 86' lang='lat' dir='ltr'><strong>jus</strong></span> <span class='ocrx_word' id='word_1_14' title='bbox 1199 984 1374 1042; x_wconf 85' lang='lat' dir='ltr'><strong>trium</strong></span> <span class='ocrx_word' id='word_1_15' title='bbox 1404 983 1724 1042; x_wconf 83' lang='lat' dir='ltr'><strong>liberorum</strong></span> <span class='ocrx_word' id='word_1_16' title='bbox 1754 1003 1789 1042; x_wconf 83' lang='lat' dir='ltr'><strong>a</strong></span> <span class='ocrx_word' id='word_1_17' title='bbox 1812 984 2079 1064; x_wconf 82' lang='lat' dir='ltr'><strong>principe</strong></span> <span class='ocrx_word' id='word_1_18' title='bbox 2110 987 2273 1064; x_wconf 85' lang='lat' dir='ltr'><strong>petit.</strong></span> <span class='ocrx_word' id='word_1_19' title='bbox 2358 961 2363 966; x_wconf 90' lang='lat'><strong>.</strong></span> 
     </span>
     <span class='ocr_line' id='line_1_8' title="bbox 888 1177 2139 1268; baseline -0.003 -26"><span class='ocrx_word' id='word_1_20' title='bbox 888 1196 950 1242; x_wconf 77' lang='lat' dir='ltr'><strong>c,</strong></span> <span class='ocrx_word' id='word_1_21' title='bbox 999 1193 1356 1241; x_wconf 69' lang='lat' dir='ltr'><strong>rmums</strong></span> <span class='ocrx_word' id='word_1_22' title='bbox 1407 1191 1804 1242; x_wconf 58' lang='lat' dir='ltr'><strong>&#39;rumano</strong></span> <span class='ocrx_word' id='word_1_23' title='bbox 1844 1177 2027 1240; x_wconf 72' lang='lat' dir='ltr'><strong>IM&#39;P.</strong></span> <span class='ocrx_word' id='word_1_24' title='bbox 2085 1196 2139 1268; x_wconf 77' lang='lat' dir='ltr'><strong>s.</strong></span> 
     </span>
    </p>
   </div>
   <div class='ocr_carea' id='block_1_8' title="bbox 375 1377 2589 2688">
    <p class='ocr_par' dir='ltr' id='par_1_8' title="bbox 437 1377 2589 1808">
     <span class='ocr_line' id='line_1_9' title="bbox 544 1377 2589 1472; baseline -0.001 -22"><span class='ocrx_word' id='word_1_25' title='bbox 544 1384 974 1451; x_wconf 69' lang='lat' dir='ltr'><strong>Snnromtm</strong></span> <span class='ocrx_word' id='word_1_26' title='bbox 991 1377 1482 1472; x_wconf 84' lang='lat' dir='ltr'><strong>Tranquillum,</strong></span> <span class='ocrx_word' id='word_1_27' title='bbox 1500 1377 1996 1472; x_wconf 83' lang='lat' dir='ltr'>probissimum,</span> <span class='ocrx_word' id='word_1_28' title='bbox 2014 1377 2589 1467; x_wconf 86' lang='lat' dir='ltr'><strong>honestissimum,</strong></span> 
     </span>
     <span class='ocr_line' id='line_1_10' title="bbox 447 1486 2585 1585; baseline -0 -26"><span class='ocrx_word' id='word_1_29' title='bbox 447 1486 970 1560; x_wconf 70' lang='lat' dir='ltr'><strong>eruditissimum</strong></span> <span class='ocrx_word' id='word_1_30' title='bbox 1011 1488 1232 1557; x_wconf 86' lang='lat' dir='ltr'><strong>virum</strong></span> <span class='ocrx_word' id='word_1_31' title='bbox 1255 1541 1274 1574; x_wconf 94' lang='lat'><strong>,</strong></span> <span class='ocrx_word' id='word_1_32' title='bbox 1316 1502 1385 1557; x_wconf 91' lang='lat' dir='ltr'><strong>et</strong></span> <span class='ocrx_word' id='word_1_33' title='bbox 1427 1513 1645 1558; x_wconf 88' lang='lat' dir='ltr'><strong>mores</strong></span> <span class='ocrx_word' id='word_1_34' title='bbox 1686 1489 1829 1583; x_wconf 89' lang='lat' dir='ltr'><strong>ejus</strong></span> <span class='ocrx_word' id='word_1_35' title='bbox 1870 1503 2191 1585; x_wconf 88' lang='lat' dir='ltr'><strong>sequutus</strong></span> <span class='ocrx_word' id='word_1_36' title='bbox 2230 1503 2299 1558; x_wconf 91' lang='lat' dir='ltr'><strong>et</strong></span> <span class='ocrx_word' id='word_1_37' title='bbox 2336 1489 2585 1578; x_wconf 87' lang='lat' dir='ltr'><strong>studia,</strong></span> 
     </span>
     <span class='ocr_line' id='line_1_11' title="bbox 437 1597 2585 1697; baseline -0.001 -27"><span class='ocrx_word' id='word_1_38' title='bbox 437 1598 838 1697; x_wconf 87' lang='lat' dir='ltr'><strong>jampridem</strong></span> <span class='ocrx_word' id='word_1_39' title='bbox 855 1652 879 1685; x_wconf 74' lang='lat'><strong>‚.</strong></span> <span class='ocrx_word' id='word_1_40' title='bbox 914 1600 1244 1686; x_wconf 82' lang='lat' dir='ltr'>Domine,</span> <span class='ocrx_word' id='word_1_41' title='bbox 1286 1599 1358 1668; x_wconf 89' lang='lat' dir='ltr'><strong>in</strong></span> <span class='ocrx_word' id='word_1_42' title='bbox 1397 1599 1915 1672; x_wconf 86' lang='lat' dir='ltr'><strong>contubernium</strong></span> <span class='ocrx_word' id='word_1_43' title='bbox 1958 1597 2335 1695; x_wconf 82' lang='lat' dir='ltr'><strong>adsumpsi,</strong></span> <span class='ocrx_word' id='word_1_44' title='bbox 2361 1615 2585 1670; x_wconf 81' lang='lat' dir='ltr'><strong>tanto-</strong></span> 
     </span>
     <span class='ocr_line' id='line_1_12' title="bbox 443 1709 2579 1808; baseline 0 -28"><span class='ocrx_word' id='word_1_45' title='bbox 443 1737 576 1806; x_wconf 87' lang='lat' dir='ltr'><strong>que</strong></span> <span class='ocrx_word' id='word_1_46' title='bbox 617 1711 829 1806; x_wconf 88' lang='lat' dir='ltr'><strong>magis</strong></span> <span class='ocrx_word' id='word_1_47' title='bbox 877 1709 1154 1806; x_wconf 85' lang='lat' dir='ltr'><strong>diligere</strong></span> <span class='ocrx_word' id='word_1_48' title='bbox 1195 1711 1403 1806; x_wconf 84' lang='lat' dir='ltr'><strong>coepi,</strong></span> <span class='ocrx_word' id='word_1_49' title='bbox 1444 1725 1698 1804; x_wconf 88' lang='lat' dir='ltr'><strong>quanto</strong></span> <span class='ocrx_word' id='word_1_50' title='bbox 1737 1711 1920 1779; x_wconf 90' lang='lat' dir='ltr'><strong>hunc</strong></span> <span class='ocrx_word' id='word_1_51' title='bbox 1960 1711 2240 1806; x_wconf 88' lang='lat' dir='ltr'><strong>propius</strong></span> <span class='ocrx_word' id='word_1_52' title='bbox 2292 1711 2579 1808; x_wconf 85' lang='lat' dir='ltr'><strong>inspexi.</strong></span> 
     </span>
    </p>

    <p class='ocr_par' dir='ltr' id='par_1_9' title="bbox 375 1817 2589 2688">
     <span class='ocr_line' id='line_1_13' title="bbox 385 1817 2589 1915; baseline 0.001 -26"><span class='ocrx_word' id='word_1_53' title='bbox 385 1844 413 1877; x_wconf 77' lang='lat'>²</span> <span class='ocrx_word' id='word_1_54' title='bbox 441 1821 618 1890; x_wconf 89' lang='lat' dir='ltr'><strong>Huic</strong></span> <span class='ocrx_word' id='word_1_55' title='bbox 629 1821 742 1915; x_wconf 90' lang='lat' dir='ltr'><strong>jus</strong></span> <span class='ocrx_word' id='word_1_56' title='bbox 759 1821 962 1890; x_wconf 85' lang='lat' dir='ltr'><strong>trium</strong></span> <span class='ocrx_word' id='word_1_57' title='bbox 980 1819 1346 1890; x_wconf 88' lang='lat' dir='ltr'><strong>liberorum</strong></span> <span class='ocrx_word' id='word_1_58' title='bbox 1372 1821 1820 1892; x_wconf 87' lang='lat' dir='ltr'><strong>necessarium</strong></span> <span class='ocrx_word' id='word_1_59' title='bbox 1854 1819 2109 1892; x_wconf 85' lang='lat' dir='ltr'><strong>faciunt</strong></span> <span class='ocrx_word' id='word_1_60' title='bbox 2136 1817 2289 1892; x_wconf 61' lang='lat' dir='ltr'><strong>duae&#39;</strong></span> <span class='ocrx_word' id='word_1_61' title='bbox 2314 1845 2589 1892; x_wconf 81' lang='lat' dir='ltr'><strong>caussae.</strong></span> 
     </span>
     <span class='ocr_line' id='line_1_14' title="bbox 443 1929 2589 2027; baseline 0 -26"><span class='ocrx_word' id='word_1_62' title='bbox 443 1933 620 2001; x_wconf 86' lang='lat' dir='ltr'><strong>Nam</strong></span> <span class='ocrx_word' id='word_1_63' title='bbox 669 1946 739 2001; x_wconf 93' lang='lat' dir='ltr'><strong>et</strong></span> <span class='ocrx_word' id='word_1_64' title='bbox 783 1929 1037 2024; x_wconf 88' lang='lat' dir='ltr'><strong>judicia</strong></span> <span class='ocrx_word' id='word_1_65' title='bbox 1090 1931 1459 2000; x_wconf 85' lang='lat' dir='ltr'><strong>amicorum</strong></span> <span class='ocrx_word' id='word_1_66' title='bbox 1515 1945 1965 2027; x_wconf 80' lang='lat' dir='ltr'><strong>promeretur,</strong></span> <span class='ocrx_word' id='word_1_67' title='bbox 2012 1944 2081 2000; x_wconf 91' lang='lat' dir='ltr'><strong>et</strong></span> <span class='ocrx_word' id='word_1_68' title='bbox 2128 1955 2369 2025; x_wconf 89' lang='lat' dir='ltr'><strong>parum</strong></span> <span class='ocrx_word' id='word_1_69' title='bbox 2424 1929 2589 2001; x_wconf 79' lang='lat' dir='ltr'><strong>felix</strong></span> 
     </span>
     <span class='ocr_line' id='line_1_15' title="bbox 443 2040 2587 2138; baseline 0 -27"><span class='ocrx_word' id='word_1_70' title='bbox 443 2043 950 2112; x_wconf 87' lang='lat' dir='ltr'><strong>matrimonium</strong></span> <span class='ocrx_word' id='word_1_71' title='bbox 993 2057 1307 2138; x_wconf 79' lang='lat' dir='ltr'><strong>expertus</strong></span> <span class='ocrx_word' id='word_1_72' title='bbox 1349 2057 1494 2111; x_wconf 89' lang='lat' dir='ltr'><strong>est:</strong></span> <span class='ocrx_word' id='word_1_73' title='bbox 1539 2040 2171 2137; x_wconf 80' lang='lat' dir='ltr'><strong>impetrandumque</strong></span> <span class='ocrx_word' id='word_1_74' title='bbox 2212 2067 2254 2111; x_wconf 93' lang='lat' dir='ltr'><strong>a</strong></span> <span class='ocrx_word' id='word_1_75' title='bbox 2280 2042 2587 2112; x_wconf 84' lang='lat' dir='ltr'><strong>bonitate</strong></span> 
     </span>
     <span class='ocr_line' id='line_1_16' title="bbox 443 2147 2583 2248; baseline 0 -28"><span class='ocrx_word' id='word_1_76' title='bbox 443 2165 562 2222; x_wconf 88' lang='lat' dir='ltr'><strong>tua</strong></span> <span class='ocrx_word' id='word_1_77' title='bbox 582 2178 702 2248; x_wconf 81' lang='lat' dir='ltr'><strong>per</strong></span> <span class='ocrx_word' id='word_1_78' title='bbox 733 2177 856 2223; x_wconf 87' lang='lat' dir='ltr'><strong>nos</strong></span> <span class='ocrx_word' id='word_1_79' title='bbox 881 2153 1087 2223; x_wconf 91' lang='lat' dir='ltr'><strong>habet</strong></span> <span class='ocrx_word' id='word_1_80' title='bbox 1106 2206 1128 2239; x_wconf 89' lang='lat'><strong>,</strong></span> <span class='ocrx_word' id='word_1_81' title='bbox 1154 2151 1337 2248; x_wconf 88' lang='lat' dir='ltr'><strong>quod</strong></span> <span class='ocrx_word' id='word_1_82' title='bbox 1362 2151 1458 2221; x_wconf 89' lang='lat' dir='ltr'><strong>illi</strong></span> <span class='ocrx_word' id='word_1_83' title='bbox 1486 2151 1770 2222; x_wconf 82' lang='lat' dir='ltr'><strong>fortunae</strong></span> <span class='ocrx_word' id='word_1_84' title='bbox 1791 2147 2171 2246; x_wconf 86' lang='lat' dir='ltr'><strong>malignitas</strong></span> <span class='ocrx_word' id='word_1_85' title='bbox 2198 2149 2583 2248; x_wconf 82' lang='lat' dir='ltr'><strong>denegavit.</strong></span> 
     </span>
     <span class='ocr_line' id='line_1_17' title="bbox 375 2259 2587 2359; baseline 0 -27"><span class='ocrx_word' id='word_1_86' title='bbox 375 2277 407 2332; x_wconf 88' lang='grc'>3</span> <span class='ocrx_word' id='word_1_87' title='bbox 443 2264 596 2333; x_wconf 86' lang='lat' dir='ltr'><strong>Scio</strong></span> <span class='ocrx_word' id='word_1_88' title='bbox 621 2317 640 2351; x_wconf 91' lang='lat'><strong>,</strong></span> <span class='ocrx_word' id='word_1_89' title='bbox 683 2264 1010 2349; x_wconf 84' lang='lat' dir='ltr'><strong>Domine,</strong></span> <span class='ocrx_word' id='word_1_90' title='bbox 1049 2276 1379 2358; x_wconf 86' lang='lat' dir='ltr'><strong>quantum</strong></span> <span class='ocrx_word' id='word_1_91' title='bbox 1433 2260 1836 2330; x_wconf 88' lang='lat' dir='ltr'><strong>beneficium</strong></span> <span class='ocrx_word' id='word_1_92' title='bbox 1878 2274 2124 2357; x_wconf 89' lang='lat' dir='ltr'><strong>petam.</strong></span> <span class='ocrx_word' id='word_1_93' title='bbox 2170 2259 2317 2331; x_wconf 80' lang='lat' dir='ltr'><strong>Sed.</strong></span> <span class='ocrx_word' id='word_1_94' title='bbox 2342 2275 2503 2359; x_wconf 88' lang='lat' dir='ltr'><strong>peto</strong></span> <span class='ocrx_word' id='word_1_95' title='bbox 2544 2286 2587 2332; x_wconf 87' lang='lat' dir='ltr'><strong>a</strong></span> 
     </span>
     <span class='ocr_line' id='line_1_18' title="bbox 443 2370 2584 2468; baseline -0.001 -24"><span class='ocrx_word' id='word_1_96' title='bbox 443 2390 538 2463; x_wconf 88' lang='lat' dir='ltr'><strong>te,</strong></span> <span class='ocrx_word' id='word_1_97' title='bbox 580 2376 768 2468; x_wconf 88' lang='lat' dir='ltr'><strong>cujus</strong></span> <span class='ocrx_word' id='word_1_98' title='bbox 811 2375 882 2442; x_wconf 90' lang='lat' dir='ltr'><strong>in</strong></span> <span class='ocrx_word' id='word_1_99' title='bbox 925 2372 1236 2442; x_wconf 89' lang='lat' dir='ltr'><strong>omnibus</strong></span> <span class='ocrx_word' id='word_1_100' title='bbox 1276 2371 1617 2441; x_wconf 83' lang='lat' dir='ltr'><strong>desideriis</strong></span> <span class='ocrx_word' id='word_1_101' title='bbox 1658 2374 1825 2441; x_wconf 90' lang='lat' dir='ltr'><strong>meis</strong></span> <span class='ocrx_word' id='word_1_102' title='bbox 1869 2370 2317 2466; x_wconf 85' lang='lat' dir='ltr'><strong>plenissimam</strong></span> <span class='ocrx_word' id='word_1_103' title='bbox 2358 2370 2584 2442; x_wconf 89' lang='lat' dir='ltr'><strong>indul-</strong></span> 
     </span>
     <span class='ocr_line' id='line_1_19' title="bbox 443 2479 2585 2580; baseline -0 -28"><span class='ocrx_word' id='word_1_104' title='bbox 443 2486 738 2580; x_wconf 87' lang='lat' dir='ltr'><strong>gentiam</strong></span> <span class='ocrx_word' id='word_1_105' title='bbox 795 2483 1122 2577; x_wconf 85' lang='lat' dir='ltr'><strong>experior.</strong></span> <span class='ocrx_word' id='word_1_106' title='bbox 1192 2482 1389 2551; x_wconf 88' lang='lat' dir='ltr'><strong>Potes</strong></span> <span class='ocrx_word' id='word_1_107' title='bbox 1448 2496 1673 2549; x_wconf 89' lang='lat' dir='ltr'><strong>autem</strong></span> <span class='ocrx_word' id='word_1_108' title='bbox 1740 2479 2053 2575; x_wconf 84' lang='lat' dir='ltr'><strong>colligere</strong></span> <span class='ocrx_word' id='word_1_109' title='bbox 2081 2532 2101 2566; x_wconf 90' lang='lat'>‚</span> <span class='ocrx_word' id='word_1_110' title='bbox 2162 2495 2585 2577; x_wconf 85' lang='lat' dir='ltr'><strong>quantopere</strong></span> 
     </span>
     <span class='ocr_line' id='line_1_20' title="bbox 442 2589 2581 2688; baseline -0.001 -24"><span class='ocrx_word' id='word_1_111' title='bbox 442 2596 709 2687; x_wconf 86' lang='lat' dir='ltr'><strong>cupiam</strong></span> <span class='ocrx_word' id='word_1_112' title='bbox 735 2646 754 2678; x_wconf 91' lang='lat'><strong>,</strong></span> <span class='ocrx_word' id='word_1_113' title='bbox 802 2590 986 2688; x_wconf 91' lang='lat' dir='ltr'><strong>quod</strong></span> <span class='ocrx_word' id='word_1_114' title='bbox 1035 2616 1172 2661; x_wconf 87' lang='lat' dir='ltr'><strong>non</strong></span> <span class='ocrx_word' id='word_1_115' title='bbox 1223 2614 1530 2686; x_wconf 84' lang='lat' dir='ltr'><strong>rogarem</strong></span> <span class='ocrx_word' id='word_1_116' title='bbox 1576 2590 1845 2677; x_wconf 88' lang='lat' dir='ltr'><strong>absens,</strong></span> <span class='ocrx_word' id='word_1_117' title='bbox 1896 2592 1951 2659; x_wconf 90' lang='lat' dir='ltr'><strong>si</strong></span> <span class='ocrx_word' id='word_1_118' title='bbox 2000 2589 2427 2660; x_wconf 82' lang='lat' dir='ltr'><strong>mediocriter</strong></span> <span class='ocrx_word' id='word_1_119' title='bbox 2463 2616 2581 2662; x_wconf 89' lang='lat' dir='ltr'><strong>cu·</strong></span> 
     </span>
    </p>
   </div>
   <div class='ocr_carea' id='block_1_9' title="bbox 443 2726 689 2797">
    <p class='ocr_par' dir='ltr' id='par_1_10' title="bbox 443 2726 689 2797">
     <span class='ocr_line' id='line_1_21' title="bbox 443 2726 689 2797; baseline -0.012 -25"><span class='ocrx_word' id='word_1_120' title='bbox 443 2726 689 2797; x_wconf 82' lang='lat' dir='ltr'><strong>perem.</strong></span> 
     </span>
    </p>
   </div>
   <div class='ocr_carea' id='block_1_10' title="bbox 437 2900 2581 3530">
    <p class='ocr_par' dir='ltr' id='par_1_11' title="bbox 441 2900 2579 3053">
     <span class='ocr_line' id='line_1_22' title="bbox 511 2900 2578 2973; baseline 0.001 -18"><span class='ocrx_word' id='word_1_121' title='bbox 511 2901 678 2956; x_wconf 83' lang='lat' dir='ltr'><strong>XCV.</strong></span> <span class='ocrx_word' id='word_1_122' title='bbox 709 2920 757 2956; x_wconf 79' lang='lat'><strong>1.</strong></span> <span class='ocrx_word' id='word_1_123' title='bbox 779 2904 862 2957; x_wconf 88' lang='lat' dir='ltr'><strong>De</strong></span> <span class='ocrx_word' id='word_1_124' title='bbox 877 2904 1134 2963; x_wconf 60' lang='lat' dir='ltr'><strong>Quaen,</strong></span> <span class='ocrx_word' id='word_1_125' title='bbox 1157 2900 1314 2955; x_wconf 84' lang='lat' dir='ltr'><strong>Plinii</strong></span> <span class='ocrx_word' id='word_1_126' title='bbox 1327 2920 1457 2955; x_wconf 85' lang='lat' dir='ltr'><strong>eon·</strong></span> <span class='ocrx_word' id='word_1_127' title='bbox 1553 2900 1803 2955; x_wconf 79' lang='lat' dir='ltr'><strong>ditatibu&#39;s</strong></span> <span class='ocrx_word' id='word_1_128' title='bbox 1817 2938 1834 2966; x_wconf 85' lang='lat'><strong>,</strong></span> <span class='ocrx_word' id='word_1_129' title='bbox 1848 2920 1967 2973; x_wconf 60' lang='lat' dir='ltr'><strong>mg.</strong></span> <span class='ocrx_word' id='word_1_130' title='bbox 1984 2900 2157 2955; x_wconf 81' lang='lat' dir='ltr'><strong>Paull.</strong></span> <span class='ocrx_word' id='word_1_131' title='bbox 2172 2902 2296 2955; x_wconf 82' lang='lat' dir='ltr'><strong>Ree.</strong></span> <span class='ocrx_word' id='word_1_132' title='bbox 2317 2900 2578 2966; x_wconf 82' lang='lat' dir='ltr'><strong>sent.1&#39;v‚</strong></span> 
     </span>
     <span class='ocr_line' id='line_1_23' title="bbox 441 2980 2579 3053; baseline 0.002 -21"><span class='ocrx_word' id='word_1_133' title='bbox 441 2980 706 3036; x_wconf 72' lang='lat' dir='ltr'><strong>tuber-nali</strong></span> <span class='ocrx_word' id='word_1_134' title='bbox 731 3020 746 3045; x_wconf 89' lang='lat'><strong>,</strong></span> <span class='ocrx_word' id='word_1_135' title='bbox 773 2982 824 3046; x_wconf 90' lang='lat'><strong>1,</strong></span> <span class='ocrx_word' id='word_1_136' title='bbox 843 2998 928 3052; x_wconf 74' lang='lat' dir='ltr'><strong>ep.</strong></span> <span class='ocrx_word' id='word_1_137' title='bbox 954 2988 1041 3046; x_wconf 67' lang='lat'><strong>²6.</strong></span> <span class='ocrx_word' id='word_1_138' title='bbox 1063 2980 1171 3035; x_wconf 78' lang='lat' dir='ltr'><strong>En.</strong></span> <span class='ocrx_word' id='word_1_139' title='bbox 1552 2980 1861 3049; x_wconf 78' lang='lat' dir='ltr'><strong>9:·Latina</strong></span> <span class='ocrx_word' id='word_1_140' title='bbox 1892 2980 2117 3051; x_wconf 75' lang='lat' dir='ltr'><strong>ingenua</strong></span> <span class='ocrx_word' id='word_1_141' title='bbox 2134 3020 2149 3048; x_wconf 89' lang='lat'><strong>,</strong></span> <span class='ocrx_word' id='word_1_142' title='bbox 2164 2982 2253 3053; x_wconf 79' lang='lat' dir='ltr'><strong>jus</strong></span> <span class='ocrx_word' id='word_1_143' title='bbox 2285 2982 2579 3047; x_wconf 82' lang='lat' dir='ltr'><strong>Quiritium</strong></span> 
     </span>
    </p>

    <p class='ocr_par' dir='ltr' id='par_1_12' title="bbox 437 3058 2581 3283">
     <span class='ocr_line' id='line_1_24' title="bbox 515 3058 2581 3132; baseline 0.001 -18"><span class='ocrx_word' id='word_1_144' title='bbox 515 3079 568 3114; x_wconf 65' lang='grc' dir='ltr'><strong>τι.</strong></span> <span class='ocrx_word' id='word_1_145' title='bbox 584 3067 674 3113; x_wconf 74' lang='grc' dir='ltr'><strong>,ἴω</strong></span> <span class='ocrx_word' id='word_1_146' title='bbox 689 3064 832 3113; x_wconf 80' lang='lat' dir='ltr'><strong>tn&#39;um</strong></span> <span class='ocrx_word' id='word_1_147' title='bbox 853 3063 1128 3113; x_wconf 74' lang='lat' dir='ltr'><strong>liberorum.</strong></span> <span class='ocrx_word' id='word_1_148' title='bbox 1146 3058 1277 3113; x_wconf 83' lang='lat' dir='ltr'><strong>vid.</strong></span> <span class='ocrx_word' id='word_1_149' title='bbox 1297 3079 1458 3131; x_wconf 81' lang='lat' dir='ltr'><strong>supra</strong></span> <span class='ocrx_word' id='word_1_150' title='bbox 1552 3070 1879 3132; x_wconf 77' lang='lat' dir='ltr'><strong>consequuta</strong></span> <span class='ocrx_word' id='word_1_151' title='bbox 1892 3100 1907 3127; x_wconf 89' lang='lat'><strong>,</strong></span> <span class='ocrx_word' id='word_1_152' title='bbox 1929 3059 1975 3111; x_wconf 80' lang='lat' dir='ltr'><strong>si</strong></span> <span class='ocrx_word' id='word_1_153' title='bbox 1991 3069 2072 3112; x_wconf 87' lang='lat' dir='ltr'><strong>ter</strong></span> <span class='ocrx_word' id='word_1_154' title='bbox 2096 3062 2357 3131; x_wconf 83' lang='lat' dir='ltr'><strong>pepererit</strong></span> <span class='ocrx_word' id='word_1_155' title='bbox 2373 3098 2390 3126; x_wconf 87' lang='lat'><strong>,</strong></span> <span class='ocrx_word' id='word_1_156' title='bbox 2410 3060 2483 3115; x_wconf 84' lang='lat' dir='ltr'><strong>ad</strong></span> <span class='ocrx_word' id='word_1_157' title='bbox 2508 3062 2581 3117; x_wconf 86' lang='lat' dir='ltr'><strong>le·</strong></span> 
     </span>
     <span class='ocr_line' id='line_1_25' title="bbox 437 3136 2578 3213; baseline 0.001 -20"><span class='ocrx_word' id='word_1_158' title='bbox 437 3138 510 3194; x_wconf 77' lang='lat' dir='ltr'><strong>ad</strong></span> <span class='ocrx_word' id='word_1_159' title='bbox 529 3138 580 3192; x_wconf 80' lang='lat' dir='ltr'>X</span> <span class='ocrx_word' id='word_1_160' title='bbox 601 3178 616 3204; x_wconf 89' lang='lat'><strong>,</strong></span> <span class='ocrx_word' id='word_1_161' title='bbox 643 3160 672 3193; x_wconf 77' lang='lat'>2</span> <span class='ocrx_word' id='word_1_162' title='bbox 691 3178 706 3205; x_wconf 89' lang='lat'><strong>,</strong></span> <span class='ocrx_word' id='word_1_163' title='bbox 725 3139 816 3193; x_wconf 85' lang='lat' dir='ltr'><strong>ubi</strong></span> <span class='ocrx_word' id='word_1_164' title='bbox 841 3156 938 3211; x_wconf 86' lang='lat' dir='ltr'><strong>pro</strong></span> <span class='ocrx_word' id='word_1_165' title='bbox 957 3158 1011 3193; x_wconf 73' lang='lat' dir='ltr'><strong>ee</strong></span> <span class='ocrx_word' id='word_1_166' title='bbox 1040 3140 1202 3213; x_wconf 81' lang='lat' dir='ltr'><strong>petit;</strong></span> <span class='ocrx_word' id='word_1_167' title='bbox 1235 3139 1360 3193; x_wconf 88' lang='lat' dir='ltr'><strong>item</strong></span> <span class='ocrx_word' id='word_1_168' title='bbox 1386 3137 1459 3193; x_wconf 68' lang='lat' dir='ltr'><strong>md</strong></span> <span class='ocrx_word' id='word_1_169' title='bbox 1552 3138 1792 3212; x_wconf 74' lang='lat' dir='ltr'><strong>gitimam</strong></span> <span class='ocrx_word' id='word_1_170' title='bbox 1828 3137 1926 3191; x_wconf 80' lang='lat' dir='ltr'><strong>filii</strong></span> <span class='ocrx_word' id='word_1_171' title='bbox 1960 3136 2309 3193; x_wconf 73' lang='lat' dir='ltr'><strong>hereditatem</strong></span> <span class='ocrx_word' id='word_1_172' title='bbox 2346 3138 2578 3195; x_wconf 81' lang='lat' dir='ltr'><strong>admitti·</strong></span> 
     </span>
     <span class='ocr_line' id='line_1_26' title="bbox 441 3217 2457 3283; baseline -0 -10"><span class='ocrx_word' id='word_1_173' title='bbox 441 3220 580 3281; x_wconf 75' lang='lat' dir='ltr'><strong>VH,</strong></span> <span class='ocrx_word' id='word_1_174' title='bbox 607 3223 700 3283; x_wconf 76' lang='lat'><strong>16,</strong></span> <span class='ocrx_word' id='word_1_175' title='bbox 725 3238 775 3271; x_wconf 74' lang='lat' dir='ltr'><strong>a.</strong></span> <span class='ocrx_word' id='word_1_176' title='bbox 801 3217 872 3273; x_wconf 89' lang='lat' dir='ltr'><strong>G.</strong></span> <span class='ocrx_word' id='word_1_177' title='bbox 1554 3218 1793 3272; x_wconf 66' lang='lat' dir='ltr'><strong>tun-G.</strong></span> <span class='ocrx_word' id='word_1_178' title='bbox 2446 3230 2457 3241; x_wconf 84' lang='lat'><strong>·</strong></span> 
     </span>
    </p>

    <p class='ocr_par' dir='ltr' id='par_1_13' title="bbox 439 3294 2578 3530">
     <span class='ocr_line' id='line_1_27' title="bbox 508 3294 2576 3367; baseline 0.003 -18"><span class='ocrx_word' id='word_1_179' title='bbox 508 3300 778 3349; x_wconf 49' lang='lat' dir='ltr'><strong>-aludicia</strong></span> <span class='ocrx_word' id='word_1_180' title='bbox 791 3297 1192 3365; x_wconf 71' lang='lat' dir='ltr'><strong>micorum-Qui</strong></span> <span class='ocrx_word' id='word_1_181' title='bbox 1202 3294 1455 3353; x_wconf 80' lang='lat' dir='ltr'><strong>heredem</strong></span> <span class='ocrx_word' id='word_1_182' title='bbox 1623 3296 1676 3351; x_wconf 84' lang='grc'><strong>3.</strong></span> <span class='ocrx_word' id='word_1_183' title='bbox 1694 3300 1793 3350; x_wconf 81' lang='lat' dir='ltr'><strong>Sed</strong></span> <span class='ocrx_word' id='word_1_184' title='bbox 1805 3312 1942 3367; x_wconf 74' lang='lat' dir='ltr'><strong>peto.</strong></span> <span class='ocrx_word' id='word_1_185' title='bbox 1962 3298 2049 3353; x_wconf 83' lang='lat' dir='ltr'><strong>sic</strong></span> <span class='ocrx_word' id='word_1_186' title='bbox 2067 3315 2131 3351; x_wconf 84' lang='lat' dir='ltr'><strong>ex</strong></span> <span class='ocrx_word' id='word_1_187' title='bbox 2148 3296 2375 3353; x_wconf 82' lang='lat' dir='ltr'><strong>editione</strong></span> <span class='ocrx_word' id='word_1_188' title='bbox 2398 3298 2485 3352; x_wconf 83' lang='lat' dir='ltr'><strong>Jo.</strong></span> <span class='ocrx_word' id='word_1_189' title='bbox 2506 3296 2576 3355; x_wconf 84' lang='lat' dir='ltr'><strong>de</strong></span> 
     </span>
     <span class='ocr_line' id='line_1_28' title="bbox 439 3374 2578 3451; baseline 0.002 -23"><span class='ocrx_word' id='word_1_190' title='bbox 439 3374 587 3428; x_wconf 82' lang='lat' dir='ltr'><strong>illum</strong></span> <span class='ocrx_word' id='word_1_191' title='bbox 631 3376 885 3430; x_wconf 74' lang='lat' dir='ltr'><strong>scribunt.</strong></span> <span class='ocrx_word' id='word_1_192' title='bbox 927 3376 1148 3431; x_wconf 76' lang='lat' dir='ltr'><strong>Prodest</strong></span> <span class='ocrx_word' id='word_1_193' title='bbox 1183 3389 1358 3431; x_wconf 80' lang='lat' dir='ltr'><strong>autem</strong></span> <span class='ocrx_word' id='word_1_194' title='bbox 1395 3377 1455 3430; x_wconf 85' lang='lat' dir='ltr'><strong>in</strong></span> <span class='ocrx_word' id='word_1_195' title='bbox 1542 3374 1776 3430; x_wconf 53' lang='lat' dir='ltr'><strong>*Tridino</strong></span> <span class='ocrx_word' id='word_1_196' title='bbox 1808 3386 1863 3429; x_wconf 86' lang='lat' dir='ltr'><strong>et</strong></span> <span class='ocrx_word' id='word_1_197' title='bbox 1886 3376 2057 3430; x_wconf 63' lang='lat' dir='ltr'><strong>Iunt-</strong></span> <span class='ocrx_word' id='word_1_198' title='bbox 2081 3377 2317 3449; x_wconf 76' lang='lat' dir='ltr'><strong>reposuit</strong></span> <span class='ocrx_word' id='word_1_199' title='bbox 2364 3379 2578 3451; x_wconf 72' lang='lat' dir='ltr'><strong>Longo-</strong></span> 
     </span>
     <span class='ocr_line' id='line_1_29' title="bbox 439 3454 2320 3530; baseline 0.001 -22"><span class='ocrx_word' id='word_1_200' title='bbox 439 3454 622 3525; x_wconf 75' lang='lat' dir='ltr'><strong>primi·</strong></span> <span class='ocrx_word' id='word_1_201' title='bbox 648 3457 736 3527; x_wconf 73' lang='lat' dir='ltr'><strong>jus</strong></span> <span class='ocrx_word' id='word_1_202' title='bbox 765 3454 902 3510; x_wconf 79' lang='lat' dir='ltr'><strong>illud</strong></span> <span class='ocrx_word' id='word_1_203' title='bbox 924 3456 982 3510; x_wconf 86' lang='lat' dir='ltr'><strong>in</strong></span> <span class='ocrx_word' id='word_1_204' title='bbox 1017 3455 1280 3511; x_wconf 78' lang='lat' dir='ltr'><strong>adeundis</strong></span> <span class='ocrx_word' id='word_1_205' title='bbox 1304 3456 1455 3511; x_wconf 87' lang='lat' dir='ltr'><strong>here-</strong></span> <span class='ocrx_word' id='word_1_206' title='bbox 1550 3456 1667 3510; x_wconf 77' lang='lat' dir='ltr'><strong>lius.</strong></span> <span class='ocrx_word' id='word_1_207' title='bbox 1688 3459 1837 3523; x_wconf 72' lang='lat' dir='ltr'><strong>Quod</strong></span> <span class='ocrx_word' id='word_1_208' title='bbox 1847 3470 2001 3525; x_wconf 74' lang='lat' dir='ltr'><strong>peto,</strong></span> <span class='ocrx_word' id='word_1_209' title='bbox 2023 3456 2231 3530; x_wconf 87' lang='lat' dir='ltr'><strong>reliqui.</strong></span> <span class='ocrx_word' id='word_1_210' title='bbox 2251 3454 2320 3510; x_wconf 87' lang='lat' dir='ltr'><strong>G.</strong></span> 
     </span>
    </p>
   </div>
   <div class='ocr_carea' id='block_1_11' title="bbox 1119 3746 1842 3777">
    <p class='ocr_par' dir='ltr' id='par_1_14' title="bbox 1119 3746 1842 3777">
     <span class='ocr_line' id='line_1_30' title="bbox 1119 3746 1842 3777; baseline 0 913"><span class='ocrx_word' id='word_1_211' title='bbox 1119 3746 1842 3777; x_wconf 95' lang='lat' dir='ltr'><strong> </strong></span> 
     </span>
    </p>
   </div>
   <div class='ocr_carea' id='block_1_12' title="bbox 1845 3760 1975 3773">
    <p class='ocr_par' dir='ltr' id='par_1_15' title="bbox 1845 3760 1975 3773">
     <span class='ocr_line' id='line_1_31' title="bbox 1845 3760 1975 3773; baseline 0.008 -5"><span class='ocrx_word' id='word_1_212' title='bbox 1845 3760 1975 3773; x_wconf 63' lang='lat' dir='ltr'><strong>-n-</strong></span> 
     </span>
    </p>
   </div>
  </div>
 </body>
</html>
