2857 4690
686 404 1207 474 PANEGYR.
1252 407 1476 473 CAP.
1529 407 1778 476 [ΧΠ.
2149 409 2288 509 339

142 552 517 623 quemque,
539 526 951 621 praeficeret‚
986 524 1218 620 elegit,
1263 540 1335 595 et.
1382 527 1654 621 quidem
1697 530 1992 623 primos:
2031 532 2162 601 hoc
2191 550 2290 603 est

148 642 408 735 igitur,
454 636 589 705 hoc
621 650 751 722 est,
796 635 981 730 quod
1024 638 1291 731 penitus
1340 636 1488 713 illos
1533 639 1758 709 animo
1809 642 2084 711 Caesaris
2125 643 2288 711 insi·-

146 748 417 817 nuavit.
444 750 561 816 ·An
598 770 838 841 parum
884 770 1055 840 saepe
1098 749 1355 841 experti
1388 774 1654 838 sumuS,
1692 751 1868 820 hanc
1901 734 2038 820 esse
2067 777 2288 821 rerum
2327 766 2358 818 3

146 857 663 943 conditionem,
682 872 761 926 ut
790 872 1061 926 senatus
1088 856 1278 927 favor
1302 859 1484 953 apud
1507 861 1876 955 principem
1903 877 2018 930 aut
2047 867 2291 956 prosit,

122 984 279 1037 aut
316 967 603 1037 noceat?
626 991 851 1036 nonne
884 965 1113 1061 paullo
1152 983 1309 1038 ante
1344 968 1514 1038 nihil
1569 971 1782 1064 magis
1809 970 2074 1041 exitiale
2115 988 2290 1059 erat,

147 1103 369 1173 quam
410 1076 525 1147 illa
558 1078 879 1172 principis
907 1077 1272 1172 cogitatio?
1306 1082 1520 1150 Hunc
1549 1096 1824 1151 senatus
1839 1082 2135 1177 probat,
2178 1083 2295 1153 hic·

148 1192 443 1257 senatui
482 1210 689 1257 carus
729 1204 853 1258 est.
906 1186 1193 1275 Oderat,
1234 1214 1405 1283 quos
1448 1214 1572 1259 nos
1617 1214 2024 1278 amaremus3
2067 1194 2182 1263 scd
2229 1210 2295 1267 et

152 1323 327 1383 nos,
358 1320 529 1391 quos
564 1296 697 1367 ille.
730 1301 931 1369 Nunc
962 1299 1137 1367 inter
1172 1300 1546 1394 principem
1576 1316 2012 1395 senatumque
2045 1302 2294 1397 dignis·
2331 1316 2363 1373 4

154 1407 684 1500 simicujusque
726 1407 1005 1478 caritate
1036 1424 1371 1479 certatur:
1410 1409 1946 1504 demonstramus
1974 1412 2298 1499 invicem,

155 1516 513 1587 credimus·
542 1518 860 1606 invicem,
900 1518 1213 1613 quodque
1248 1520 1614 1589 maximum
1653 1523 1900 1591 amoris
1940 1525 2158 1593 mutui
2202 1525 2296 1593 si-

156 1652 381 1724 gnum
406 1640 537 1711 est,
565 1626 831 1697 eosdem
858 1652 1177 1699 amamus.
1200 1628 1525 1716 Proinde,
1550 1632 1622 1698 P.
1647 1632 1726 1699 C.
1749 1683 1770 1715 ‚
1797 1630 2008 1701 favete
2034 1649 2261 1726 aperte
2277 1687 2297 1719 ‚
2333 1660 2365 1713 5

156 1738 427 1833 diligite
458 1750 887 1807 constanter:
926 1762 1065 1807 non
1089 1739 1231 1833 jam
1268 1736 1784 1807 dissimulandas
1819 1755 1934 1823 est·
1955 1765 2181 1831 amor,
2211 1769 2298 1813 ne

158 1862 451 1935 noceat3
480 1870 619 1915 non
650 1846 1091 1941 premendum
1114 1846 1375 1932 odium,
1404 1871 1491 1915 ne
1519 1848 1767 1940 prosit:
1799 1848 2030 1917 eadem
2055 1852 2297 1937 Caesar,
2377 1919 2383 1926 ,

160 1982 321 2053 quae
344 1971 644 2042 senam,
674 1956 918 2051 probat
944 1956 1454 2050 improbatque:
1483 1980 1602 2023 vos
1628 1954 1738 2025 ille
1765 1973 2152 2049 praesentes,
2180 1984 2298 2029 vos

162 2067 375 2138 etiam
420 2068 727 2137 absentes
770 2068 841 2135 in
884 2063 1167 2136 consilio
1212 2064 1436 2135 habet.
1479 2064 1708 2133 Tertio
1752 2064 2054 2135 consules
2105 2066 2298 2157 fecit,

164 2202 343 2273 quos
372 2202 491 2249 vos
512 2175 862 2272 elegeratis
889 2202 908 2263 3
936 2190 1005 2245 et
1030 2175 1191 2246 fecit
1210 2174 1343 2246 hoc
1362 2173 1634 2259 ordine,
1659 2198 1793 2267 quo
1821 2172 2015 2243 electi
2041 2200 2082 2243 a
2107 2176 2297 2263 yobis

164 2302 389 2358 erant.
420 2287 711 2383 Magnus
738 2301 1021 2383 uterque
1046 2286 1267 2356 honor
1292 2299 1538 2371 vester,
1565 2285 1701 2354 sive
1723 2283 1988 2374 eosdem
2014 2286 2300 2358 maxime
2334 2314 2368 2365 6

164 2400 431 2495 diligit,
463 2423 632 2494 quos
658 2398 785 2468 scit
818 2399 1007 2468 vobis
1038 2397 1614 2482 esse.carissimos;
1645 2395 1782 2464 sive
1809 2394 1938 2464 illis
1965 2399 2300 2468 neminem

170 2509 482 2605 praefert‚
510 2509 812 2603 quamvis
841 2506 1131 2603 aliquem
1158 2507 1370 2602 magis
1406 2521 1604 2576 amet.
1635 2507 1986 2600 Proposita
2013 2524 2169 2578 sunt
2196 2533 2299 2579 se·
2334 2541 2368 2594 7

170 2620 778 2712 nioribuspraemia
792 2670 813 2702 ‚
826 2619 1187 2711 juvenibus
1214 2614 1516 2711 exempla
1540 2642 1554 2684 ε
1582 2615 1853 2702 adeant,
1877 2616 2304 2711 frequentent

170 2753 446 2798 securas
474 2726 745 2796 tandem
774 2750 851 2795 ac
882 2741 1185 2820 patentes
1216 2726 1451 2796 domos
1482 2751 1498 2793 :
1533 2725 1835 2821 quisquis
1863 2728 2177 2820 probatos
2204 2755 2301 2800 se-

174 2841 371 2909 natui
410 2839 587 2906 viros
628 2837 939 2930 suspicit,
976 2837 1089 2906 hic
1122 2837 1409 2905 maxime
1445 2836 1818 2930 principem
1854 2852 2302 2928 promeretur:

174 2950 303 3018 sibi
334 2949 515 3018 enim
541 2971 915 3016 accrescere
941 2961 1167 3042 putat,
1200 2946 1379 3040 quod
1408 2945 1652 3038 cuique
1680 2944 2107 3013 adstruatur:
2151 2945 2300 3016 nul·
2337 2969 2366 3014 8

176 3060 451 3153 lamque
499 3058 573 3126 in
622 3081 702 3126 eo
754 3054 1035 3151 gloriam
1072 3055 1298 3150 ponit,
1340 3051 1524 3147 quod
1571 3053 1658 3122 sit
1703 3052 2016 3123 omnibus
2058 3055 2304 3150 major,

178 3247 267 3288 cat
292 3234 405 3306 ipae
428 3234 617 3288 Noster
648 3229 817 3302 Epist.
838 3229 920 3291 11,
956 3247 1005 3282 1.
1029 3247 1082 3299 9.
1104 3227 1170 3282 G.

227 3314 259 3368 5
266 3315 576 3382 ‚Mega-atis.
588 3308 893 3364 Miuueudit
904 3309 1201 3380 sumptibus

1288 3239 1558 3282 ctuantem
1575 3225 1780 3288 damus,
1796 3227 1966 3298 qualis
1980 3228 2304 3281 emanuseri-

1286 3307 1389 3376 μὴ
1421 3317 1564 3361 extra
1590 3306 1976 3360 dubitationem
2011 3327 2040 3358 a
2075 3307 2305 3360 Schwar-

178 3393 411 3467 publicis
430 3393 480 3459 S.
507 3409 556 3443 α.
578 3390 633 3445 S.

254 3477 309 3525 6.
320 3477 498 3523 Honor
504 3485 683 3522 «ποιων.
692 3508 708 3521 .
716 3471 895 3522 mobis.
905 3466 1205 3538 Alloquitur

182 3551 362 3606 adhuc
396 3551 575 3603 Patres
608 3547 949 3619 Consoeiptos
968 3583 987 3610 ‚
1034 3545 1204 3618 iisque

181 3633 257 3684 uit
285 3630 477 3683 honori
502 3645 615 3681 esee
640 3626 780 3680 hanc
810 3626 1071 3680 rationem
1096 3625 1204 3677 Im·

184 3709 482 3784 per-toris,
500 3709 611 3761 nive
639 3726 737 3761 suo
768 3724 949 3760 umore
962 3703 1200 3766 eosdem,

180 3790 275 3862 qui
308 3788 415 3843 illis
446 3787 557 3840 cari
592 3797 765 3840 essent
782 3823 799 3849 ‚
828 3785 1207 3856 complectatur

181 3869 413 3922 maxime
438 3903 457 3930 ‚
501 3877 661 3938 atque
704 3864 827 3918 ideo
868 3873 1061 3918 ornet:
1100 3863 1207 3916 sive

180 3947 317 4002 alio·
340 3945 538 4000 habeat
553 3944 809 4007 cariores,
834 3956 885 3998 et
904 3955 1079 3996 tamen
1097 3961 1205 3996 non

180 4029 431 4102 putrer-at
454 4024 540 4076 his
558 4061 574 4085 ‚
602 4042 736 4095 quos
761 4035 971 4076 senatus
991 4023 1207 4094 probet,

178 4108 337 4180 cujus
372 4103 511 4158 adeo
536 4101 736 4174 judicio
774 4103 891 4174 plus
924 4121 1083 4175 quam
1111 4119 1209 4153 suo

180 4186 403 4241 tribum.
454 4181 757 4236 Lectionem
808 4181 897 4234 hic
936 4181 1065 4236 alia·
1108 4179 1209 4232 flu-

1288 3386 1372 3440 zio
1403 3387 1684 3440 constituta
1720 3397 1815 3440 est.
1859 3385 1929 3438 G.
1965 3415 2036 3426 —
2065 3385 2190 3438 Mox
2235 3397 2308 3440 ta-

1288 3485 1411 3520 men
1449 3464 1770 3520 schwartius
1803 3466 2004 3531 suscipit
2019 3500 2034 3526 ,
2069 3464 2216 3535 quod
2253 3476 2308 3520 et

1289 3547 1488 3617 recepit
1524 3544 1789 3615 Gierigiu·
1812 3581 1829 3608 ,
1867 3543 2045 3596 multis
2082 3561 2144 3596 ex
2177 3543 2306 3600 locis

1290 3625 1488 3679 doeens
1504 3660 1522 3688 ,
1543 3627 1782 3690 suscipere
1793 3625 2040 3674 hominem
2055 3621 2162 3676 dici
2176 3661 2193 3688 ,
2214 3622 2310 3696 qui

1290 3707 1408 3777 ejus
1439 3701 1869 3756 existimationem
1903 3711 2081 3753 tuetur
2113 3713 2167 3754 et
2199 3703 2308 3755 vin·

1293 3783 1436 3837 dicat
1459 3801 1490 3836 a
1513 3779 1894 3834 malevolorum
1919 3780 2198 3834 hominum
2224 3799 2308 3836 ca-

1293 3860 1528 3915 lumniis.
1555 3861 1620 3912 E.

1362 3961 1417 4013 7.
1444 3940 1666 4007 Suspicit.
1689 3939 1864 3992 Probo
1878 3941 2094 4006 suspicit.
2123 3939 2310 4010 Agitur

1294 4020 1363 4075 de
1384 4017 1783 4074 salutationibus
1833 4029 1886 4070 et
1929 4017 2308 4088 frequentatio-

1294 4099 1602 4162 nibus.Quae
1619 4096 1798 4152 officia
1811 4097 1902 4169 qui
1919 4095 2070 4150 alteri
2081 4109 2308 4168 praestat,

1298 4196 1420 4232 eum
1441 4193 1548 4230 non
1575 4177 1788 4250 suscipit
1803 4213 1820 4240 ‚
1842 4174 1934 4228 ned
1961 4175 2191 4246 suspicit.
2211 4176 2264 4230 S.

1883 4285 2008 4330 22.
