2857 4690
545 365 680 436 186
1184 369 1259 436 c.
1308 367 1650 437 PL1N11
1699 369 1892 436 LIB.
1941 371 2024 436 x.
2091 448 2102 458 ,

465 523 493 556 2
532 487 789 556 tionem
823 489 1216 582 Byzantium
1251 487 1568 556 mitteret.
1593 489 1896 582 Dispice,
1934 513 2020 556 an
2061 491 2268 558 etiam
2299 495 2336 560 J
2343 490 2662 587 uliopoli-

530 599 704 666 tanis
738 596 935 666 simili
970 599 1229 667 ratione
1272 596 1757 667 consulendum
1799 612 2036 691 putes:
2073 623 2364 692 quorum
2391 603 2663 690 civitas,

530 731 741 800 quum
796 708 882 776 sit
936 709 1321 802 perexigua,
1384 731 1590 776 onera
1615 709 1928 777 -maxima
1969 709 2288 794 sustinet,
2335 725 2662 806 tantoque

460 821 493 872 3
532 818 865 910 graviores
891 817 1189 909 injuria5‚
1216 829 1471 909 quanto
1501 831 1600 884 est
1629 815 1986 900 infirmior,
2005 818 2280 910 patitur.
2307 818 2662 944 Quidquid

530 939 756 994 autem
788 923 1281 1048 Juliopolitanis
1322 925 1740 1020 praestiteriS‚
1781 925 1850 993 id
1885 927 2086 996 etiam
2137 929 2262 998 toti
2297 931 2660 1022 provinciae

531 1033 848 1129 proderit.
891 1037 1064 1104 Sunt
1094 1035 1276 1103 enim
1305 1035 1375 1102 in
1408 1035 1628 1128 capite
1661 1034 2026 1128 Bithyniae,
2066 1032 2506 1131 plurimisque
2539 1063 2661 1132 per

532 1169 677 1212 eam
706 1143 1230 1214 commeantibus
1266 1145 1623 1214 transitum
1657 1142 1978 1238 praebent.

600 1345 841 1399 Lxxxl.
860 1365 909 1398 ο.
924 1348 1197 1413 Iuliopolis.
1218 1344 1356 1398 Plin.
1378 1345 1450 1399 H.
1471 1346 1539 1398 N.
1641 1343 1841 1398 donum
1863 1345 2048 1398 urbem
2067 1345 2305 1398 condidit
2325 1364 2554 1418 eumque
2576 1353 2662 1398 Ju-

532 1427 606 1488 V,
626 1425 715 1490 32,
734 1429 858 1476 inter
868 1423 1147 1478 duodecim
1166 1423 1417 1495 Bithynia
1436 1427 1546 1476 civi-
1640 1425 1862 1491 liupolim
1885 1423 2194 1476 nominavit.
2222 1424 2329 1478 En.

533 1519 656 1554 tates
682 1501 1079 1558 Gordiu-come
1100 1495 1326 1576 (Γορδίου
1356 1495 1544 1576 κόμη),
1713 1501 1766 1555 3.
1790 1509 1853 1554 In
1873 1507 2036 1570 capite
2057 1507 2326 1568 Bithynice,
2339 1507 2662 1572 plurimisque

532 1600 649 1652 quoe
681 1583 713 1633 J
714 1581 957 1652 uliopolis
991 1583 1310 1636 nominatur.
1348 1583 1547 1652 Nempe
1633 1599 1730 1650 per
1759 1601 1871 1632 eam
1895 1585 2290 1634 commeantibus.
2330 1583 2395 1634 In
2427 1595 2661 1636 ummo

533 1660 822 1713 secundnm
842 1661 1155 1715 Strabonem
1176 1661 1279 1712 ΧΠ
1294 1701 1308 1726 ,
1338 1679 1391 1730 p.
1422 1660 1546 1730 5742
1642 1661 1750 1714 fine
1763 1679 1943 1714 versus
1961 1661 2398 1733 Paphlagoniam,
2415 1673 2480 1715 ut
2495 1666 2662 1730 capita

534 1759 597 1791 ex
626 1738 829 1792 Gordio
858 1758 997 1812 pago
1028 1738 1135 1792 dux
1164 1737 1383 1812 quidam
1414 1757 1548 1810 με·
1633 1745 1804 1809 pontis
1825 1740 2075 1795 dicuntur
2099 1754 2352 1795 exn-ema.
2373 1741 2448 1794 G.

556 1944 823 1963 mum
830 1944 1101 1964 mm

1471 1941 2454 1964 mmmm-mmmmm
2461 1943 2641 1964 m

1086 2129 1554 2218 LXXXII.
1637 2129 2097 2252 (LXXJX)

1140 2301 1592 2441 ...imus
1641 2394 1942 2442 mmo
1993 2396 2046 2442 s.

635 2594 735 2660 EA
764 2590 1060 2659 conditio
1100 2604 1199 2657 est
1230 2589 1518 2657 civitatis
1553 2587 2062 2682 Byzantiorum,
2100 2588 2488 2660 confluente
2537 2618 2666 2660 un-

540 2702 739 2793 dique
772 2700 840 2766 in
870 2723 1015 2767 eam
1036 2698 1557 2767 commeantium
1584 2698 1779 2765 turba
1801 2750 1820 2783 ‚
1853 2712 1962 2783 ut,
1989 2698 2354 2769 secundum
2389 2726 2666 2771 consue-

542 2808 839 2879 tudinem
855 2808 1368 2902 praecedentium
1382 2822 1777 2901 temporum,
1799 2808 2166 2877 honoribus
2185 2810 2241 2903 ej
2251 2835 2328 2877 us
2356 2812 2668 2933 praesidio

542 2920 950 2989 centurionis
981 2916 1331 3042 legionarii
1370 2917 1851 2989 consulendum
1881 2919 2347 2989 habuerimus.
2375 2922 2429 2989 si
2455 2924 2497 2989 J
2501 2920 2668 2990 ulio

542 3030 855 3127 politanis
880 2995 1417 3103 succurrendum
1455 3028 1689 3099 eodem
1726 3029 1926 3100 modo
1963 3030 2463 3123 putaverimuS‚
2499 3056 2664 3109 one·

478 3183 505 3216 2
544 3143 837 3212 rabimus
884 3166 1007 3210 nos
1051 3138 1372 3233 exemplo.
1433 3132 1663 3207 Plures
1694 3138 1874 3207 enim
1934 3154 2121 3208 tanto
2169 3140 2382 3233 magis
2431 3139 2666 3208 eadem

545 3254 888 3347 requirent
911 3305 930 3340 ,
979 3254 1243 3344 quanto*
1280 3249 1681 3318 infirmiores
1719 3263 1954 3319 erunt:
1999 3249 2125 3317 tibi
2155 3274 2302 3318 eam
2347 3248 2666 3319 fiduciam

542 3362 896 3456 diligentiae
921 3360 1173 3445 habeo,
1201 3372 1279 3426 ut
1313 3356 1614 3444 credam,
1651 3373 1717 3427 te
1735 3360 1921 3427 omni
1949 3360 2206 3427 ratione
2235 3357 2301 3426 id
2332 3374 2669 3448 acturum,

476 3496 508 3549 3
545 3496 627 3541 ne
646 3474 780 3542 sint
795 3470 1065 3541 obnoxii
1096 3468 1379 3563 injuriis.
1413 3469 1485 3539 Si
1509 3470 1626 3564 qui
1650 3484 1872 3538 autem
1899 3494 1966 3537 se
1982 3484 2220 3537 contra
2243 3468 2668 3563 disciplinam

544 3606 758 3650 meam
800 3580 1120 3675 gesserint
1149 3632 1168 3665 ‚
1210 3579 1432 3648 statim
1470 3593 1945 3648 coerceantur:
1987 3593 2146 3667 aut,
2171 3580 2224 3647 si
2263 3578 2416 3673 plus
2451 3579 2667 3649 admi-

544 3691 783 3777 serint,
810 3714 1011 3783 quam
1048 3704 1123 3757 ut
1148 3690 1217 3757 in
1249 3712 1321 3756 re
1356 3688 1662 3781 praesenti
1699 3690 1856 3758 satis
1885 3690 2298 3781 puniantur:
2337 3690 2392 3758 si
2421 3688 2668 3761 milites

614 3888 1383 3955 Lmll.1.sa·suliopozieamzae.
1393 3886 1554 3951 Quod
1650 3891 1750 3947 nis,
1781 3886 1874 3939 ubi
1905 3886 2023 3940 dun
2055 3888 2214 3941 litera
2239 3894 2275 3938 S
2293 3900 2348 3942 et
2374 3895 2406 3939 Ι
2431 3888 2668 3946 excidere

544 3975 591 4023 si
600 3971 745 4023 abest
762 3987 793 4021 a
806 3966 1121 4041 quibusdam
1136 3966 1307 4031 libris,
1324 3966 1556 4019 tribuen-
1651 3966 1802 4019 facile
1817 3977 2122 4036 potuerunt.
2149 3966 2220 4019 G.

546 4048 675 4101 dum
688 4046 894 4099 videtur
910 4057 1275 4099 morevetusto
1290 4043 1556 4099 scribendi
1733 4048 1784 4100 3.
1820 4049 1949 4097 Satis
1983 4050 2274 4113 puniantur.
2313 4046 2669 4103 provinciale·

548 4146 657 4179 uno
682 4138 886 4189 tenore,
910 4126 1227 4175 habuerimus
1244 4128 1556 4200 Iuliopolitoe
1653 4124 1869 4195 expositi
1883 4124 2089 4196 injuriis
2103 4144 2212 4179 non
2223 4124 2666 4189 tenuissimorum,
