2857 4690
467 328 559 397 80

1045 379 1050 397 f
1100 328 1174 395 C.
1227 326 1566 395 PLINII
1614 329 1806 395 LIB.
1860 331 1993 397 IX.

460 476 624 518 num
653 475 668 517 :
694 450 875 519 hunc
913 462 1066 542 post
1104 451 1322 517 varios
1363 448 1789 543 eruditosque
1835 475 2171 521 sermones
2210 454 2601 546 requisisse,

459 562 742 629 Italicus
779 585 851 627 es
870 613 888 644 ,
933 583 1028 627 an
1045 560 1554 653 provincialis?
1585 585 1652 628 se
1698 560 2113 654 respondisse
2134 614 2152 648 ‚
2194 566 2409 635 Nosti
2446 588 2594 651 me,

390 678 421 732 3
456 688 529 738 et
545 670 816 766 quzdem
855 694 946 739 ex
979 670 1244 739 studizlr.
1287 669 1393 739 Ad
1439 669 1567 741 hoc
1603 668 1828 758 illum,
1875 676 2156 743 Tacitus
2180 700 2286 759 es,
2328 699 2422 743 cm
2458 674 2602 745 Ple·-

453 782 660 850 πίω-ἑ)
697 782 1085 875 Exprimere
1121 806 1258 848 non
1291 806 1596 874 possum,
1626 806 1829 876 quam
1864 782 1947 849 sit
1970 782 2345 874 jucundum
2388 784 2595 869 mihi,

454 891 637 988 quod
665 893 934 961 nomina
973 905 1235 976 nostra,
1265 892 1454 985 quasi
1483 890 1826 960 literarum
1858 894 2162 987 propria,
2196 918 2335 961 non
2370 893 2595 963 homi-

453 1029 650 1086 num,
688 1002 894 1072 literis
933 1001 1343 1086 redduntur3
1375 1001 1557 1095 quod
1593 1016 1877 1096 uterque
1909 1017 2214 1070 nostrum
2254 1003 2357 1071 his
2390 1003 2597 1071 etiam

383 1133 416 1190 4
452 1142 532 1183 ex
569 1113 804 1183 studiis
842 1129 1078 1195 notus,
1125 1111 1367 1205 quibus
1411 1110 1604 1213 aliter
1639 1112 1909 1207 ignotus
1950 1127 2066 1181 est.
2112 1111 2375 1182 Accidit
2410 1111 2598 1183 aliud

450 1241 606 1295 ante
650 1222 969 1319 pauculos
1005 1222 1146 1291 dies
1185 1220 1418 1289 simile.
1464 1221 1924 1290 Recumbebat
1959 1248 2223 1291 mecum
2260 1222 2362 1289 vir
2398 1246 2592 1316 egre-

450 1337 637 1431 giuS‚
676 1335 920 1403 Fabius
969 1332 1257 1403 Rufinus
1286 1357 1300 1398 ε
1329 1354 1531 1425 super
1580 1356 1733 1399 eum
1784 1332 2130 1426 municeps
2185 1333 2427 1427 ἱρείας,
2469 1334 2615 1426 qui·

450 1444 562 1514 illo
597 1443 704 1514 die
742 1444 1034 1537 primum
1078 1443 1148 1510 in
1187 1441 1420 1509 urbem
1464 1456 1767 1529 venerat3
1804 1444 1915 1511 cui
1952 1442 2276 1527 Rufinus,
2312 1442 2591 1511 demon-

449 1570 666 1623 strans
701 1580 845 1640 me,
889 1552 1098 1621 VIdes
1136 1551 1370 1619 hunc?
1399 1549 1618 1619 Multa
1656 1551 1896 1621 deinde
1926 1553 2009 1621 de
2042 1552 2277 1623 studiis
2315 1554 2585 1623 nostris.

381 1677 410 1731 5
447 1670 534 1736 Et
561 1664 699 1748 ille,
727 1666 992 1733 Plc‘m‘us
1017 1679 1120 1731 est
1138 1715 1157 1748 ,
1189 1661 1424 1754 inquit.
1448 1664 1701 1730 Verum
1729 1661 2012 1749 fatebor,
2039 1664 2233 1756 capio
2260 1687 2585 1757 magnum

447 1776 692 1845 laboris
715 1776 845 1844 mei
871 1775 1184 1844 fructum.
1211 1774 1352 1858 An,
1383 1772 1440 1839 si
1466 1772 1951 1843 Demosthenes
1977 1776 2131 1868 jure
2163 1774 2422 1844 laetatus
2446 1788 2583 1861 est,

445 2044 582 2095 tem,
609 2049 708 2083 nec
745 2030 874 2083 alias
913 2030 1142 2082 multum
1177 2038 1473 2081 versantem

1553 2046 1620 2078 an
1648 2032 1835 2081 Plinius
1848 2039 1876 2081 θ
1908 2035 2071 2083 Aliter
2099 2044 2152 2084 et
2184 2018 2255 2084 ⁴ea:
2278 2034 2454 2084 studiis
2480 2032 2581 2085 sibi

444 2112 500 2163 in
513 2111 750 2183 publico,
775 2108 828 2161 in
845 2111 976 2161 urbe
989 2148 1004 2172 ,
1021 2106 1192 2179 qualis
1208 2118 1258 2160 et
1271 2120 1474 2179 quanta
1553 2120 1914 2180 opponuntur.
1937 2111 1989 2163 S.

444 2202 560 2243 tum
575 2203 686 2243 erat
699 2192 882 2243 Roma.
898 2190 950 2243 Si
964 2188 1232 2259 plebeium
1249 2188 1472 2240 facimus

444 2270 589 2323 hunc
609 2288 923 2323 assessorem
940 2305 954 2331 ,
986 2278 1131 2319 tanto
1149 2265 1317 2335 magis
1335 2284 1469 2335 opus

445 2362 524 2404 est
541 2349 790 2420 Lipsinna
809 2344 1286 2401 animadversione.
1310 2344 1471 2416 Equi·

444 2442 552 2482 tem
585 2427 867 2479 minimum
905 2425 1088 2477 suadet
1129 2422 1382 2486 eruditio,
1417 2437 1470 2476 et

441 2511 589 2562 locus
614 2527 735 2560 cum
745 2507 933 2559 Tacito
957 2526 972 2559 ε
995 2516 1286 2557 senatorem
1311 2515 1467 2575 negat

439 2587 760 2658 ignorantia.
795 2584 1027 2638 Absurdi
1056 2583 1294 2655 profecto
1331 2583 1467 2636 nihil

345 2723 349 2728 .
439 2667 600 2721 habet
635 2679 848 2738 recepta
880 2666 961 2719 vel
999 2665 1153 2718 lectio
1187 2664 1268 2719 vel
1301 2664 1463 2718 inter·

439 2748 684 2818 pretatio.
709 2746 776 2798 G.

511 2829 562 2880 3.
594 2829 811 2878 Nomina
825 2861 976 2876 .....
991 2827 1143 2876 literis
1172 2828 1456 2876 redduntur.

437 2911 654 2958 Reddere
701 2905 858 2959 alicui
897 2923 1072 2957 nomen
1115 2923 1270 2958 suum
1316 2901 1457 2974 apud

438 2985 762 3039 avunculum
817 2984 990 3038 Nostri
1039 2983 1459 3056 frequentissime

437 3065 698 3138 signifieat
713 3103 729 3128 ,
751 3065 965 3116 nomine
978 3063 1126 3116 illum
1143 3081 1295 3115 suum
1315 3077 1457 3115 com·

436 3146 650 3216 pellere.
666 3146 788 3198 Non
809 3157 928 3196 utar
945 3142 1194 3214 exemplis
1215 3143 1269 3193 in
1289 3161 1348 3194 re
1366 3141 1459 3194 ob-

437 3225 543 3280 via.
572 3227 750 3276 Reddit
771 3243 884 3292 ergo
914 3227 1065 3276 literis
1091 3241 1267 3274 nomen
1299 3222 1461 3270 Taciti

436 3319 485 3354 ec
508 3306 685 3364 Plinii,
721 3303 815 3374 qui
849 3303 922 3356 ita
955 3301 1177 3371 colligit,
1211 3304 1454 3350 Literams

420 3399 522 3444 est,
549 3403 664 3453 ergo
693 3388 779 3434 vel
805 3385 1017 3456 Tacitus,
1048 3383 1134 3431 vel
1154 3381 1356 3430 Plinius.
1369 3379 1455 3431 Itu

435 3463 580 3534 poesi
605 3462 844 3517 redditur
871 3477 1063 3514 nomen
1091 3458 1310 3512 Homeri
1328 3495 1345 3522 ‚
1367 3458 1453 3514 vel

435 3543 752 3615 virgilii.sic
765 3551 1052 3613 praeceptor
1065 3537 1244 3590 Nostri
1257 3537 1453 3592 Fabius

433 3623 504 3690 Χ,
531 3643 580 3688 ι,
604 3641 659 3693 p.
681 3625 803 3690 916.
835 3625 921 3679 Ut,
939 3617 1106 3689 inquit
1125 3655 1141 3680 ,
1163 3620 1453 3686 Cicer-ajam

433 3721 531 3754 non
564 3705 797 3760 hominis,
837 3701 926 3750 sed
955 3701 1246 3766 eloquencioe
1276 3718 1452 3749 nomen

432 3785 690 3842 habeatur,
715 3780 817 3832 hoc
837 3789 912 3830 est
927 3813 943 3840 ‚
968 3778 1236 3831 Ciceronis
1255 3795 1450 3832 nomen

430 3860 686 3916 reddatur
725 3855 1053 3930 eloquentie.
1094 3857 1162 3910 G.
1185 3861 1447 3910 -Alieen

430 3941 640 3995 Coi-tius
665 3941 808 3998 alter,
837 3955 1131 4008 perperam.
1175 3937 1449 3992 Secundus

427 4019 664 4090 loquitur
680 4014 748 4070 de
765 4017 826 4068 iis
845 4054 861 4079 ,
881 4017 974 4088 qui
993 4033 1279 4089 utrumque
1297 4017 1447 4088 igno-

427 4100 635 4152 rabant.
663 4095 793 4150 Ideo
817 4115 974 4168 eques
999 4097 1086 4149 ille
1109 4115 1122 4150 :
1151 4100 1344 4150 Tacitus
1364 4117 1440 4158 es,

1625 2188 1674 2240 5.
1692 2192 1977 2241 Nos-citavit.
1995 2193 2254 2241 Noscieare
2266 2204 2343 2244 est
2356 2209 2543 2245 eorum
2564 2232 2579 2256 ,

1548 2266 1643 2336 qui
1662 2265 1879 2320 dubiam
1907 2266 2085 2321 adhuc
2111 2269 2349 2323 notitiam
2378 2272 2577 2325 confir-

1549 2363 1694 2398 mare
1718 2345 1933 2400 student
1950 2389 1966 2414 ,
1992 2359 2043 2400 et
2067 2361 2211 2402 certo
2236 2351 2459 2422 eupiunt
2480 2371 2574 2406 co·

1546 2442 1821 2494 gnoscere.
1850 2427 1966 2478 Hoc
1993 2427 2253 2482 Plautinis
2282 2430 2573 2500 praesertim

1546 2506 1795 2576 exemplis
1828 2506 2025 2560 Cistell.
2062 2506 2163 2570 IV,
2198 2529 2258 2572 2,
2291 2517 2385 2574 143
2412 2509 2572 2581 Epid.

1544 2585 1645 2648 lv,
1690 2606 1737 2649 ι,
1776 2585 2020 2649 103Mil.
2054 2586 2140 2649 11,
2168 2591 2224 2650 6,
2254 2595 2315 2651 41
2341 2601 2393 2641 et
2414 2589 2569 2643 Trin.

1542 2663 1643 2727 IV,
1678 2686 1729 2728 2,
1771 2683 1857 2729 21,
1896 2664 2322 2718 demonstramus
2348 2667 2404 2718 in
2431 2667 2574 2720 The-

1542 2761 1697 2796 sauro
1716 2782 1729 2806 ,
1749 2745 1843 2816 qui
1866 2764 1964 2798 nos
1987 2765 2153 2816 quum
2174 2747 2400 2798 maxime
2420 2765 2572 2800 exer·

1538 2822 1670 2874 citos
1684 2821 1845 2876 habet
1858 2823 2049 2896 lingue
2064 2825 2255 2878 lanua.
2281 2825 2442 2896 [Add.
2458 2826 2569 2880 Ge-

1538 2902 1680 2953 sneri
1712 2901 1781 2955 ad
1814 2905 1865 2955 J.
1882 2904 1947 2956 A.
1966 2903 2266 2957 Ernestium
2295 2905 2563 2978 epistola.]

1534 2982 1702 3052 Igitur
1759 2981 1847 3035 hic
1898 2983 2329 3055 interrogationis
2380 2998 2566 3041 notam

1536 3059 1747 3130 adpone
1794 3075 1846 3114 et
1881 3080 2061 3116 vocem
2114 3063 2371 3127 arbitror,
2422 3079 2567 3119 certe

1532 3139 1761 3194 Plinium
1802 3142 2119 3196 intellexisse
2148 3155 2303 3212 puto,
2334 3143 2565 3199 interro·

1529 3221 1705 3290 gantis
1743 3221 2065 3274 muliercula·
2080 3259 2095 3285 ,
2130 3225 2333 3273 Hicea'ne
2368 3239 2443 3274 ese
2476 3228 2564 3277 ille

1534 3303 1875 3352 Demosthenes
1888 3313 1915 3352 θ
1950 3299 2181 3371 Contigit
2221 3299 2347 3354 huic
2394 3304 2561 3358 etiam

1532 3381 1938 3434 narratiunculae
1957 3418 1971 3443 ‚
2010 3378 2154 3451 quod
2195 3380 2375 3435 multis
2405 3383 2528 3438 aliis
2544 3423 2562 3449 ‚

1532 3473 1591 3512 ut
1610 3461 1751 3514 varie
1770 3481 1870 3533 pro
1893 3462 2153 3531 cujusque
2170 3459 2385 3532 ingenio
2408 3475 2459 3516 et
2478 3484 2559 3518 re—

1531 3540 1786 3603 ferretur,
1812 3552 1866 3594 et
1901 3538 2250 3611 judicaretur.
2292 3541 2391 3594 Hic
2428 3545 2561 3598 sutis

1530 3620 1687 3672 fuerit
1724 3619 1959 3674 indicare
1994 3620 2113 3674 loca
2145 3619 2257 3674 Cic.
2287 3621 2451 3676 Tusc.
2486 3623 2559 3689 V,

1532 3700 1633 3760 36;
1662 3699 1859 3752 AElian.
1886 3699 1957 3762 V;
1995 3699 2063 3752 Η.
2104 3700 2211 3764 lx,
2248 3717 2340 3770 17;
2372 3701 2557 3757 schol.

1528 3777 1669 3831 Pers.
1708 3777 1775 3832 ad
1816 3781 1877 3844 1,
1916 3781 2000 3834 28.
2030 3781 2233 3850 Nempe
2267 3781 2429 3844 illud,
2466 3787 2557 3834 Di-

1520 3860 1629 3926 gito
1656 3862 1921 3910 monstrnt-i
1931 3899 1947 3920 ,
1979 3875 2027 3911 ee
2046 3863 2200 3911 dicier
2224 3877 2313 3914 mc
2336 3862 2465 3914 ιιι-Ρ
2486 3863 2558 3917 ab

1526 3937 1630 3988 hae
1646 3937 1953 3992 narratione
1972 3953 2149 3994 ortum
2166 3941 2351 3993 volunt
2370 3961 2383 3994 :
2402 3941 2552 4012 quod

1526 4017 1683 4070 etiam
1712 4017 1932 4073 Horatio
1952 4020 2179 4092 placuit,
2202 4019 2309 4073 Od.
2327 4021 2420 4072 lib.
2444 4022 2547 4084 IV,

1528 4097 1589 4160 3,
1619 4115 1666 4154 v.
1694 4097 1875 4152 22.G.
