2857 4690
761 378 1289 448 EPISTOLA
1336 331 1722 491 xi'cym.
2069 486 2074 489 ῃ
2213 366 2306 469 89

200 584 731 604 §mmm
734 586 917 605 m
1742 580 2192 602 mmmmm
2198 580 2289 599 Μ

1192 586 1466 606 mmm

991 754 1489 866 XXVIII.

184 998 369 1059 Tribus
396 1002 669 1081 epistolis
697 1000 1048 1081 respondet:
1072 1012 1339 1078 quartam
1354 1044 1369 1072 ‚
1394 1000 1677 1058 curiosius
1699 999 2002 1078 scriptam,
2023 996 2308 1075 accepisse

1100 1098 1161 1156 se
1193 1111 1381 1175 negat.

595 1310 657 1355 c.
698 1308 1053 1356 rmmns
1104 1308 1470 1355 nomano
1525 1284 1556 1314 '²
1607 1308 1782 1353 suo.
1819 1310 1870 1353 s.

258 1491 459 1557 Posr
494 1487 780 1581 longum
832 1484 1097 1580 tempus
1142 1484 1454 1579 epistolas
1501 1500 1682 1573 tuas,
1721 1484 1837 1554 sed
1885 1499 2019 1553 tres
2060 1489 2310 1580 pariter

180 1599 412 1693 recepi,
455 1623 701 1667 omnes
737 1594 1259 1691 elegantissimas
1282 1649 1301 1682 ‚
1346 1596 1866 1678 amantissimaS‚
1899 1609 1966 1663 et
2000 1594 2228 1688 quales
2270 1620 2309 1689 a

180 1720 234 1773 te
256 1708 507 1791 venire,
536 1708 910 1803 praesertim
942 1705 1387 1789 desideratas,
1420 1704 1778 1800 oportebat
1811 1732 1825 1773 :
1853 1730 2141 1799 quarum
2175 1730 2311 1775 una

182 1817 449 1911 injungis
500 1818 676 1885 mihi
720 1816 1281 1910 jucundissimum
1327 1817 1809 1901 ministerium,
1846 1830 1921 1883 ut
1969 1816 2050 1885 ad
2098 1815 2307 1887 Ploti-

184 1933 837 2018 nam‚sanctissimam
858 1930 1194 2016 feminam,
1212 1930 1414 1998 literae
1435 1944 1565 1997 tuae
1585 1910 2030 2023 perferantur.
2055 1930 2303 2000 Eadem
2349 1956 2377 1990 ²

182 2043 587 2119 commendas
626 2042 962 2137 Popilium
998 2041 1428 2111 Artemisium
1460 2063 1476 2105 ε
1509 2041 1734 2107 statim
1773 2040 2082 2131 praestiti,
2125 2040 2310 2133 quod

186 2150 446 2243 petebat.
480 2152 757 2223 Indicas
805 2152 1038 2238 etiam,
1076 2148 1373 2219 modicas
1426 2163 1492 2217 te
1542 2147 1911 2217 vindemias
1952 2147 2311 2244 collegisse·

187 2261 566 2331 Communis
618 2263 758 2332 haec
801 2262 965 2331 mihi
1012 2276 1266 2344 tecum,
1310 2285 1720 2356 quamquam
1761 2261 1831 2328 in
1871 2260 2312 2330 diversissima

189 2387 350 2462 parte
368 2389 747 2458 terrarum,
780 2370 1051 2468 querela
1079 2387 1199 2441 est.
1222 2370 1449 2441 Altera
1475 2371 1752 2466 epistola
1780 2353 2080 2460 nuntias,
2103 2370 2313 2440 multa
2349 2371 2382 2424 3
2455 2441 2466 2460 ,

190 2494 241 2548 te
275 2508 446 2553 nunc
496 2483 784 2569 dictare,
834 2507 1017 2550 nunc
1067 2483 1387 2570 scrihere,
1431 2484 1676 2576 quibus
1721 2508 1844 2552 nos
1885 2483 2006 2552 tihi
2067 2508 2310 2577 reprae-

188 2609 399 2664 sentes.
446 2595 731 2666 Gratias
758 2618 931 2689 ago:
969 2618 1233 2688 agerem
1275 2595 1519 2688 magis,
1561 2595 1613 2662 si
1655 2619 1762 2663 me
1798 2593 1908 2663 illa
1948 2596 2124 2689 ipsa,
2167 2621 2314 2690 quae

188 2705 390 2774 scribis
416 2719 545 2775 aut
564 2705 812 2791 dictas,
842 2703 1062 2799 legere
1093 2703 1434 2773 voluisseS.
1475 2708 1564 2774 Et
1609 2720 1754 2774 erat
1784 2730 2090 2800 aequum,
2127 2722 2203 2776 ut
2240 2723 2338 2776 te·

191 2838 350 2904 mea,
388 2819 489 2885 ita
534 2840 643 2884 me
688 2831 803 2884 tua
857 2817 1104 2909 scripta
1156 2839 1599 2908 cognoscere,
1646 2815 1904 2884 etiamsi
1952 2815 2036 2884 ad
2070 2815 2317 2904 alium,

190 2947 363 3016 quam
396 2925 491 2996 ad
521 2952 629 2995 me
654 2926 1095 3020 pertinerent.
1127 2924 1475 2994 Polliceris
1511 2926 1582 2992 in
1613 2923 1748 2993 fine
1771 2977 1790 3010 ‚
1825 2951 2037 3019 quum
2071 2929 2316 2996 certius
2349 2938 2382 2996 4

190 3033 259 3103 de
291 3039 437 3108 vitae
480 3051 725 3107 nostrae
769 3035 1196 3105 ordinatione
1237 3035 1493 3129 aliquid
1531 3034 1860 3121 audieris,
1901 3035 2204 3105 futurum
2249 3052 2315 3106 te

190 3145 521 3241 fugitivum
565 3151 663 3218 rei
708 3147 1093 3235 familiaris,
1134 3148 1494 3239 statimque
1549 3145 1633 3214 ad
1687 3171 1810 3214 nos
1864 3145 2314 3234 evolaturum,

188 3259 285 3348 qui
313 3261 453 3352 jam
492 3259 613 3328 tibi
657 3251 1013 3354 compedes
1054 3259 1418 3342 nectimuS‚
1461 3283 1624 3352 quas
1663 3257 2078 3353 perfringere
2125 3257 2316 3327 nullo

244 3459 527 3514 ML*
560 3463 803 3512 Voconius
832 3466 1081 3512 Romanus
1110 3459 1187 3510 in·
1284 3471 1396 3510 tum
1414 3497 1430 3521 ,
1448 3447 1730 3511 nobiscum
1751 3469 2002 3528 tanquam
2027 3473 2152 3510 cum
2176 3475 2310 3529 proe-

190 3537 417 3610 alligitur
432 3559 597 3613 quem
615 3541 671 3591 11
686 3577 701 3602 ‚
724 3559 809 3611 ep.
837 3542 899 3593 13
924 3557 1185 3593 commen·
1282 3538 1519 3592 sentibus
1566 3556 1688 3610 agas
1711 3575 1726 3600 ,
1767 3538 1906 3590 inter
1952 3535 2274 3590 studendum
2289 3575 2306 3602 ,

190 3613 280 3669 dat.
302 3619 402 3673 En.
1282 3617 1614 3672 recitandum
1657 3617 1723 3670 de
1753 3617 1907 3669 nobis
1945 3617 2174 3690 cogites3
2221 3617 2315 3671 sed

254 3717 295 3750 ι.
308 3702 555 3751 Plotinam
565 3699 1183 3766 smeissimamfiminam.
1288 3696 1518 3750 maxime
1540 3695 1608 3749 de
1627 3696 1779 3750 nobis
1798 3695 1881 3748 vel
1901 3693 1967 3747 ad
1989 3716 2086 3749 nos
2111 3695 2316 3770 aliquid

192 3771 409 3832 noceam
426 3778 585 3831 titulo
604 3787 799 3831 mactat
812 3815 829 3840 ,
853 3795 964 3829 non
982 3785 1188 3829 tantum
1287 3777 1489 3828 scribas
1501 3813 1517 3840 ,
1535 3789 1694 3849 atque
1711 3788 2020 3846 presentem
2046 3775 2180 3832 adeo
2203 3778 2316 3831 ani·

188 3867 377 3927 propter
400 3869 688 3929 augustum
715 3856 1023 3929 conjugium
1052 3855 1187 3908 Tra·
1286 3873 1377 3908 mo
1414 3867 1508 3908 tuo
1547 3867 1598 3908 et
1623 3856 1930 3928 cogitationi
1973 3876 2058 3910 me
2097 3857 2310 3912 habeas.

188 3934 309 4004 jani3
336 3937 429 3990 ned
458 3948 679 4008 propter
704 3954 904 3999 mores,
932 3951 1067 4006 qnos
1092 3935 1188 3988 Pa·
1284 3933 1402 3989 Hoc
1441 3937 1705 4007 postulant
1733 3949 1912 4007 aperte
1941 3937 2131 3990 ulti-ma
2157 3938 2316 4010 hujus

190 4031 293 4083 neg.
326 4017 637 4080 Lxxxm,
670 4016 719 4067 5.
758 4033 839 4086 aq.
881 4014 1039 4070 etiam
1076 4012 1188 4067 lau·
1286 4015 1544 4086 segmenti
1565 4017 1744 4068 verba.
1768 4014 1838 4068 G.

193 4089 285 4146 dat.
300 4095 363 4148 G.
1348 4098 1409 4154 ’4.
1433 4098 1530 4160 Qui
1542 4099 1656 4164 jam
1685 4098 1796 4146 eibi.
1818 4130 1831 4145 .
1853 4099 2046 4166 φοι-εὶς.
2077 4095 2172 4148 His
2196 4111 2314 4146 ver-

259 4175 303 4228 3.
360 4179 470 4230 Tibi
521 4190 843 4243 repr-memes.
894 4175 1011 4228 Non
1065 4186 1184 4228 tan·
1282 4172 1363 4226 bis
1398 4173 1699 4228 continetur
1735 4193 2046 4246 responsum
2081 4173 2150 4227 ad
2191 4191 2313 4243 par-
