2857 4690
828 384 1355 452 EPISTOLA
1402 381 1768 451 XXXVI.
2211 378 2340 448 105

212 508 393 577 enim
446 494 709 578 certum
756 506 1265 603 dimensumque
1301 504 1630 601 tempus),
1670 518 1748 574 ut
1787 502 1929 572 dies
1977 503 2224 586 suasit,
2270 505 2342 570 in

218 634 477 713 xystum
508 645 619 689 me
654 618 757 689 vel
803 621 1371 715 cryptoporticum
1408 617 1719 706 confer03
1757 613 2014 709 reliqua
2058 612 2346 683 meditor

222 742 287 795 et
332 728 551 799 dicte.
592 728 999 799 Vehiculum
1038 728 1406 801 adscendo:
1461 729 1555 798 ibi
1598 751 1866 823 quoque
1907 725 2122 810 idem,
2165 724 2348 819 quod

224 826 579 910 ambulans
611 855 727 915 aut
758 840 1009 934 jacens.
1048 842 1271 910 Durat
1305 840 1622 925 intentio,
1658 836 2030 907 mutatione
2064 836 2206 929 ipsa
2242 858 2348 903 re-

226 947 393 1017 fecta
424 975 440 1017 τ
484 948 789 1045 paullum
831 948 1164 1019 redormio
1183 1004 1202 1037 ‚
1245 950 1401 1020 dein
1442 948 1712 1019 ambulo
1729 1002 1749 1037 ‚
1784 972 1942 1016 mox
1977 946 2350 1033 orationem

228 1062 531 1129 Graecam
549 1063 944 1130 Latinamve
968 1059 1145 1131 clare
1166 1076 1233 1131 et
1249 1062 1535 1149 intente,
1553 1085 1691 1129 non
1721 1074 1858 1129 tam
1884 1057 2063 1126 vocis
2091 1078 2352 1141 caussa,

228 1196 429 1265 quam
456 1173 825 1255 stomachi,
854 1171 1001 1265 lego
1030 1199 1047 1241 z
1079 1171 1330 1266 pariter
1356 1185 1580 1241 tamen
1605 1184 1672 1239 et
1703 1168 1820 1238 illa
1849 1167 2183 1237 firmatur.
2215 1168 2349 1234 Ite·
2389 1172 2424 1230 4

230 1305 375 1349 rum
418 1282 732 1369 ambulo,
777 1307 1030 1376 ungor,
1067 1306 1413 1369 exerceor,
1455 1281 1660 1350 lavor.
1707 1278 2016 1349 Coenanti
2052 1275 2219 1345 mihi
2242 1328 2262 1358 ‚
2297 1274 2354 1342 si

230 1414 377 1460 cum
426 1416 637 1462 uxore
660 1446 679 1477 ‚
716 1391 819 1462 vel
870 1393 1137 1486 pauciS‚
1181 1391 1349 1461 liber
1392 1391 1636 1488 legitur
1670 1416 1686 1459 ε
1723 1404 1874 1485 post
1908 1410 2202 1472 ooenam,
2240 1408 2352 1453 co·

229 1502 429 1571 moedi
484 1518 605 1571 aut
657 1502 914 1597 lyristes
952 1530 967 1571 ε
1005 1528 1161 1573 mox
1201 1528 1355 1573 cum
1405 1505 1570 1572 meis
1616 1500 1924 1591 ambu10,
1960 1523 2249 1595 quorum
2285 1498 2356 1565 in

232 1636 519 1682 numero
542 1629 703 1683 sunt
728 1614 998 1684 eruditi.
1026 1617 1130 1685 Ita
1160 1616 1361 1685 variis
1387 1614 1808 1684 sermonibus
1831 1636 2106 1707 vespera
2131 1624 2356 1678 exten·

232 1721 451 1807 ditur,
515 1740 615 1811 et,
666 1748 1051 1819 quanquam
1108 1724 1580 1820 longissimus,
1633 1722 1774 1792 dies
1839 1724 1982 1791 cito
2025 1717 2356 1789 conditur.

234 1834 387 1902 Non
424 1859 775 1929 nunquam
811 1860 891 1903 ex
940 1835 1071 1905 hoc
1117 1836 1353 1905 ordine
1402 1834 1626 1928 aliqua
1663 1847 2060 1901 mutantur:
2103 1854 2261 1899 nam
2301 1831 2357 1898 si
2397 1838 2427 1890 5

236 1941 351 2010 diu
378 1944 599 2030 tacui,
622 1944 723 2045 vel
752 1944 1125 2033 ambulavi,
1153 1961 1308 2040 post
1338 1969 1650 2014 somnum
1681 1944 1951 2012 demum
1977 1941 2358 2011 lectionem·

232 2078 395 2147 que,
414 2079 555 2122 non
583 2054 925 2136 vehiculo,
951 2056 1068 2125 sed
1095 2056 1306 2151 (quod
1334 2056 1633 2139 breviuS,
1652 2054 1811 2148 quia
1839 2051 2160 2146 velocius)
2185 2076 2360 2145 equo

234 2182 477 2259 gestor.
516 2169 980 2236 Interveniunt
1013 2168 1207 2237 amici
1246 2193 1329 2237 ex
1362 2166 1686 2261 proximis
1735 2162 2041 2259 oppidis,
2077 2176 2362 2257 partem-

234 2300 361 2370 que
406 2274 540 2344 diei
582 2276 667 2344 ad
703 2302 771 2345 se
804 2276 1111 2364 trahunt,
1143 2277 1614 2373 interdumque
1647 2275 1889 2345 lassato
1918 2271 2083 2343 mihi
2116 2295 2363 2368 oppor-

236 2401 395 2456 tuna
446 2385 987 2482 interpellatione
1040 2389 1470 2459 subveniunt.
1512 2391 1744 2456 Venor
1801 2382 2203 2480 aliquand03
2250 2379 2364 2451 sed
2399 2393 2432 2439 6

232 2523 367 2567 non
411 2499 557 2566 sine
600 2497 1077 2592 pugillaribus,
1112 2513 1219 2588 ut,
1256 2501 1558 2594 quamvis
1600 2497 1769 2567 nihil
1820 2497 2110 2591 ceperim
2135 2550 2153 2584 ‚
2189 2517 2368 2562 non-

236 2605 401 2676 nihil
432 2606 738 2677 referam.
762 2610 983 2678 Datur
1009 2623 1077 2678 et
1103 2608 1386 2698 colonis,
1420 2625 1498 2678 ut
1517 2607 1781 2678 videtur
1812 2607 2008 2702 ipsis,
2037 2630 2175 2675 non
2211 2605 2366 2674 satis

306 2817 359 2871 3.
396 2819 667 2868 smmeki.
719 2815 965 2870 Barthius
1016 2817 1254 2872 laudavit

238 2895 447 2950 Ochum
468 2897 525 2959 Ι,
544 2897 611 2961 8,
630 2896 709 2950 in.
727 2900 907 2966 Siquis
924 2917 1047 2950 vem
1066 2913 1255 2951 stomo-

240 2979 325 3028 elw
350 2981 579 3038 laborat,
611 2981 767 3045 legere
787 2981 921 3028 elam
946 2979 1101 3032 debet.
1126 2979 1180 3032 S.

290 3063 343 3121 4.
358 3059 594 3108 Comaedi,
604 3053 815 3108 Cortius
824 3059 1083 3109 comedas.
1094 3055 1255 3122 Quod

242 3135 532 3208 paler-am.
560 3135 617 3188 S.
636 3164 705 3176 —
726 3138 942 3202 Quorum
970 3138 1021 3187 in
1054 3156 1254 3189 numero

242 3229 347 3266 sune
354 3218 555 3267 σιιᾰίεέ.
564 3215 781 3286 Propter
792 3214 895 3268 hoc
904 3216 1075 3288 ipsum
1084 3253 1099 3279 ,
1109 3215 1256 3290 quod

242 3293 613 3366 quinci-aditu·
630 3297 1101 3358 anmeuneznin
1122 3313 1259 3349 meo-

244 3391 358 3426 rum
392 3393 619 3428 numero
654 3387 751 3428 est.
789 3375 858 3428 G.
894 3403 965 3418 -—
992 3372 1255 3447 Equidem

242 3453 419 3505 mum
442 3471 569 3508 cum
592 3453 833 3526 Gierigio
854 3453 923 3506 de
944 3455 1121 3526 pneris
1145 3454 1256 3508 litu-

244 3530 363 3584 ntis
384 3533 697 3605 intelligere.
724 3535 777 3587 S.

306 3641 379 3652 --
392 3615 531 3664 vies.
554 3650 567 3664 .
589 3648 603 3663 .
625 3617 891 3664 manditur.
912 3613 1253 3666 Notissimum

1349 2819 1588 2872 tulerunt
1611 2818 1822 2873 Cottius
1844 2829 1898 2871 et
1917 2817 2204 2890 Gierigius.
2225 2819 2281 2873 S.
2299 2849 2370 2859 --

1352 2903 1505 2966 Quod
1535 2903 1744 2962 brevius,
1787 2902 1916 2967 quia
1952 2902 2186 2952 νείοοὲω.
2225 2897 2370 2952 Hora

1350 2978 1654 3052 gestationis
1679 2979 1916 3050 impensa
1947 2989 2026 3031 est
2055 2977 2147 3032 alii
2175 2979 2272 3031 rei.
2291 2977 2372 3031 Ne

1349 3057 1510 3128 plane
1523 3076 1554 3112 a
1567 3069 1716 3112 motu
1729 3057 1966 3129 corporis
1978 3056 2189 3111 recedat
2199 3095 2214 3120 ‚
2225 3055 2370 3109 aliud

1352 3149 1558 3209 tempus
1593 3137 1818 3190 sumitur
1849 3135 2243 3210 decerpendum
2281 3133 2370 3186 alii

1350 3218 1428 3272 rei
1452 3235 1466 3269 :
1489 3235 1558 3270 ne
1582 3216 1798 3287 longum
1825 3215 1984 3270 nimis
2019 3216 2114 3278 sit,
2143 3214 2196 3266 in
2233 3231 2372 3284 equo

1352 3295 1712 3350 conficiuntur
1721 3295 1904 3350 eadem
1917 3295 2101 3367 spatia,
2112 3311 2230 3363 quoe
2242 3293 2372 3346 alias

1351 3377 1407 3430 in
1451 3395 1639 3431 curru:
1675 3375 1898 3429 totidem
1925 3372 2370 3454 'succussionibus

1350 3467 1594 3510 movetur
1607 3473 1798 3527 corpus
1813 3495 1828 3522 ,
1844 3453 1934 3507 sed
1951 3452 2174 3507 celerius
2185 3471 2242 3506 se
2253 3471 2374 3506 con·

1349 3536 1707 3609 sequentibus.
1725 3534 1794 3587 G.

1422 3619 1477 3668 6.
1517 3621 1680 3666 Venor·
1695 3615 1996 3682 aliquand05
2027 3615 2118 3663 sed
2145 3631 2246 3663 non
2269 3615 2379 3664 sine

248 3689 373 3742 illud
388 3691 597 3762 Virgilii
618 3710 781 3760 :serpe
810 3711 901 3761 ego
936 3697 1105 3763 longus
1129 3696 1259 3745 Can-
1343 3697 1688 3764 pngillan'boes.
1707 3693 1836 3746 Vid.
1859 3692 1950 3746 lib.
1971 3693 2026 3756 1,
2046 3693 2198 3764 epist.
2219 3697 2272 3746 Gr.
2299 3693 2369 3747 G.

246 3775 603 3839 tmpnemm
611 3775 1253 3826 meminimeonderesoees.

251 3849 401 3913 Quod
422 3851 693 3906 Bentleius
710 3864 981 3922 comparat
1000 3871 1123 3905 cum
1141 3853 1259 3906 Cal-

252 3930 499 3986 limcheo
527 3971 545 3998 ‚
582 3937 715 3991 *mm
762 3939 809 3988 ἐν
848 3937 1003 4004 λα’σχῃ
1049 3931 1257 3988 καταδεῖ·

254 4029 429 4082 σαμν,
453 4013 639 4086 Epigr.
668 4015 725 4065 11
743 4051 760 4078 ,
787 4013 988 4086 3‚'pag.
1016 4015 1139 4086 275,
1164 4013 1251 4066 ed.

254 4087 445 4146 Emen.
466 4095 521 4148 S.

320 4171 367 4222 5.
388 4175 555 4227 Tae-⁸⁸.
570 4173 657 4226 ΔΙ.
660 4175 809 4242 jacui
812 4211 831 4236 ‚
848 4170 1119 4247 quodjure
1128 4191 1255 4245 pra·

1352 3780 1516 3841 Apros
1532 3789 1651 3826 tres.
1670 3815 1682 3826 .
1701 3814 1713 3826 .
1734 3776 1867 3842 σφ’.
1887 3814 1899 3826 .
1919 3814 1958 3826 ..
1981 3776 2070 3824 Ad
2087 3775 2214 3824 mia
2235 3777 2374 3824 sede·

1353 3856 1468 3904 bam
1487 3874 1509 3904 .-
1535 3867 1678 3904 eram
1697 3855 1747 3908 t‘n
1757 3857 2010 3921 proximo,
2034 3871 2136 3904 non
2145 3857 2372 3904 venabu-

1354 3937 1454 3985 lum
1477 3947 1573 3984 eme*
1586 3937 1760 3985 lancea
1777 3973 1792 3995 ‚
1826 3937 1917 3985 sed
1937 3937 2074 3985 stilus
2095 3948 2146 3984 ec
2157 3937 2371 4002 pugilla-

1352 4031 1446 4064 res.
1469 4015 1753 4064 Meditabar
1776 4017 1970 4084 aliquid
1983 4015 2360 4082 cantaban-que,

1353 4107 1409 4144 ut
1435 4096 1482 4143 si
1519 4111 1692 4144 manus
1735 4115 1926 4146 vacteas
1939 4133 1954 4156 ,
1993 4097 2168 4162 plenas
2208 4107 2370 4143 tamen

1351 4191 1490 4225 cer-as
1517 4187 1834 4241 reportarem.
