2857 4690
499 341 629 414 152
1132 348 1207 414 C.
1259 347 1601 415 PLINII
1652 347 1838 414 LIB.
1886 349 1970 414 X.

489 492 663 562 aqua
693 467 937 536 debere
973 465 1286 570 perduci,
1324 467 1496 538 sicut
1528 469 1724 536 initio
1759 482 2088 536 tentatum
2123 483 2300 550 erat,
2336 485 2618 540 arcuato

489 602 717 670 opere,
750 603 834 646 ne
866 591 1128 648 tantum
1164 576 1247 647 ad
1280 576 1480 672 plana
1517 579 1804 647 civitatis
1839 592 1909 646 et
1933 577 2209 647 humilia
2242 581 2614 673 perveniat.

487 691 770 756 Manent
794 687 1012 756 adhuc
1048 687 1434 782 paucissimi
1465 712 1660 760 arcus
1688 713 1704 755 ε
1739 702 2020 781 possunt
2049 702 2115 756 et
2145 688 2311 782 erigi
2337 689 2614 782 quidam

486 797 705 893 lapide
753 796 1115 891 quadrato,
1160 798 1277 892 qui
1324 823 1406 866 ex
1449 799 1788 891 superiore
1834 818 2036 892 opere
2078 796 2416 866 detractus
2455 812 2561 867 est
2593 825 2611 867 ε

484 906 707 1002 aliqua
736 931 921 1001 pars,
961 921 1039 975 ut
1072 907 1239 976 mihi
1275 907 1562 995 videtur,
1598 921 1883 977 testaceo
1917 930 2121 1002 opere
2157 907 2414 1003 agenda
2441 909 2613 1000 erit3

419 1019 449 1065 3
488 1016 555 1085 id
604 1017 783 1086 enim
838 1031 906 1086 et
952 1015 1211 1086 facilius
1258 1032 1324 1086 et
1360 1017 1579 1086 vilius.
1632 1018 1721 1085 Et
1765 1018 1834 1084 in
1884 1017 2118 1111 primis
2164 1017 2613 1086 necessarium

482 1141 621 1213 est,
660 1128 839 1197 mitti
872 1152 913 1196 a
954 1142 1019 1197 te
1050 1126 1157 1197 vel
1196 1127 1566 1222 aquilegem
1603 1126 1707 1197 vel
1748 1127 2221 1214 architectum,
2256 1151 2344 1196 ne
2379 1152 2616 1196 rursus

487 1238 779 1325 eveniat,
820 1237 1002 1333 quod
1038 1238 1295 1308 accidit.
1333 1241 1480 1332 Ego
1519 1235 1685 1306 illud
1718 1261 1932 1306 unum
1968 1236 2252 1305 adfirmo
2267 1287 2288 1323 ,
2319 1251 2388 1305 et
2421 1236 2616 1305 utili-—

487 1361 693 1417 tatem
734 1349 958 1448 operis
1005 1361 1072 1416 et
1116 1344 1678 1440 pulchritudinem
1717 1346 1956 1417 saeculo
1996 1361 2116 1417 tuo
2169 1372 2306 1416 esse
2351 1347 2609 1443 dignis-

490 1480 747 1526 simam.

558 1663 849 1712 —Perduci
849 1698 973 1712 ......
1000 1677 1204 1712 arcuato
1224 1681 1367 1730 opere
1372 1701 1475 1715 .....
1485 1703 1502 1716 .
1600 1659 1744 1712 varie
1767 1661 1927 1714 fiebat
1943 1697 1958 1723 ,
1981 1679 2043 1712 ex
2058 1677 2219 1714 arena
2234 1697 2250 1724 ,
2275 1678 2307 1712 e
2323 1677 2620 1721 marmore.

489 1759 649 1800 areas,
669 1739 861 1810 quibus
876 1741 1231 1793 Romanorum
1254 1737 1502 1812 aqundu·
1599 1752 1652 1792 et
1675 1740 1820 1792 tentis
1847 1739 2016 1792 ferreo
2041 1738 2151 1809 pilo
2171 1739 2406 1792 contusis
2423 1749 2476 1790 et
2493 1737 2630 1794 calci

490 1817 861 1889 ctus.impo⁸iti
876 1856 891 1882 ,
919 1817 1239 1889 quibusdam
1261 1820 1319 1871 in
1343 1819 1474 1872 locis
1487 1857 1504 1882 ,
1601 1817 1797 1871 mixtis.
1839 1815 2037 1870 Plinius
2077 1815 2318 1870 Histoi-in
2357 1815 2630 1869 Naturalis

492 1908 707 1952 auctore
742 1897 995 1950 Frontino
1008 1936 1027 1962 ‚
1067 1909 1281 1952 centum
1310 1917 1504 1952 novem
1603 1897 1984 1950 libroxxxvl
2007 1938 2024 1964 ,
2061 1898 2160 1964 ²33
2189 1896 2468 1950 Vitruvius
2490 1896 2628 1950 lihm

491 1975 651 2049 pedes
662 1975 855 2030 sublati
867 1977 1507 2030 erant.En.-Testaceum
1603 1977 1709 2028 vn
1726 2017 1742 2043 ,
1771 1979 1802 2030 3
1831 1988 1882 2028 et
1908 1983 1960 2039 4.
1980 1976 2085 2028 En.

1501 2175 2628 2198 mmmmm

953 2179 1071 2197 ΜΒ
1078 2177 1225 2196 §SM

1083 2373 1446 2462 XLVII.
1519 2375 2044 2493 (XXXIX)

1104 2622 1549 2669 TRAIANUS
1600 2622 1903 2670 Fumo
1953 2624 2008 2669 S·

595 2806 1061 2875 CUnAnnuM
1103 2812 1234 2885 est,
1270 2814 1347 2867 ut
1382 2822 1554 2892 aqua
1593 2800 1660 2867 in
1699 2800 2246 2871 Nicomedensem
2289 2802 2624 2872 civitatem

502 2912 927 3009 perducatur.
973 2898 1152 2981 Vere
1190 2908 1426 2995 credo,
1473 2924 1539 2977 te
1591 2934 1668 2979 ea
1689 2960 1709 2995 ‚
1759 2934 1894 3005 qua
1933 2910 2240 2999 debebis,
2279 2912 2626 3007 diligentia

504 3026 633 3094 hoc
666 3046 837 3119 opus
856 3022 1342 3115 adgressurum.
1386 3016 1548 3107 Sed,
1585 3044 1693 3087 me
1722 3020 1894 3089 Di‘us
1931 3020 2163 3105 fidius,
2199 3020 2282 3089 ad
2321 3021 2622 3091 eamdem

501 3133 913 3231 diligentiam
953 3128 1138 3201 tuam
1186 3130 1478 3226 pertinet
1499 3183 1518 3215 ,
1571 3130 1906 3225 inquirere
1925 3183 1945 3216 ‚
1989 3155 2276 3225 quorum
2329 3132 2494 3200 vitio
2538 3130 2642 3200 ad‘

504 3246 632 3315 hoc
680 3264 851 3339 opus
901 3256 1154 3312 tantam
1205 3240 1556 3334 pecuniam
1605 3239 2114 3309 Nicomedenses
2167 3240 2584 3336 perdiderint
2603 3294 2623 3327 ,

503 3381 586 3427 ne
607 3412 627 3445 ,
672 3379 879 3450 quum
924 3353 1099 3421 inter
1138 3374 1208 3420 se
1249 3348 1747 3445 gratificantur,
1787 3364 1856 3419 et
1897 3350 2359 3419 inchoaverint
2394 3376 2624 3446 aquae-

571 3564 791 3618 XLVH·
812 3566 902 3616 Ad
923 3566 1015 3613 hoc
1040 3578 1177 3629 opus·
1200 3558 1286 3611 Al·
1310 3558 1396 3609 Ad
1420 3556 1514 3606 ἢκ
1609 3568 1882 3623 «ποτικῶς
1895 3556 2095 3613 dictum
2108 3557 2638 3615 eueNidJ’efim..

504 3660 701 3712 tenipus.
732 3641 893 3709 Quod
919 3642 971 3693 J.
998 3642 1063 3693 A.
1098 3635 1338 3691 Emestio
1365 3632 1514 3689 haud
1609 3628 1678 3681 ad
1708 3630 1885 3684 Sanct-
1921 3629 2055 3687 Min.
2089 3630 2192 3695 IV,
2225 3629 2310 3695 15,
2353 3632 2442 3687 30.
2470 3632 2525 3685 S.
2552 3662 2620 3673 —

503 3722 761 3793 displicet
782 3722 837 3775 S.
1609 3708 1718 3775 Ne,
1762 3730 1911 3778 quum
1949 3708 2087 3769 inter
2127 3728 2188 3771 ‚ae
2231 3708 2617 3779 gratificantur.
2631 3768 2641 3777 ι

571 3831 643 3843 --
664 3806 837 3867 Quum.
873 3804 1007 3853 Cum
1032 3798 1085 3853 J.
1120 3797 1210 3849 Fr.
1240 3790 1515 3849 Gronovio
1607 3789 1762 3841 Recte
1780 3787 2041 3862 judicavit
2060 3794 2184 3841 1-1.
2211 3792 2506 3851 Gronovius,
2531 3789 2638 3859 hic,

502 3878 785 3953 legendum
804 3882 941 3935 dum.
964 3875 1048 3935 Sic
1072 3887 1123 3931 et
1139 3875 1191 3927 J.
1214 3874 1280 3926 A.
1301 3872 1510 3925 Ernest.
1607 3866 2002 3927 rescribendum
2035 3886 2148 3921 esse
2173 3870 2318 3929 dum,
2351 3866 2498 3939 qnod
2523 3887 2620 3940 ego

502 3962 763 4017 Cnternm
786 3956 1046 4028 Gierigiun
1071 3963 1209 4011 errat
1230 3962 1351 4009 ante
1369 3965 1421 4001 ee
1439 3953 1513 3999 ἰη-
1608 3945 1721 3999 tine
1753 3946 2118 4004 honitatione'
2103 3964 2159 3999 m
2189 3957 2388 4000 textum
2427 3946 2618 4001 intule-
2629 4001 2636 4012 ‚

502 4043 787 4103 emmer-im,
809 4034 1147 4091 inserendum
1179 4051 1289 4105 esse
1320 4034 1513 4103 impune
1521 4082 1530 4094 ,
1609 4024 1728 4077 rim.
1765 4026 1955 4081 Ortum
1995 4037 2072 4079 est
2111 4025 2291 4079 vitium
2326 4044 2358 4079 a
2393 4024 2638 4099 ‘librariis'

502 4120 783 4177 arbitrans.
817 4119 939 4171 Non
966 4112 1271 4167 meminerat
1286 4148 1303 4173 ,
1334 4129 1393 4160 ne
1418 4106 1510 4160 bie
1609 4105 1890 4179 imperitis,
1925 4104 1994 4159 ad
2035 4124 2141 4157 suc
2176 4105 2363 4178 lingua
2400 4104 2620 4161 modum
