2857 4690
649 382 1165 453 PANEGYR.
1222 388 1437 455 CAP.
1496 386 1943 453 LXXXIII.

2218 383 2343 480 37¹

183 520 444 613 magis
484 540 682 613 quam
721 519 824 587 his
863 518 1112 588 artibus
1153 518 1551 587 inclaruisse.
1598 516 1807 587 Simul
1852 520 2107 613 cogite,
2152 542 2355 613 quum
2393 538 2426 589 8

183 628 351 694 sint
390 626 520 693 ista
543 624 734 693 ludus
763 638 830 693 et
854 639 1358 694 avocamentum
1384 624 1579 717 hujus
1600 678 1619 710 ,
1647 648 1791 718 quae
1818 638 2204 718 quantaeque
2231 627 2360 695 sint

183 730 342 801 illae
389 734 578 799 serias
617 744 687 799 et
721 732 1023 817 intentae‚
1057 744 1122 800 et
1157 754 1196 799 a
1229 730 1469 825 quibus
1505 756 1574 799 se
1602 732 1670 798 in
1697 728 1825 799 tale
1856 732 2061 799 otium
2091 732 2359 824 recipit,

189 835 648 931 voluptates:
693 850 848 907 sunt
875 837 1052 905 enim
1085 830 1459 931 voluptates
1476 886 1495 917 ‚
1538 836 1776 931 quibus
1818 838 2066 930 optime
2108 836 2191 905 de
2235 860 2359 905 cu-

177 944 468 1037 jusque
502 945 824 1038 gmvitate
843 995 862 1028 ‚
921 944 1300 1028 sanctitate,
1346 944 1779 1038 temperantia
1828 942 2133 1011 creditur.
2188 945 2355 1011 Nam
2394 977 2427 1027 9

191 1051 374 1143 quis
407 1050 576 1118 adeo
601 1047 954 1118 dissolutus
973 1102 992 1135 ‚
1024 1049 1211 1143 cujus
1239 1074 1377 1118 non
1405 1048 1945 1143 occupationibus
1970 1046 2185 1142 aliqua
2214 1073 2360 1142 spe·

191 1157 362 1225 cies
411 1157 775 1224 severitatis
812 1152 1114 1249 incidat?
1162 1156 1298 1223 otio
1340 1154 1703 1249 prodimur.
1742 1157 1845 1223 An
1884 1179 2019 1223 non
2069 1154 2363 1249 plerique

197 1246 568 1356 principes
603 1262 734 1330 hoc
761 1260 934 1329 idem
969 1274 1232 1356 tempus
1271 1261 1338 1329 in
1371 1259 1618 1346 aleam,
1656 1274 1920 1355 stupra,
1956 1260 2183 1329 luxum
2214 1284 2363 1329 con·

197 1366 582 1435 ferebant?
619 1390 824 1461 quum
872 1368 1189 1437 seriarum
1239 1365 1609 1435 laxamenta
1663 1390 1971 1435 curarum
1994 1416 2013 1449 ‚
2052 1367 2361 1435 vitiorum

199 1475 660 1542 contentione
701 1472 1099 1568 supplerent.

333 1581 725 1649 LXXXIII.
762 1578 982 1647 Habet
1025 1580 1156 1648 hoc
1210 1580 1499 1673 primum
1548 1602 1791 1672 magna
1842 1578 2108 1648 fortuna
2128 1632 2147 1665 ‚
2186 1579 2367 1673 quod

205 1684 394 1755 nihil
430 1697 682 1755 tectum
702 1738 721 1770 ,
762 1684 920 1753 nihil
949 1684 1282 1783 occultum
1310 1710 1451 1753 esse
1478 1686 1724 1778 patitur
1755 1709 1768 1749 ε
1800 1687 2170 1779 principum
2204 1710 2365 1753 vero
2468 1746 2477 1757 .

210 1901 630 1953 eheu-vationes
669 1900 794 1952 ltine
827 1916 940 1951 esee
963 1898 1146 1970 paullo
1176 1915 1262 1950 ra—

211 1980 402 2035 riores
416 2016 434 2045 ,
447 1998 556 2033 non
575 1990 707 2053 puto
719 1977 864 2050 quod
881 1978 981 2031 viri
995 1976 1262 2049 diligentia

213 2060 520 2121 defecerit,
551 2057 644 2112 sed
665 2056 810 2131 quod
839 2055 1078 2110 subsidia
1102 2056 1262 2109 libro-

213 2158 377 2193 mm.
399 2138 470 2207 G.
474 2138 844 2190 —Memlwum
866 2134 997 2189 illud
1022 2154 1130 2189 uon
1143 2146 1262 2208 post

217 2222 522 2288 nuptiarum
545 2230 624 2271 est
642 2215 1014 2278 inserendum,
1035 2214 1126 2269 sed
1143 2226 1262 2288 post

219 2302 446 2363 liberos,
465 2309 527 2352 ut
543 2297 808 2354 chiasmm
827 2295 922 2360 sit,
942 2312 975 2350 ι
989 2295 1160 2348 Plinio
1175 2312 1262 2348 εκ-

221 2397 296 2449 pe
328 2389 634 2449 usurpatus.
663 2377 868 2449 Duplex
889 2395 978 2426 nee
1000 2377 1182 2429 oculos
1205 2374 1262 2426 li·

227 2457 546 2512 bruriorum
559 2454 762 2510 fefellit.
783 2455 840 2507 S.
1241 2516 1248 2525 ·

283 2537 344 2590 8.
366 2541 651 2604 Voluptates
669 2557 687 2586 .·
703 2551 840 2597 stent,
865 2547 964 2588 etc.
982 2538 1262 2600 Voluptates

223 2620 378 2669 seriae
406 2631 456 2667 et
488 2619 688 2667 intenta
719 2627 842 2668 sunt
873 2616 995 2686 ipsa:
1026 2631 1260 2684 occupa-

227 2696 410 2749 tiones
437 2695 654 2768 Trajani
682 2733 696 2756 ‚
737 2695 791 2748 in
819 2705 1078 2768 quantum
1101 2691 1260 2744 etiam

229 2776 335 2829 hae
371 2775 614 2828 lubenter
647 2786 697 2826 et
723 2793 846 2828 cum
875 2774 1116 2847 προθυμίᾳ
1137 2790 1262 2844 qua·

228 2853 366 2908 dam
395 2853 524 2906 obit.
556 2854 775 2906 Interim
797 2853 952 2905 nimis
979 2852 1138 2905 velim
1156 2888 1174 2916 ‚
1202 2861 1264 2902 ut

231 2919 540 2986 inveniatur
577 2931 706 2984 liber
745 2933 992 3004 antiquus
1017 2970 1033 2995 ,
1065 2931 1122 2982 in
1154 2947 1260 3000 quo

231 3013 326 3068 hic
363 3013 473 3066 sint
507 3015 867 3080 occupationes.
903 3011 1058 3063 Aliud
1099 3027 1264 3062 reme-

233 3093 394 3146 dium
419 3090 728 3163 excogitavit
763 3089 971 3161 Lipsius
986 3127 1002 3152 ,
1027 3090 1073 3143 ei
1093 3088 1167 3143 sic
1193 3087 1262 3142 le-

231 3189 430 3242 gamus
459 3187 474 3222 ε
503 3196 526 3216 ι
559 3187 675 3241 que
705 3181 1008 3242 quantaque
1037 3167 1141 3222 sint
1173 3168 1264 3221 illa

231 3251 376 3304 seria
393 3261 444 3302 et
459 3250 674 3303 intenta.
685 3289 698 3301 .
713 3288 724 3299 .
737 3250 939 3321 recipit.
953 3249 1263 3320 Voluptates

235 3341 369 3383 sunt
387 3329 527 3382 enim
543 3367 558 3392 ,
581 3329 877 3401 voluptates
897 3329 910 3380 !
931 3329 1121 3400 quibus
1134 3327 1266 3397 opti-

237 3426 328 3464 me
353 3447 370 3473 ,
395 3421 534 3465 εἰσ.-
564 3411 633 3463 G.
661 3441 730 3450 —
748 3409 974 3462 Praefcro
992 3405 1157 3478 Lipsii
1180 3425 1263 3459 ra-

237 3489 460 3543 tionem.
507 3487 658 3542 Hanc
697 3489 860 3542 ‘etiam
901 3489 1164 3560 Gierigius
1203 3505 1265 3540 ex

241 3579 396 3641 purte
419 3569 656 3640 nequitur
670 3606 686 3632 ,
708 3567 800 3621 sed
825 3565 1011 3620 ordine
1022 3567 1129 3644 'alio
1149 3585 1264 3618 ver·

241 3649 467 3702 borum:
503 3653 780 3716 Voluptates
819 3651 944 3698 em'm
979 3663 1114 3699 sunt.
1137 3647 1266 3700 Per·

243 3745 460 3798 pei-auu
483 3727 594 3779 vid.
615 3726 754 3780 Add.
777 3725 846 3780 ad
875 3727 904 3779 1
923 3764 937 3788 ‚
967 3727 1028 3790 8,
1054 3746 1102 3779 2.
1125 3727 1179 3781 S.

318 3827 372 3873 9.
397 3809 636 3858 lucidae?
665 3811 796 3859 ocio.
813 3845 824 3856 .
847 3845 860 3858 .
884 3805 1028 3871 Quid
1042 3805 1086 3859 si
1105 3809 1221 3858 insit
1239 3817 1266 3858 Ρ

247 3894 322 3938 At
363 3891 498 3948 otio,
549 3897 649 3940 etc.
696 3885 850 3942 Certe
901 3883 1032 3938 illud
1078 3889 1266 3940 ineidat

247 3965 378 4020 mihi
417 3965 508 4019 hic
549 3983 656 4020 non
690 3965 982 4020 satisfacit:
1024 3965 1115 4020 sed
1147 3985 1265 4020 mea

245 4046 382 4099 forte
414 4043 590 4117 culpa.
618 4043 687 4098 G.
727 4077 798 4087 —-
833 4045 1156 4100 Schwarzius
1209 4057 1260 4098 et

247 4122 556 4177 Arntzenius
579 4142 644 4177 ex
675 4124 873 4196 aliquot
891 4125 1038 4179 MSS.
1067 4138 1118 4178 et
1135 4123 1258 4178 edd.

1347 1896 1613 1951 dederunt
1641 1900 1853 1949 insideat
1870 1921 1889 1958 ;
1917 1910 1968 1950 et
1998 1898 2071 1951 nic
2103 1898 2366 1969 Gierigius

1345 1994 1561 2049 quoque
1578 1978 1849 2047 expressit.
1868 1977 2071 2029 Tamen
2091 1976 2223 2029 mihi
2240 1980 2363 2029 inei-

1347 2058 1441 2106 dat
1456 2056 1624 2129 magis
1641 2056 1831 2129 placet.
1853 2056 1967 2109 Hoc
1987 2057 2207 2123 vei-bum
2224 2057 2365 2112 enim

1347 2134 1644 2189 subindicat
1664 2174 1679 2200 ,
1696 2136 1750 2187 in
1768 2135 2074 2189 hominibus
2100 2136 2363 2191 dissolutis

1347 2234 1447 2264 non
1462 2234 1672 2283 semper,
1698 2215 1791 2268 sed
1807 2221 2159 2283 nonnunquam
2178 2226 2229 2267 et
2246 2236 2365 2267 caste

1347 2297 1564 2362 quodam
1598 2294 1839 2350 accidere
1867 2333 1883 2360 ,
1930 2307 1990 2348 ut
2042 2296 2095 2349 in
2144 2314 2367 2368 occupa-

1346 2373 1580 2427 tionibus
1620 2394 1805 2447 graves
1842 2387 1893 2428 et
1926 2377 2091 2430 severi
2144 2395 2257 2430 esse
2296 2377 2369 2429 vi-

1347 2451 1591 2506 deantur.
1637 2454 1823 2527 Itaque
1863 2455 2098 2509 hominis
2137 2457 2366 2529 gravitas

1347 2551 1457 2586 non
1468 2543 1603 2599 tum,
1624 2553 1790 2606 quum
1809 2547 2095 2607 occupatus
2116 2546 2194 2588 cst
2210 2555 2367 2608 nego-

1346 2611 1433 2664 tiis
1446 2651 1461 2676 ,
1488 2611 1580 2665 sed
1598 2615 1773 2686 potius
1788 2613 1844 2668 in
1862 2615 1970 2668 otio
1990 2615 2113 2670 etin
2132 2615 2367 2687 volupta—

1346 2701 1460 2744 tum
1478 2709 1579 2746 ueu
1597 2695 1839 2747 aestimari
1858 2693 2011 2748 debet
2032 2715 2047 2746 ε
2079 2697 2179 2746 otio
2190 2699 2367 2764 prodi-

1347 2791 1474 2824 mur.
1494 2771 1549 2824 Si
1566 2773 1812 2843 prefer-as
1831 2779 2041 2828 ἰωίᾰεατ
2054 2815 2073 2838 ,
2103 2776 2189 2829 vel
2215 2780 2330 2828 insit
2348 2819 2364 2844 ,

1345 2849 1435 2904 illa
1463 2856 1683 2904 raritatis
1714 2855 1863 2908 notio
1902 2855 2101 2908 tollitur
2115 2894 2131 2920 ,
2171 2867 2223 2910 et
2255 2877 2367 2912 sen·

1346 2931 1511 2982 tentia
1539 2933 1780 2984 dissolutis
1812 2933 1987 2986 minus
2022 2947 2145 3006 apta
2171 2948 2266 2990 est.
2298 2937 2362 2990 E.

1345 3041 1417 3050 -—
1444 3009 1600 3062 Cous.
1626 3011 1678 3062 J.
1698 3014 1762 3064 A.
1785 3011 2055 3067 Emeetius
2074 3013 2143 3066 ad
2166 3015 2225 3068 h.
2247 3015 2285 3070 l.
2307 3016 2361 3068 S.

1348 3119 1418 3128 —
1443 3088 1674 3141 Alteram
1720 3101 1921 3160 partem
1965 3094 2148 3166 capitis
2176 3111 2364 3166 parum

1347 3166 1605 3238 integram
1625 3186 1767 3232 esse,
1788 3169 1961 3224 video.
1986 3171 2097 3225 Nec
2122 3174 2234 3224 sine
2252 3189 2364 3225 me-

1347 3247 1565 3300 lioribus
1586 3247 1731 3302 libris
1758 3251 1962 3304 restitui
1993 3264 2180 3322 potest.
2214 3269 2270 3304 n.
2294 3259 2325 3304 8
2345 3290 2360 3316 ,

1347 3343 1448 3397 pro
1482 3331 1757 3396 voluptates
1774 3349 1893 3392 ,esse
1932 3330 2122 3383 debere
2154 3351 2365 3401 occupa·

1350 3408 1533 3471 tiones,
1564 3409 1713 3462 facile
1738 3410 1935 3483 larg-ior
1954 3411 2208 3466 Gesnero.
2233 3433 2290 3466 n.
2305 3433 2363 3484 9,

1350 3497 1528 3540 autem
1562 3489 1819 3544 servanda
1845 3503 1921 3544 est
1940 3511 2063 3546 cum
2075 3491 2363 3548 Schwanio

1349 3567 1604 3644 librorum
1632 3581 1865 3624 veterum
1895 3571 2049 3625 lectio
2067 3608 2084 3635 ,
2116 3576 2325 3625 insideat
2342 3613 2359 3638 ‚

1350 3647 1498 3721 quod
1520 3669 1619 3722 pro
1634 3653 1751 3701 imit
1769 3648 1925 3713 dixit',
1948 3663 2008 3703 ut
2022 3663 2157 3705 esset
2185 3653 2363 3726 exqui-

1313 3765 1318 3774 -
1349 3729 1497 3782 eitius
1522 3729 1759 3782 verbum.
1784 3733 1984 3782 Incidet
2002 3744 2170 3793 esset,
2199 3732 2360 3788 inter-

1349 3807 1481 3861 dum
1521 3820 1573 3862 et
1606 3809 1751 3862 velut
1786 3827 1913 3864 casu
1952 3807 2272 3866 adhaerescat
2312 3825 2365 3864 et

1351 3889 1651 3960 contingen
1682 3883 1827 3960 quod
1850 3900 1927 3941 est
1958 3889 2015 3944 h.
2048 3891 2084 3944 l.
2110 3891 2359 3946 alienum.

1350 3967 1493 4018 Tum
1526 3970 1625 4018 otio
1646 3971 1937 4034 prodimur,
1970 3981 2029 4022 ut
2060 3971 2363 4043 abruptius,

1345 4047 1417 4100 ita
1442 4045 1711 4100 efficacius
1728 4060 1806 4100 est
1823 4085 1839 4112 ‚
1860 4069 2019 4120 quam
2045 4089 2060 4114 ‚
2085 4055 2256 4104 atocio
2276 4073 2360 4120 pr.

1349 4127 1574 4178 Ennsr.

1940 4244 2062 4324 24.
