2857 4690
520 374 661 446 268
1096 377 1173 446 C.
1222 375 1576 447 PLINII
1623 377 2100 446 SECUNDI

516 499 778 582 attrita,
824 511 902 568 ut
944 497 999 567 si
1036 499 1135 568 vis
1178 499 1401 595 aliqua
1424 553 1444 585 ‚
1475 501 1582 570 vel
1621 502 1745 595 ipsi
1779 499 1874 570 illi
1907 499 2212 588 barbari,
2235 525 2406 594 quos
2439 501 2676 596 fugie-

517 609 669 695 bat,
706 608 1097 678 inciderent.
1142 611 1689 681 Persuadendum
1725 611 2090 706 provinciis
2121 625 2303 696 erat,
2335 609 2502 680 illud
2531 613 2678 679 iter

449 727 484 782 5
518 719 891 788 Domitiani
920 719 1154 808 fuisse,
1186 747 1323 790 non
1365 722 1713 816 principis.
1752 725 1988 814 Itaque
2021 745 2162 814 non
2207 735 2346 789 tam
2381 745 2506 814 pro
2541 735 2672 788 tua

518 828 732 924 gloria
746 880 766 915 ‚
784 854 987 924 quam
1012 855 1137 925 pro
1158 830 1446 901 utilitate
1461 832 1840 918 communi,
1858 829 2080 900 edicto
2099 831 2476 924 subjecisti,
2495 829 2670 924 quid

518 942 595 1010 in
626 957 991 1037 utrumque
1016 958 1310 1012 vestrum
1346 958 1522 1014 esset
1559 943 1958 1037 impensum.
1992 942 2347 1011 Assuescat
2373 941 2672 1037 impera·

518 1066 631 1120 tor
668 1075 823 1120 cum
858 1052 1141 1148 imperio
1182 1051 1516 1123 calculum
1553 1076 1846 1147 ponere:
1885 1051 1982 1120 sic
2007 1066 2200 1120 exeat
2219 1104 2238 1139 ,
2265 1053 2366 1120 sic
2399 1049 2670 1135 redeat,

520 1177 844 1256 tanquam
868 1163 1195 1234 rationem
1228 1163 1654 1250 redditurus3
1686 1161 1903 1232 edicat
1922 1214 1943 1247 ‚
1972 1162 2140 1256 quid
2167 1161 2668 1256 absumpserit:

451 1281 489 1332 6
522 1273 617 1342 ita
652 1273 803 1358 fiet,
850 1288 929 1342 ut
968 1299 1107 1343 non
1150 1273 1495 1362 absumat,
1535 1273 1717 1369 quod
1757 1272 2008 1370 pudeat
2045 1273 2290 1342 dicere.
2335 1275 2670 1341 Praeterea

518 1381 730 1452 futuri
758 1383 1353 1480 principes‚velint
1382 1384 1602 1454 nolint
1619 1437 1640 1472 ‚
1662 1385 1911 1454 sciant:
1937 1383 2109 1452 tanti
2135 1397 2329 1451 tuum
2359 1394 2670 1464 constat3

520 1493 1015 1587 propositisque
1050 1493 1315 1563 duobus
1348 1491 1668 1589 exemplis
1699 1493 2163 1579 meminerint,
2191 1491 2478 1586 perinde
2505 1515 2666 1559 con·

516 1601 847 1695 jecturam
877 1602 960 1671 de
988 1603 1289 1673 moribus
1312 1605 1450 1674 suis
1473 1605 1780 1674 homines
1795 1629 1938 1674 esse
1957 1603 2285 1688 facturos,
2309 1615 2520 1699 prout
2537 1601 2672 1670 hoc

522 1711 627 1780 vel
672 1710 835 1780 illud
876 1711 1221 1808 elegerint.

622 1825 809 1892 XXI.
846 1826 1091 1893 Nonne
1116 1823 1221 1894 his
1250 1839 1351 1894 tot
1375 1825 1714 1918 tantisque
1737 1825 1992 1894 meritis
2019 1847 2226 1892 novos
2250 1821 2516 1916 aiiquos
2543 1821 2668 1889 ho-

525 1957 759 2012 noreS,
788 1959 997 2004 novos
1035 1934 1264 2004 tituios
1296 1934 1690 2004 merebare?
1717 1939 1808 2004 At
1836 1950 1909 2003 tu
1947 1935 2150 2004 etiam
2177 1957 2426 2002 nomen
2463 1933 2670 2025 patris

525 2046 759 2137 patriae
804 2043 1177 2114 recusabas,
1224 2046 1450 2134 Quam
1502 2045 1700 2140 longa
1747 2044 1940 2114 nobis
1983 2069 2142 2113 cum
2181 2042 2509 2112 modestia
2553 2057 2666 2110 tua

452 2185 483 2220 a
522 2153 784 2249 pugna!
812 2181 1013 2250 quam
1041 2155 1229 2225 tarde
1256 2153 1570 2225 vicimus!
1592 2158 1858 2225 Nomen
1879 2153 2080 2240 illud,
2111 2153 2294 2248 quod
2311 2152 2427 2222 alii
2449 2155 2666 2248 primo

522 2265 749 2333 statim
790 2267 1206 2362 principatus
1246 2266 1393 2353 die,
1431 2279 1502 2334 ut
1543 2265 1975 2361 Imperatoris
2010 2278 2079 2333 et
2111 2265 2436 2349 CaesariS‚
2483 2289 2664 2332 rece-

524 2390 805 2468 perunt,
848 2390 923 2444 tu
958 2402 1167 2472 usque
1206 2401 1286 2445 eo
1316 2374 1674 2462 distulisti,
1710 2374 1927 2444 donec
1957 2390 2034 2443 tu
2070 2398 2382 2469 quoque,
2419 2372 2666 2442 benefi-

524 2484 785 2553 ciorum
828 2499 1099 2554 tuorum
1141 2487 1570 2579 parcissimus
1599 2486 1996 2568 aestimator,
2023 2484 2164 2579 jam
2206 2498 2272 2552 te
2304 2484 2550 2553 mereri
2577 2483 2665 2551 fa-

456 2606 491 2660 3
527 2594 783 2661 teretis·
822 2596 1057 2689 Itaque
1098 2596 1221 2666 soii
1263 2597 1568 2665 omnium
1601 2595 1888 2689 contigit
1925 2593 2084 2679 tibi,
2121 2608 2197 2662 ut
2228 2608 2419 2687 pater
2439 2594 2664 2687 patriae

526 2726 737 2788 esset-3,
774 2719 931 2772 ante
966 2730 1165 2800 quam
1204 2706 1432 2791 fieres3
1459 2730 1607 2775 eras
1643 2706 1824 2774 enim
1865 2707 1930 2774 in
1969 2706 2246 2790 animis,
2289 2706 2360 2773 in
2395 2704 2664 2799 judiciis

528 2813 775 2881 nostris
802 2840 819 2883 τ
847 2838 969 2883 nec
991 2816 1273 2909 publicae
1297 2818 1562 2911 pietatis
1587 2815 1905 2884 intererat
1921 2867 1942 2900 ‚
1976 2814 2138 2908 quid
2160 2838 2512 2900 vocarere3
2541 2814 2660 2881 nisi

525 2922 711 3017 quod
740 2924 1003 3021 ingrata
1032 2925 1159 2995 sibi
1191 2927 1583 3016 videbatur,
1621 2926 1674 2995 si
1703 2940 1769 2995 te
1793 2928 2278 3018 Imperatorem
2307 2923 2538 3018 potius
2562 2948 2665 2991 vo-

528 3134 629 3188 illis
642 3176 658 3203 ,
675 3140 852 3189 Nullus
872 3138 922 3188 ίη
946 3140 1196 3206 exigendis
1216 3139 1452 3189 mitia-ulis
1473 3152 1546 3189 m-

529 3220 723 3268 mulms.
752 3215 821 3269 G.
836 3246 901 3257 —
918 3214 1041 3268 Hoec
1055 3216 1347 3287 Gierigium
1370 3234 1548 3268 move·

530 3307 657 3347 runt
674 3333 689 3359 ,
732 3307 793 3348 ut
818 3294 996 3348 locum
1023 3308 1327 3366 corruptum
1349 3332 1365 3358 ,
1396 3308 1450 3348 et
1476 3294 1550 3348 ita

530 3373 909 3428 restituendum
918 3375 1255 3428 existimaret:
1274 3394 1423 3442 quum
1431 3379 1552 3425 aba·

531 3468 617 3503 cta
642 3455 883 3522 hospitum
898 3458 1129 3525 jmmea
1156 3472 1392 3505 cerneres.
1416 3452 1551 3505 Mihi

532 3549 603 3583 ne
632 3530 745 3585 hec
764 3532 979 3606 quidem
1005 3532 1333 3587 satisfaciunt
1358 3549 1373 3585 :
1401 3543 1455 3584 et
1489 3532 1552 3583 it·

531 3607 629 3661 lud
664 3630 879 3665 cerneres
905 3631 1029 3666 cum
1060 3612 1301 3685 sequenti
1318 3614 1556 3681 figiebae

534 3706 643 3745 non
665 3692 929 3744 convenit.
956 3692 1021 3745 E.

608 3766 755 3821 XXI.
808 3788 857 3823 1.
906 3775 1097 3822 Nomen
1140 3774 1305 3840 patris
1346 3774 1551 3840 μανία.

534 3845 715 3903 Prima
754 3866 858 3901 vox
887 3846 1037 3901 abest
1070 3848 1127 3901 in
1162 3850 1358 3903 Codice
1390 3848 1556 3901 Guel-

536 3925 731 3998 ferbyt.
758 3938 891 3979 teste
916 3928 1099 3981 Cortio
1116 3927 1187 3981 ad
1206 3929 1413 4001 epistol.
1435 3927 1518 3980 111
1536 3963 1553 3992 ,

536 4022 613 4075 9,
654 4022 759 4071 η,
798 4006 1059 4059 etabesse
1098 4026 1261 4074 sane,
1300 4008 1404 4062 hoc
1436 4019 1553 4071 est,

540 4104 571 4137 e
619 4082 977 4155 superioribus
1015 4085 1235 4159 intelligi
1274 4086 1554 4141 commode

540 4173 707 4242 potest
716 4203 727 4215 .
740 4162 809 4219 G.

1718 3154 1769 3189 a.
1815 3138 1924 3189 Alii
1961 3138 2251 3203 μώκου..
2287 3137 2388 3187 die.
2433 3134 2550 3189 sub
2581 3132 2668 3185 illa

1643 3218 1859 3268 aliorum
1921 3213 2278 3287 appellatione
2322 3214 2618 3298 Anssustum
2649 3248 2665 3273 ‚

1644 3295 1918 3347 Tiberium
1940 3331 1957 3358 ,
2008 3294 2276 3345 Neronem
2305 3328 2322 3355 ‚
2366 3310 2476 3343 non
2519 3310 2667 3363 posse

1647 3372 2058 3444 comprehendi,
2072 3391 2102 3425 e
2120 3370 2378 3427 Suetonio
2398 3381 2636 3441 apertum
2650 3408 2664 3433 ,

1646 3451 1939 3524 Tacitoque
1966 3470 1982 3505 τ
2009 3449 2248 3522 adeoque
2281 3450 2496 3503 laborat
2531 3458 2668 3501 certe

1645 3531 1781 3586 illud
1800 3571 1818 3598 ‚
1845 3534 1942 3583 soli
1963 3534 2180 3583 omnium
2204 3533 2415 3597 contigit
2437 3531 2546 3580 a‘bi.
2569 3526 2667 3581 Sed

1647 3611 1808 3683 plane
1851 3611 2016 3663 saltus
2050 3621 2130 3663 est
2170 3608 2372 3661 Plinius
2397 3644 2416 3670 ,
2459 3606 2506 3659 si
2549 3626 2667 3659 vera

1647 3701 1772 3744 sunt
1793 3727 1809 3753 ,
1835 3708 1956 3761 qua
1985 3690 2236 3760 leguntur
2263 3706 2348 3757 ap.
2381 3686 2664 3757 Capitolin.

1648 3767 1716 3823 de
1748 3767 2018 3822 Pertinace
2051 3785 2172 3839 cap.
2209 3767 2281 3819 V.
2315 3766 2526 3818 Primus
2553 3783 2668 3815 sane

1649 3848 1889 3901 omnium
1927 3868 1990 3899 ea
2027 3850 2141 3908 die,
2185 3866 2287 3914 qna
2320 3850 2572 3915 Augustus
2599 3858 2668 3894 est

1650 3932 1926 3997 appellatus
1951 3965 1969 3989 ,
2001 3930 2152 3979 etiam
2170 3929 2334 3994 patris
2363 3928 2551 3992 μανία
2582 3944 2664 3973 no-

1651 4026 1760 4058 nen
1785 4011 1981 4075 recepi&
1999 4005 2183 4058 Malim
2209 4023 2310 4076 ego
2331 4004 2524 4057 erroris
2547 4020 2663 4073 pos·

1649 4086 1818 4139 tulare
1833 4085 2215 4157 Capitolinum.
2245 4088 2395 4155 Σοφὸν
2417 4086 2656 4156 φάρμακον

1651 4165 1810 4236 Lipeii
1829 4202 1844 4228 ,
1863 4166 2144 4235 probatum
2151 4164 2470 4217 casaubono
2487 4200 2504 4227 ,
2515 4162 2660 4216 series
