2857 4690
490 296 582 368 56

512 503 1666 527 mmmnffmmmssussmm

1101 307 1178 372 c.
1228 305 1570 373 PLINH
1619 306 1810 372 Lm.
1859 261 1992 372 ix,

2035 508 2517 542 mmm-m·
2525 511 2596 540 Q?

1469 697 1622 796 VI.

512 921 685 980 Ridet
712 922 1017 982 vanitatem
1050 924 1407 984 Circensium
1439 925 1744 996 ludorum,
1774 938 1833 982 et
1859 925 2090 996 illorum
2123 937 2350 1002 tempus
2378 923 2592 998 studiis

1394 1022 1693 1100 impendit.

880 1231 943 1275 C.
998 1229 1356 1278 PLINIUS
1403 1230 1802 1276 CALvlslo

1850 1207 1882 1239 ¹*
1933 1231 2091 1279 suo
2139 1231 2193 1279 s.

579 1423 819 1489 Ouum
862 1419 994 1489 hoc
1034 1434 1297 1514 tempus
1338 1421 1516 1490 inter
1555 1419 1914 1516 pugillares
1955 1445 2034 1491 ac
2067 1419 2386 1491 libellos
2359 1446 2614 1516 jucun-2

480 1526 749 1596 dissima
777 1528 1000 1623 quiete
1028 1530 1383 1636 transmisi.
1412 1530 2028 1620 Quemadmodum,
2059 1531 2310 1624 inquiS,
2345 1538 2418 1601 in
2453 1532 2617 1602 urbe

462 1639 807 1730 potuis-ti?
834 1616 1175 1710 Circenses
1204 1655 1436 1724 erant;
1461 1664 1600 1734 quo
1639 1665 1876 1736 genere
1911 1640 2270 1736 spectaculi
2297 1667 2384 1710 ne
2415 1643 2614 1712 levis-

480 1747 646 1815 sime
695 1748 965 1842 quidem
1015 1764 1265 1820 teneor.
1321 1750 1510 1828 Nihil
1565 1775 1851 1839 novum,
1901 1749 2068 1826 nihil
2105 1752 2402 1840 varium,
2442 1753 2615 1822 nihil

412 1893 441 1924 2
478 1855 663 1949 quod
693 1883 831 1927 non
872 1859 1069 1928 semel
1106 1874 1432 1954 spectasse
1466 1858 1772 1930 sufficiat.
1805 1861 1963 1948 Quo
1999 1861 2212 1956 magis
2249 1863 2478 1950 miror,
2509 1877 2616 1932 tot

477 1965 685 2036 millia
715 1970 1011 2040 virorum
1050 1986 1185 2040 tam
1215 1968 1563 2065 pueriliter
1598 1970 1962 2040 identidem
1989 1995 2236 2066 cupere
2267 1987 2616 2042 currentes

477 2101 715 2170 equOS,
748 2081 1125 2151 insistentes
1160 2080 1472 2150 curribus
1507 2079 1810 2148 homines
1844 2079 2090 2150 videre.
2128 2081 2199 2158 Si
2235 2094 2459 2150 tamen
2491 2097 2618 2151 aut

474 2186 825 2258 velocitate
862 2215 1187 2284 equorum
1208 2242 1228 2273 ,
1256 2204 1373 2259 aut
1409 2189 1762 2258 hominum
1789 2203 1932 2257 arte
1967 2188 2413 2275 traherentur,
2444 2205 2614 2260 esset

477 2298 649 2367 ratio
686 2324 825 2368 non
859 2297 1091 2369 nulla:
1124 2323 1305 2369 nune
1340 2298 1566 2381 favent
1608 2322 1868 2394 panno,
1904 2323 2204 2395 pannum
2241 2315 2510 2373 amant:
2545 2315 2612 2371 et

477 2405 533 2472 si
587 2408 656 2474 in
704 2410 853 2503 ipso
902 2434 1141 2497 cursu,
1190 2409 1545 2505 medioque
1589 2410 1984 2497 certamine,
2021 2410 2132 2479 hic
2179 2408 2366 2491 color
2417 2410 2610 2497 illuc,

480 2512 587 2582 ille
625 2516 759 2586 huc
799 2518 1277 2606 transferatur3
1310 2520 1608 2603 studium
1659 2519 1977 2614 favorque
2021 2520 2366 2610 transibit,
2406 2536 2476 2591 et
2509 2547 2612 2593 ree

476 2640 676 2720 pente
713 2627 1072 2721 agitatores
1110 2626 1291 2715 illos,
1319 2653 1526 2722 equos
1563 2627 1737 2716 illos,
1767 2654 1938 2723 quos
1968 2630 2204 2724 procul
2240 2632 2609 2713 noscitant‚

476 2759 767 2828 quorum
793 2736 1138 2807 clamitant
1164 2740 1436 2807 nomina
1452 2793 1471 2825 ,
1497 2738 1892 2834 relinquent.
1917 2742 2132 2809 Tanta
2159 2740 2402 2835 gratia,
2419 2756 2607 2811 tanta

477 2848 839 2918 auctoritas
858 2850 927 2917 in
950 2874 1085 2919 una
1107 2848 1421 2920 vilissima
1439 2846 1698 2918 tunica!
1717 2851 1920 2918 Mitto
1939 2848 2120 2943 apud
2142 2849 2401 2944 vulguS,
2425 2851 2606 2945 quod

549 3044 677 3096 VL*
690 3046 770 3097 De
792 3048 996 3114 Calvisio
1016 3043 1128 3096 vid.
1148 3045 1175 3096 1
1189 3081 1206 3107 ,
1227 3044 1376 3115 epist.
1403 3062 1423 3095 1
1437 3062 1489 3105 a,

486 3124 691 3189 12311,
714 3142 797 3195 ep.
822 3142 905 3179 πο.
928 3121 1029 3174 En.

554 3222 601 3256 1.
620 3209 773 3254 Omne
786 3202 878 3255 hoc
890 3218 1101 3269 tempus,
1116 3212 1217 3262 etc.
1230 3200 1489 3270 Compara

478 3284 724 3337 Senecam
743 3282 897 3353 epist.
918 3281 1020 3346 80,
1042 3278 1158 3331 init.
1182 3276 1490 3331 «Hodierno

478 3352 566 3413 die
584 3380 690 3413 non
713 3374 915 3413 tantum
938 3376 1055 3411 meo
1075 3356 1333 3417 beneficio
1358 3356 1489 3409 mihi

478 3457 640 3503 vaco,
668 3440 759 3493 sed
788 3438 1103 3513 spectaculi,
1134 3435 1278 3507 quod
1308 3452 1492 3488 omnes

478 3519 721 3573 molestos
739 3517 807 3571 ad
824 3516 1289 3590 sphaeromachiam
1308 3534 1492 3569 avoca-

478 3598 551 3648 vit
570 3638 585 3664 ,
607 3610 708 3651 etc.
723 3622 748 3643 n
766 3600 819 3652 S.

541 3696 567 3729 a
579 3716 591 3729 .
606 3683 981 3745 Faventpaemo.
998 3680 1161 3749 Cujus
1175 3714 1191 3739 ,
1209 3674 1264 3727 id
1282 3687 1357 3728 eat
1372 3712 1387 3737 ,
1402 3692 1490 3727 ve·

478 3756 706 3808 stimenti
721 3756 937 3809 diversis
952 3756 1215 3809 coloribus
1232 3754 1488 3808 distincta:

476 3848 599 3888 sunt
616 3834 867 3888 factiones
882 3836 1049 3907 Circi,
1071 3837 1123 3887 in
1147 3842 1377 3887 Venetam
1394 3852 1487 3886 seu

474 3914 750 3967 caeruleam
768 3952 786 3976 ‚
814 3918 1073 3966 Prasinam
1099 3932 1191 3966 seu
1229 3912 1450 3966 viridem
1469 3951 1485 3977 ,

474 4006 529 4046 et
554 3999 812 4046 Russatam
832 4010 925 4046 seu
952 3994 1165 4045 rubram
1184 4030 1199 4055 ,
1222 4004 1379 4062 atque
1399 3996 1487 4043 AI—

474 4078 588 4125 bam
608 4094 625 4124 .·
642 4072 710 4125 de
729 4073 921 4143 quihus
937 4071 1083 4124 locus
1103 4071 1348 4124 classicus
1362 4072 1485 4124 Cas-

1587 3041 1789 3097 siodori
1827 3042 1960 3095 Var.
2003 3044 2125 3107 ΙΙΙ,
2174 3044 2260 3097 51.
2307 3041 2450 3095 Add.
2491 3045 2600 3113 Jac.

1585 3122 1833 3180 Gothofr.
1861 3121 1929 3174 ad
1965 3122 2058 3189 lib.
2094 3123 2178 3186 Χ,
2211 3122 2275 3174 C.
2298 3106 2506 3175 Thedd.
2539 3122 2604 3176 de

1586 3202 1736 3273 equit
1761 3184 2050 3255 curulibus.
2071 3200 2146 3254 G.
2172 3232 2240 3242 —-
2265 3206 2428 3253 Tanta
2440 3238 2589 3254 .....

1587 3294 1638 3331 tu
1623 3284 1767 3331 mica.
1797 3280 1922 3332 Post
1956 3282 2123 3331 amica
2152 3298 2359 3351 comma
2395 3298 2600 3353 ponen-

1589 3358 1718 3411 dum
1740 3376 1755 3410 ε
1777 3358 1890 3411 hoec
1917 3358 2060 3410 enim
2093 3357 2348 3413 artissime
2375 3378 2500 3412 cum
2525 3378 2600 3412 se·

1587 3438 1871 3509 quentibus
1893 3436 2173 3490 cohaerent.
2201 3438 2257 3491 S.

1657 3516 1710 3569 3.
1730 3520 1874 3568 mtto
1890 3518 2232 3584 apndvedgus.
2247 3516 2362 3569 Hoc
2381 3528 2481 3581 est,
2496 3534 2599 3569 non

1585 3594 1913 3666 reprehendo
1939 3594 2084 3667 apud
2107 3596 2298 3664 vulgus
2321 3608 2373 3648 et
2397 3584 2599 3666 plebem

1587 3686 1782 3727 tantam
1810 3674 2032 3746 gratiam
2057 3675 2114 3726 in
2143 3674 2400 3727 vilissima
2424 3675 2600 3728 tunica

1586 3772 1696 3806 esse
1710 3766 1918 3805 :notum
1931 3754 2074 3806 enim
2089 3765 2166 3805 est
2175 3754 2366 3825 vulg-us
2375 3753 2602 3807 rebusle·

1586 3830 1810 3883 vissimis
1821 3844 1872 3885 et
1883 3832 2192 3885 humillimis
2208 3831 2472 3895 delectari,
2482 3832 2599 3904 quia

1565 3910 1718 3964 'nihil
1739 3911 1852 3974 alti,
1882 3912 2018 3964 nihil
2044 3912 2162 3964 elati
2185 3912 2378 3964 sentire
2397 3910 2596 3964 didicit.

1585 3990 1722 4043 Huic
1732 4008 1856 4062 ergo
1867 3993 2104 4059 quosdam
2109 4010 2280 4057 graves
2294 3994 2508 4041 homines
2516 4008 2601 4061 op-

1583 4070 1750 4140 ponit.
1773 4070 1866 4123 lna
1885 4082 2058 4123 autem
2077 4070 2330 4123 sententia
2348 4108 2363 4134 ,
2377 4074 2514 4136 qnod
2529 4072 2599 4119 νὶ-
