2857 4690
452 378 595 426 υἱ
1185 345 1756 416 EXCURSUS
1815 347 1866 410 Ι.

442 493 513 546 et
554 476 783 548 senior
816 468 1099 567 legendo
1122 473 1492 566 fatigatus
1536 466 1808 563 reliqua⁸
1837 465 2108 538 Tiberio
2145 468 2430 541 trachali
2441 495 2606 564 per-

441 586 783 681 legenda,
814 609 923 680 ep.
974 581 1093 654 85.
1140 581 1500 654 Claudium
1539 578 1980 650 recitantibus
2025 576 2318 648 adfuisse
2353 581 2604 651 Noster

444 699 517 783 Ι,
558 699 685 790 Ep.
730 690 853 781 13,
898 689 941 765 3
977 707 1231 762 narrat.
1270 691 1640 762 Historiam
1675 713 1716 758 a
1753 713 1824 760 se
1860 690 2180 782 scriptam
2215 688 2602 762 adolescens

440 808 589 902 ipse
630 806 969 891 recitavit,
1014 805 1085 874 in
1122 802 1512 899 principatu
1561 815 1787 871 autem
1835 799 2106 870 assidue
2156 799 2226 870 id
2275 800 2436 872 fecit
2479 827 2601 896 per
2707 843 2716 849 ·

436 913 803 1002 lectorem,
838 917 1116 986 Sueton.
1146 912 1385 984 Claud.
1428 916 1514 998 41
1533 963 1549 979 .
1589 913 1678 982 Et
1715 908 1879 1005 quid
1914 915 2273 982 Neronem
2305 937 2600 988 comme-

444 1051 706 1098 morem
731 1077 751 1113 ,
792 1049 1115 1120 magnum
1168 1023 1357 1094 illum
1374 1077 1394 1111 ‚
1443 1037 1522 1094 ut
1571 1021 1702 1092 sibi
1753 1023 1898 1115 ipse
1955 1019 2334 1109 videbatur,
2371 1023 2598 1094 artifi-

314 1193 327 1210 .
438 1137 634 1208 cem?
670 1138 792 1231 qui
832 1141 1142 1206 recitavit
1172 1153 1251 1206 et
1284 1138 1639 1218 carmina,
1673 1155 1822 1202 non
1853 1127 2068 1200 modo
2101 1131 2299 1202 domi
2314 1185 2335 1218 ,
2377 1133 2600 1206 sedet

438 1255 512 1318 ὶνι
542 1247 814 1320 theatro
830 1302 850 1332 ‚
878 1261 1082 1316 canta
1098 1253 1572 1316 -wziversorum
1593 1245 1879 1329 ἱατιίεία,
1905 1259 1984 1312 ut
2003 1241 2094 1312 ob
2119 1233 2595 1316 recitationem

436 1359 848 1454 sqvplicatcb
884 1356 1159 1426 decreta
1196 1361 1317 1441 sit,
1372 1379 1594 1448 eaque
1611 1377 1792 1450 pars
1823 1358 2200 1424 car-minum
2235 1361 2468 1426 αιαειζς
2505 1357 2589 1425 ιι·-

438 1475 601 1538 ιεηζς
628 1472 797 1540 Iovi
820 1468 1213 1563 Capitolino
1244 1467 1504 1552 draca,
1537 1467 1814 1536 Sueton.
1843 1466 2004 1536 Ner.
2035 1487 2147 1534 10.
2183 1467 2592 1563 Exemplum

436 1579 581 1671 ejus
619 1579 919 1648 imitatus
956 1592 1058 1648 est
1091 1581 1576 1660 Domitianus,
1621 1578 1738 1670 qui
1779 1592 1849 1646 et
1893 1577 2034 1670 ipse
2053 1627 2074 1660 ,
2111 1579 2391 1671 poeticae
2437 1593 2585 1648 stu-

432 1689 623 1758 dium
654 1688 995 1778 sitnulans,
1014 1693 1327 1760 recitavit
1338 1689 1661 1784 publt'ce‚·
1697 1687 1902 1774 idem,
1929 1689 2129 1760 Dom.
2165 1713 2226 1758 2.
2261 1687 2590 1758 Videmus

438 1798 671 1894 igitur,
716 1823 943 1870 rerum
984 1800 1341 1894 scriptores
1375 1797 1715 1884 studium,
1761 1796 1950 1892 quod
1993 1799 2290 1868 Caesares
2341 1801 2586 1869 recita-

436 1909 733 1980 tionibus
784 1909 1301 2005 impendissent,
1355 1935 1495 1980 non
1553 1910 1910 2004 indignum
1959 1907 2356 1995 credidisse,
2399 1911 2590 2006 quod

436 2021 507 2090 in
544 2021 722 2092 Vitis
758 2045 994 2091 eorum
1032 2022 1319 2116 posteris
1354 2020 1738 2116 proderent.
1773 2019 1983 2108 Quod
2017 2019 2318 2092 studium
2351 2021 2411 2090 si
2439 2023 2590 2092 (3ae-

440 2155 623 2202 sares
660 2157 799 2202 non
836 2131 1015 2202 infra
1053 2132 1455 2226 dignitatem
1491 2131 1786 2226 positum
1823 2155 1966 2200 esse
2001 2146 2331 2224 putarunt
2352 2184 2373 2217 ,
2417 2131 2590 2226 quid

434 2244 769 2336 privatos,
804 2244 921 2338 qui
960 2242 1047 2312 ad
1076 2243 1411 2336 Principis
1439 2241 1579 2312 fere
1613 2237 1998 2334 exemplum
2025 2242 2345 2335 componi
2375 2257 2586 2336 atque

436 2353 845 2425 conformari
887 2354 1237 2423 ambitiose
1274 2352 1549 2423 solent?
1595 2351 1760 2445 quid
1793 2376 1907 2421 eos
1928 2406 1948 2439 ‚
1991 2352 2110 2447 qui
2153 2367 2330 2423 artes
2371 2354 2584 2447 profi-

436 2478 767 2550 tet-entur,
780 2462 1112 2533 factitasse
1128 2462 1804 2533 dicamusfflecitavit
1813 2464 1911 2531 M.
1925 2467 2250 2535 Annaeus
2261 2465 2588 2535 Lucanus

434 2573 631 2643 civile
663 2572 949 2660 bellum,
978 2574 1161 2669 quod
1195 2600 1351 2645 cum
1389 2577 1715 2668 Pompeio
1751 2587 1820 2643 et
1863 2577 2127 2643 Caesare
2159 2589 2418 2668 gestum
2449 2590 2585 2661 est,

432 2688 713 2755 Sueton.
760 2687 831 2754 in
872 2688 955 2779 ej.
998 2688 1178 2756 Vita.
1224 2689 1450 2757 Etiam
1496 2688 1702 2756 Silius
1738 2686 2034 2755 Italicus
2091 2709 2582 2780 nonnunquam

423 2795 685 2889 judicia
724 2796 1077 2865 hominum
1114 2796 1624 2867 recitationibus
1669 2796 2180 2891 experiebatur,
2221 2795 2397 2865 Plin.
2437 2800 2582 2883 111,

430 2908 558 3000 Ep.
607 2932 673 3003 7,
718 2904 783 2977 5.
819 2908 1069 2977 Seneca
1117 2932 1279 3001 vero
1336 2907 1672 2977 moderari
1711 2907 2088 2977 conabatur
2137 2921 2274 2977 tam
2313 2909 2578 2975 vanita-

432 3032 567 3089 tem
592 3019 1019 3089 recitantium
1034 3072 1054 3107 ‚
1078 3044 1281 3113 quam
1302 3018 1560 3114 judicia
1587 3016 2006 3088 audientium
2029 3034 2102 3089 et
2129 3016 2576 3089 laudationes:

428 3154 579 3222 quae
628 3129 813 3199 enim
862 3132 995 3223 Ep.
1054 3126 1183 3216 52,
1238 3156 1305 3225 p.
1363 3128 1488 3201 531
1539 3130 1624 3200 de
1666 3127 2222 3224 philosophorum
2267 3129 2573 3225 disputa-

429 3239 727 3309 tionibus
764 3240 1105 3334 praecipit,
1142 3264 1221 3309 ea
1254 3239 1450 3309 facile
1487 3240 1572 3309 ad
1609 3240 2036 3311 recitationes
2074 3238 2426 3311 transferri
2457 3266 2574 3335 po-

431 3364 697 3421 terant:
748 3375 1159 3445 quamquam
1210 3350 1387 3421 idem
1442 3353 1513 3420 in
1555 3352 1660 3421 his
1705 3374 2008 3447 quoque,
2055 3376 2206 3445 quae
2262 3376 2574 3446 perversa

428 3476 683 3546 essent,
710 3462 955 3556 passim
986 3461 1287 3531 notabat.
1312 3460 1443 3531 Sed
1461 3514 1482 3546 ‚
1505 3460 1722 3533 missi-s
1743 3460 1892 3531 aliis
1915 3514 1934 3547 ‚
1955 3460 2042 3529 ad
2067 3462 2368 3533 Plinium
2390 3463 2570 3556 ejus-

428 3594 563 3665 que
606 3584 912 3665 tempora
940 3571 1083 3664 jam
1114 3570 1565 3641 deveniamus,

526 3682 683 3749 Non
700 3680 980 3750 deerant
1008 3696 1185 3769 tum,
1218 3683 1337 3775 qui
1374 3683 1882 3753 recitationibus
1915 3685 2184 3779 ingenia
2217 3710 2338 3755 sua
2369 3709 2569 3781 expe-

428 3791 747 3859 rirentur.
793 3795 941 3862 Hoc
996 3792 1241 3863 diserte
1276 3796 1524 3863 Noster
1553 3796 1624 3878 1,
1649 3796 1776 3888 Ep.
1814 3794 1938 3878 13,
1979 3820 2005 3865 1
2045 3810 2327 3865 testatur
2357 3822 2374 3865 ε
2409 3802 2566 3868 Μα·

422 3924 634 3996 gnum
643 3921 1059 3999 proventum
1068 3922 1440 4000 poetarum
1469 3904 1815 3975 &cannas
1837 3908 2091 3977 attulit.
2132 3911 2310 3979 Toto
2335 3934 2568 3980 mense

428 4015 663 4108 Apuli
692 3997 1093 4099 nullusjseoe
1126 4013 1307 4101 dces,
1346 4040 1486 4107 quo
1521 4040 1665 4085 non
1701 4022 2013 4087 recitaret
2051 4017 2329 4112 aliquis.
2387 4021 2564 4108 Qui-

430 4121 709 4193 buscum
762 4138 1146 4215 congruunt
1196 4122 1308 4193 illa
1358 4128 1423 4211 1,
1485 4128 1610 4218 Ep.
1659 4151 1782 4211 ιο,
1841 4150 1904 4195 1:
1941 4130 2022 4199 Si
2059 4129 2352 4219 quando
2404 4130 2565 4199 urbs
