2857 4690
861 360 870 365 ’
926 350 1453 419 EPISTOLA
1504 352 1632 419 XI.
2253 352 2333 423 61

202 470 494 567 quaetlam
539 470 778 541 addidi
822 472 896 541 in
938 471 1090 541 villa
1111 526 1130 559 ,
1157 499 1368 568 quum
1413 471 1595 542 aliud
1632 498 1767 542 non
1813 471 2067 543 liberet.
2116 478 2351 570 Itaque

205 596 505 677 poemata
533 582 936 677 quiescunt,
971 608 1119 678 quae
1154 597 1228 653 tu
1257 586 1432 654 inter
1454 609 1729 654 nemora
1757 599 1827 653 et
1850 582 2033 653 lucos
2054 609 2351 655 commo-

209 692 466 761 dissime
507 691 754 787 perfici
793 707 1014 787 putas.
1043 692 1555 764 Oratiunculam
1595 718 1795 762 unam
1834 709 1900 763 et
1935 692 2211 764 alteram
2250 720 2349 763 re·
2392 706 2422 757 3

213 805 523 891 tractavi;
567 828 984 899 quamquam
1026 804 1096 874 id
1140 829 1348 901 genus
1386 805 1607 900 operis
1643 804 2001 874 inamabile
2020 858 2041 891 ,
2074 806 2353 873 inamoe-

211 938 394 997 num,
421 914 785 1009 magisque
809 914 1150 1009 laboribus
1174 916 1384 1001 ruris,
1404 939 1609 1010 quam
1634 913 2094 1010 voluptatibus
2120 914 2350 985 simile.

213 1023 392 1093 Vale.

213 1223 1240 1296 sinplicitercontinuaremtpluresfiant
1331 1225 1473 1277 riore
1505 1224 1790 1278 declarare.
1817 1226 1887 1279 G.
1905 1256 1976 1265 —-
1997 1228 2173 1297 Per-fici
2186 1264 2201 1286 ,
2230 1225 2357 1277 sim·

217 1321 380 1355 versus
407 1303 592 1355 Antei
610 1341 629 1368 ,
657 1303 745 1355 vel
771 1304 1080 1375 paraphrasi
1103 1304 1238 1357 ube·
1332 1304 1535 1377 pliciter
1561 1304 1697 1357 fieri.
1720 1306 1822 1357 En.
1934 1310 1941 1315 ’

897 1504 2335 1525 mmmmmmmmmummmm

1211 1690 1388 1776 XI.

245 1918 554 1976 Materiam
575 1913 884 1974 scribendi
906 1914 1192 1992 promittit
1218 1926 1488 1991 rogatus„
1514 1927 1574 1973 et
1600 1934 1705 1973 sua
1735 1915 1951 1993 scripta
1975 1928 2135 1973 trans
2155 1918 2337 1996 Alpes

1105 2010 1217 2089 legi
1245 2010 1492 2069 laetatur.

707 2222 770 2268 C.
825 2222 1177 2269 PLINIUS
1229 2222 1573 2270 GEMINO
1625 2222 1777 2269 SUO
1828 2224 1881 2269 S.

317 2412 806 2477 EPISTOLAM
848 2419 1036 2473 tuam
1055 2403 1607 2498 jucundissimam
1646 2406 1899 2500 recepi3
1928 2431 2007 2474 eo
2048 2407 2364 2493 maxime,

227 2517 408 2611 quod
431 2516 689 2611 aliquid
709 2509 796 2584 ad
821 2529 886 2584 te
913 2507 1113 2585 scribi
1133 2513 1436 2603 volebas,
1463 2515 1649 2610 quod
1675 2513 1861 2584 libris
1886 2516 2083 2586 inseri
2114 2531 2357 2612 posset.

229 2627 560 2698 Obveniet
597 2625 910 2711 materia,
953 2619 1056 2692 vel
1094 2625 1235 2694 haec
1271 2625 1412 2720 ipsa
1450 2650 1651 2720 quam
1693 2641 2058 2716 monstras,
2094 2627 2196 2696 vel
2238 2653 2364 2722 po-

229 2737 361 2805 tior
377 2736 532 2807 alia.
554 2738 731 2806 Sunt
750 2734 1024 2804 enimin
1047 2733 1176 2803 hac
1198 2733 1601 2804 offendicula
1630 2733 1952 2804 nonnulla
1976 2737 2367 2806 :circumfer
2436 2737 2443 2742 ’

231 2847 500 2936 oculos,
539 2862 608 2916 et
641 2859 1016 2916 occurrent.
1071 2843 1479 2940 Bibliopolas
1518 2845 1837 2940 Lugduni
1878 2871 2019 2916 esse
2056 2873 2195 2916 non
2238 2875 2363 2942 pu·
2406 2885 2433 2917 2

231 2959 456 3025 tabam
487 2981 506 3025 ε
536 2981 614 3025 ac
643 2971 831 3024 tanto
857 2953 1170 3024 libentius
1197 2979 1278 3023 ex
1307 2953 1517 3024 literis
1554 2956 1686 3024 tuis
1716 2957 2003 3050 cognovi
2032 2958 2359 3026 venditari

229 3064 488 3136 libellos
523 3091 735 3153 meOS,
768 3064 1010 3159 quihus
1052 3089 1336 3160 peregre
1375 3089 1646 3134 manere
1688 3067 2008 3160 gratiam,
2044 3093 2245 3162 quarn
2292 3069 2363 3134 iu

231 3179 398 3248 urbe
443 3175 874 3272 collegerint,
912 3174 1228 3245 delector.
1264 3175 1527 3268 Incipio
1567 3176 1747 3245 enim
1787 3176 1949 3246 satis
1986 3176 2363 3246 absolutum

239 3291 650 3374 existimare,
695 3286 779 3356 de
830 3312 967 3382 quo
1017 3301 1204 3354 tanta
1250 3284 1631 3356 diversitate
1676 3287 2027 3381 regionum
2082 3285 2365 3357 discreta

235 3399 588 3470 hominum
617 3395 874 3491 judicia
915 3397 1367 3466 consentiunt.
1395 3395 1583 3466 Vale.
1624 3453 1629 3459 .

301 3581 404 3634 Π.
437 3599 488 3633 ².
527 3587 736 3649 Peregre
779 3598 977 3630 manere
1015 3581 1250 3647 gratiam.
1420 3606 1493 3619 —·
1512 3581 1735 3630 Discreta
1758 3579 2006 3628 hominum
2019 3581 2235 3647 judicia.
2266 3584 2370 3636 De-

235 3660 404 3714 Etiam
429 3658 576 3732 apud
607 3672 814 3712 exteros
838 3658 1052 3730 placere
1071 3695 1088 3721 ‚
1110 3669 1162 3710 et
1186 3657 1252 3709 li·
1351 3657 1513 3711 bebat
1530 3675 1641 3711 esse
1663 3675 1677 3709 τ
1698 3658 2017 3708 discretorum
2033 3669 2181 3712 tanto
2206 3660 2369 3716 inter-

235 3739 416 3793 beuter
431 3740 558 3811 legi.
575 3739 640 3791 Ε.
660 3769 732 3780 --
757 3738 874 3790 Jam
900 3737 1104 3790 Tiberii
1126 3750 1254 3790 tem-
1349 3737 1489 3790 vallo
1508 3739 1757 3788 hominum
1763 3737 1982 3804 judicia.
2000 3737 2105 3790 Sed
2125 3757 2233 3810 quo
2251 3761 2365 3796 ma-

235 3837 384 3890 ραι-θ,
411 3816 785 3891 Augustuduni
809 3819 990 3887 (capnt
1013 3817 1118 3870 hoc
1141 3827 1251 3872 erat
1347 3816 1426 3888 gis
1454 3815 1719 3888 oppositio
1747 3815 2019 3870 exsisteret
2034 3854 2049 3881 ,
2073 3818 2277 3874 Plinius
2302 3821 2369 3874 nd
2392 3825 2403 3832 ⁴

239 3897 564 3967 AEduornm)
579 3897 758 3950 schola
780 3909 923 3958 erat,
943 3896 1000 3947 in
1014 3915 1126 3973 qua
1148 3914 1246 3948 no·
1347 3898 1464 3967 ipsa
1499 3893 1698 3968 judicia
1733 3896 1930 3950 retulit.
1963 3897 2235 3971 Gierigius
2266 3902 2337 3953 ait
2352 3939 2369 3964 ‚

239 3977 480 4032 hiliuima
498 3977 780 4032 Gallorum
801 3975 1004 4029 soboles
1022 3975 1251 4032 liberali-
1347 3978 1559 4026 dismca
1570 3977 1765 4042 judicia
1783 3993 1896 4029 ease
1914 3995 2121 4044 eorum,
2142 3997 2369 4050 quorum

241 4055 333 4110 bns
348 4057 548 4110 artibus
565 4055 908 4128 operabatur.
923 4055 1092 4108 Tacit.
1109 4056 1248 4110 Ann-
1351 4053 1486 4107 alius
1509 4071 1619 4106 non
1653 4054 1818 4108 alium
1850 4055 2106 4126 sequitur.
2138 4057 2333 4110 Dubito
2352 4099 2367 4124 ,

239 4133 318 4186 111
333 4173 352 4200 ‚
377 4135 465 4200 43.
486 4136 590 4189 En.
1353 4153 1420 4184 an
1442 4151 1506 4186 ex
1533 4145 1708 4187 mente
1730 4133 1909 4186 Plinii.
1936 4135 2033 4185 En.
