2857 4690
761 343 953 411 PAN

1036 340 1275 410 GYR.
1330 343 1553 411 CAP.
1606 343 1774 412 LII.

1018 419 1183 490 ςῖῙ-’.ι
1172 441 1303 490 tm

2209 348 2351 445 319

204 495 401 566 vent,
440 503 655 574 quum
694 478 1037 550 deorum.
1023 498 1167 571 ipse
1203 501 1341 546 non
1381 475 1953 574 adpetas.1taque
1990 495 2174 552 tuam
2213 499 2348 552 sta-
2389 501 2420 552 3

208 605 399 660 tuam
438 590 511 658 in
550 587 877 660 vestibulo
900 589 1083 658 Jovis
1114 587 1375 681 Optimi
1398 589 1682 658 Maximi
1718 613 1924 660 unam
1955 587 2350 682 alteramve,

208 715 279 770 et
323 701 505 772 hano
538 725 825 786 aeream,
862 701 1235 770 cernimus.
1270 713 1343 768 at
1371 696 1600 792 paullo
1637 713 1794 770 ante
1829 699 2048 771 aditus
2086 726 2354 790 omnes,

210 835 448 881 omnes
490 811 776 906 graduS,
816 824 1091 904 totaque
1128 833 1281 878 area
1314 807 1472 880 hinc
1511 832 1716 896 auro,
1753 810 1916 882 hinc
1948 827 2228 906 argento
2257 838 2355 882 re·
2414 877 2474 908 .

210 919 509 1006 lucebat,
550 947 667 992 seu
715 923 937 1016 potius
985 919 1460 1016 polluebatur,
1493 945 1706 1014 quum
1754 921 1986 992 incesti
2030 924 2356 1019 principis
2377 911 2474 1043 ξιξι

213 1035 455 1103 statuis
505 1033 835 1128 permixta
870 1032 1151 1101 deorum
1190 1029 1548 1102 simulacra
1589 1031 1954 1102 sorderent.
2001 1035 2182 1129 Ergo
2215 1035 2356 1106 istae
2393 1024 2493 1112 ι’·’ἰῑ
2467 1079 2550 1119 ,ς

214 1143 488 1236 quidem
522 1167 707 1213 aereae
742 1157 809 1212 et
838 1165 1065 1238 paucae
1092 1157 1399 1226 manent,
1433 1142 1974 1238 manebuntque,
2011 1169 2214 1238 quam
2241 1145 2358 1215 diu

218 1252 547 1348 templum
580 1255 837 1348 ipsum:
878 1251 1005 1322 illoe
1031 1267 1257 1348 autem
1294 1277 1510 1322 aureae
1545 1268 1612 1322 et
1647 1254 2168 1326 innumerabiles
2195 1271 2358 1326 stra-

218 1389 299 1458 ge
316 1379 387 1434 et
405 1365 603 1435 ruina
629 1363 899 1458 publico
929 1364 1175 1460 gaudio
1206 1363 1584 1436 litaverunt.
1612 1369 1651 1435 J
1653 1367 1900 1438 uvabat
1927 1365 2187 1438 illidere
2216 1367 2360 1438 solo

218 1477 730 1571 superbissimos
754 1475 1001 1560 vultus,
1050 1478 1297 1545 instare
1332 1475 1546 1561 ferr-0,
1597 1479 1824 1548 saevire
1865 1479 2246 1564 securibus,
2285 1494 2362 1548 ut

222 1588 273 1656 si
308 1585 613 1682 singulos
636 1577 819 1683 ‘ictus
850 1587 1123 1682 sanguis
1158 1585 1482 1682 dolorque
1515 1603 1924 1682 sequeretur.
1966 1591 2187 1660 Nemo
2223 1603 2358 1658 tam
2399 1596 2429 1649 5

224 1711 605 1792 temperans
630 1697 857 1792 gaudii
882 1721 1173 1792 seraeque
1200 1695 1474 1784 laetitiae,
1521 1700 1686 1792 quin
1728 1699 1940 1768 instar
1973 1698 2246 1769 ultionis
2271 1701 2366 1768 vi-

224 1805 531 1892 deretur,
560 1831 835 1876 cernere
868 1805 1119 1876 laceros
1150 1821 1371 1894 artus,
1408 1821 1718 1876 truncata
1749 1807 2076 1895 membra,
2109 1824 2364 1902 postre-
2395 1804 2406 1820 ‘

226 1943 338 1986 mo
378 1932 603 1987 truces
645 1917 1143 2011 horrendasque
1184 1917 1508 2010 imagines
1549 1917 1841 2009 abjectas
1865 1971 1885 2003 ‚
1928 1933 2366 2014 excoctasque

229 2133 413 2188 ductas
437 2153 471 2188 a
494 2134 574 2186 Cl.
598 2131 899 2186 Schwarzio
920 2171 939 2196 ,
970 2151 1105 2206 quas
1128 2151 1252 2186 eou-

229 2215 421 2266 vellere
440 2212 663 2265 difficile
688 2223 782 2264 est.
810 2213 1028 2280 Adeptus
1046 2223 1219 2264 autem
1236 2249 1255 2276 ,

229 2293 373 2365 quod
386 2293 586 2347 habent
596 2291 746 2356 libri,
761 2292 816 2343 in
832 2293 1039 2359 adpeeas
1050 2303 1256 2344 mutare

230 2374 505 2427 videbatur
554 2392 663 2426 non
714 2371 1107 2427 immodestum.
1152 2370 1257 2429 Sed.

231 2472 389 2524 quum
432 2456 517 2505 dei
555 2471 653 2524 pro
689 2454 765 2505 dii
795 2453 881 2505 vix
922 2452 1257 2515 inveniatur;

231 2550 395 2603 quum
410 2552 566 2584 serves
583 2532 741 2586 etiam
762 2533 828 2584 sit
847 2533 901 2585 in
916 2532 1069 2585 bonis
1087 2531 1255 2597 libris;

233 2629 397 2682 quum
422 2616 633 2679 adeptus
662 2614 729 2663 sis
764 2612 923 2665 etiam
966 2610 1261 2683 significare

234 2692 391 2761 pouit
422 2694 708 2758 capessieris
726 2712 745 2743 .·
772 2710 921 2762 nque
954 2691 1063 2743 fere
1086 2690 1262 2763 placet

234 2768 303 2822 el.
316 2770 605 2824 Schwarzii
618 2770 780 2832 ratio,
792 2770 885 2841 qui
894 2770 965 2821 ita
980 2768 1260 2840 legendum

236 2850 514 2904 existimat.
549 2874 573 2895 ο
592 2848 677 2902 Sic
694 2848 755 2901 fit
772 2886 791 2913 ,
816 2860 877 2901 ut
903 2866 1171 2903 summum
1188 2849 1264 2901 in-

236 2941 315 2983 ter
324 2929 577 2983 homines
598 2929 867 2999 fastigium
888 2946 1087 2993 serves,
1100 2946 1263 3001 quum

238 3009 457 3063 deornm
485 3010 598 3081 ipse
624 3028 735 3063 non
770 3008 837 3061 sis
862 3006 1103 3080 adeptus.
1120 3034 1145 3055 ι·
1168 3009 1267 3061 Ex·

238 3088 436 3159 plicare
455 3088 625 3158 possis
654 3088 789 3141 hanc
818 3086 1127 3141 senteutiam
1156 3086 1267 3139 Ho-

238 3168 357 3223 ratii
393 3167 575 3221 verbis
592 3204 609 3229 ,
637 3166 745 3219 Od.
771 3168 885 3231 111,
924 3171 957 3217 6
976 3204 991 3229 ,
1026 3167 1077 3220 5.
1104 3168 1194 3217 Dis
1220 3179 1269 3215 ee

242 3254 477 3299 minorem
504 3250 645 3315 quod
662 3250 819 3317 ger-125,
854 3251 1084 3315 imperas.
1105 3244 1177 3297 G.
1198 3274 1269 3285 —·

242 3326 517 3381 Ernestius
533 3325 776 3379 editurus
794 3337 936 3379 erat:
960 3340 1013 3375 uc
1033 3342 1272 3375 summum

242 3413 369 3461 buer-
406 3410 626 3459 ltomt'ues
650 3408 919 3475 fastigium
961 3424 1147 3465 serves,
1189 3420 1274 3455 ex·

243 3498 548 3558 punctaque
577 3498 704 3537 nota
736 3485 981 3545 Gesner-i,
1011 3484 1273 3555 appositu·

246 3586 333 3621 rus
359 3564 503 3621 hanc
530 3583 544 3617 ε
590 3565 717 3617 «Sic
750 3583 873 3617 cum
898 3562 1197 3619 Schwarzio
1222 3574 1273 3615 et

246 3644 483 3715 Gierigio
542 3660 801 3717 reponere
850 3663 960 3697 non
1013 3640 1269 3697 dubitavi.

246 3722 510 3782 &merus
542 3722 821 3777 ediderat:
850 3723 936 3777 Sic
968 3722 1067 3785 fit,
1104 3733 1162 3775 ut
1188 3720 1275 3775 dei

250 3822 517 3857 summum
554 3802 691 3855 inter
734 3802 981 3855 homines
1010 3800 1275 3873 fastigium

250 3896 459 3937 servent
476 3920 495 3945 ,
542 3900 709 3954 quum
752 3881 973 3935 deorum
1016 3881 1129 3952 ipse
1168 3900 1275 3935 non

252 3975 488 4035 appetas.
514 3962 581 4015 Et
616 3961 727 4033 ipse
754 3960 1023 4015 Gesnerus
1040 3959 1139 4015 sibi
1164 3960 1276 4015 hoec

252 4044 461 4111 placere
502 4041 785 4095 fatebatur.
815 4066 836 4086 ο
871 4041 947 4093 De
992 4042 1159 4095 forma
1198 4044 1280 4091 dei

1340 2128 1574 2194 niemez.
1605 2133 1744 2188 inter
1769 2111 2104 2188 monosticha
2125 2152 2243 2206 qun
2267 2134 2364 2188 ad-
2409 2191 2414 2196 ,

1342 2213 1582 2264 ventanti
1613 2212 1650 2263 P
1689 2211 1864 2284 mpeio
1892 2211 2209 2284 gratabundi
2238 2214 2367 2266 scri-

1340 2303 1552 2363 pserant
1577 2297 1678 2365 τὴν
1695 2295 1806 2347 ὅσον
1829 2295 1892 2347 ὣν
1920 2295 2168 2367 ἄνθρωπος
2190 2290 2328 2359 οἶδας
2346 2333 2366 2362 ‚
2419 2330 2426 2338 -

1342 2375 1425 2427 ἐπὶ
1453 2379 1684 2429 τοσοῦτον
1707 2369 1752 2429 εἷ
1784 2377 1910 2437 θιός.
1952 2373 2016 2427 Id
2059 2385 2138 2427 est
2168 2390 2183 2427 ε
2229 2392 2366 2445 qua·-

1342 2465 1497 2505 tenus
1522 2464 1574 2507 te
1603 2472 1784 2507 censes
1813 2453 2115 2518 hominem,
2147 2466 2366 2509 eatenus

1346 2530 1500 2585 nobis
1515 2550 1570 2584 es
1593 2532 1742 2587 deus.
1765 2532 1870 2585 En.

1418 2618 1472 2675 4.
1494 2617 1666 2681 Strage
1699 2626 1752 2663 et
1769 2616 1933 2664 mina.
1955 2613 2132 2677 Quum
2161 2624 2371 2665 senatus

1347 2696 1542 2759 clypeos
1575 2693 1690 2763 ejus
1726 2706 1780 2743 σε
1807 2694 2044 2761 baaginu
2075 2712 2245 2745 eoram
2269 2729 2288 2755 ,
2313 2692 2368 2745 in

1348 2770 1494 2823 curia
1512 2808 1529 2834 ,
1559 2795 1581 2816 ιι
1605 2768 1811 2823 detrahi
1845 2782 1896 2823 et
1923 2768 2123 2823 ibidem
2144 2770 2257 2823 solo
2281 2768 2372 2823 ad-

1350 2848 1461 2922 fligi
1480 2848 1721 2920 juberet:
1758 2848 2042 2901 novissime
2077 2848 2373 2903 eradendos

1350 2928 1552 2999 ubique
1577 2928 1757 2981 titulos
1777 2965 1795 2992 ,
1823 2926 2245 3001 abolendamque
2266 2948 2377 2983 om-

1350 3025 1476 3060 nem
1504 3006 1812 3060 memoriam
1831 3004 2136 3059 decerneret
2156 3030 2203 3057 a.
2232 3008 2374 3061 Suet.

1352 3085 1534 3139 XXIII
1553 3124 1567 3149 ,
1586 3085 1678 3139 ubi
1706 3097 1891 3139 notant
1905 3085 2003 3139 viri
2027 3085 2172 3140 docti
2189 3084 2374 3139 hodie-

1353 3184 1460 3237 que
1497 3176 1701 3219 exstare
1737 3183 2006 3219 marmora
2029 3204 2045 3230 ,
2087 3166 2140 3219 in
2186 3165 2378 3237 quibus

1355 3264 1568 3299 “asum
1613 3244 1904 3299 Domitiani
1946 3264 2140 3299 nomen
2161 3283 2179 3305 ,
2226 3264 2278 3297 ν.
2323 3264 2376 3317 g.

1354 3322 1512 3379 Grut.
1533 3326 1669 3389 XII,
1689 3344 1740 3388 a,
1755 3324 2009 3390 LXVIII,
2031 3342 2077 3377 ι.
2101 3324 2178 3377 De
2199 3324 2382 3377 statuis

1356 3402 1598 3459 conflatis
1613 3404 1823 3457 eDione
1841 3402 2148 3475 xiphilinus
2166 3404 2222 3455 in
2242 3403 2382 3473 prin-

1358 3484 1498 3555 cipio
1550 3483 1734 3535 Nervae
1761 3524 1777 3549 ,
1818 3484 2266 3551 συνιχωνιὺθησοιν,
2298 3486 2382 3537 καὶ

1359 3566 1411 3629 ἐξ
1443 3568 1602 3619 αὐτῶν
1637 3566 1834 3635 μεγάλα.
1861 3564 2099 3635 χρήματα
2133 3566 2379 3635 συνελέγη.

1360 3644 1438 3696 De
1471 3640 1683 3695 nomine
1715 3658 1864 3693 eraso
1900 3638 2144 3693 addenda
2178 3642 2383 3693 Macro-

1360 3722 1436 3776 bii
1449 3720 1618 3777 Satira
1634 3760 1652 3787 ,
1681 3720 1740 3784 1,
1769 3737 1827 3771 ια
1849 3756 1864 3783 ,
1891 3720 2380 3774 extr.-Coeterum

1360 3799 1614 3873 exquisita
1662 3812 1714 3852 et
1758 3810 1879 3871 apta
1925 3798 2051 3851 huic
2086 3800 2231 3851 nunni
2267 3799 2387 3854 loeo

1360 3880 1672 3952 metaphora
1695 3894 1874 3932 stateeoe
1890 3881 2036 3930 mina
2055 3882 2250 3945 publico
2263 3900 2389 3949 gau-

1364 3964 1448 4013 dio
1469 3964 1760 4019 litaverunt,
1785 3958 1887 4011 hoc
1906 3969 1983 4011 est
2001 3999 2019 4026 ,
2043 3957 2230 4012 deletae
2247 3970 2390 4019 sunt,

1376 4038 1626 4093 omnibus
1643 4038 1848 4093 civibus
1859 4039 1962 4092 hae
1976 4050 2147 4113 strage
2167 4051 2217 4093 et
2239 4040 2393 4093 ruina

250 4120 447 4175 vid.ad
476 4140 563 4193 ep.
590 4121 693 4173 VH
792 4122 824 4173 8
844 4160 861 4185 ,
892 4120 949 4171 5.
968 4120 1023 4173 S.
1046 4150 1115 4161 --
1134 4120 1291 4173 Athe·
1377 4116 1751 4190 gaudentibus.
1781 4120 1841 4172 E.

2501 1130 2566 1204 (ξς)

2541 1207 2576 1230 ,ν
