2857 4690
496 361 635 459 376

1054 363 1130 430 C.
1180 359 1527 428 PLINII
1577 356 2043 436 SECUNDI

596 494 972 563 LXXXVI.
1004 493 1243 586 Operae
1268 491 1556 584 pretium
1583 503 1684 558 est
1703 487 1950 556 referre
1965 540 1984 571 ,
2006 485 2186 580 quod
2205 499 2619 556 tormentum

493 601 625 667 tibi·
646 599 1001 692 injunxeris
1020 651 1040 684 ‚
1066 622 1150 666 ne
1178 595 1335 690 quid
1360 595 1577 664 amico
1603 617 1917 688 negares:
1951 592 2264 662 dimisisti·
2283 594 2616 686 optimum

494 707 705 774 virum
720 758 739 791 ,
776 704 893 772 tibi
920 705 1328 772 carissimum
1344 755 1365 788 ,
1388 702 1632 768 invitus
1661 714 1728 768 et
1749 700 1952 768 tristis
1969 751 1990 783 ‚
2025 713 2091 767 et
2115 699 2298 792 quasi
2329 699 2616 767 retinere

492 835 629 880 non
658 834 919 905 posses:
954 823 1271 902 quantum
1304 831 1560 876 amares
1590 830 1738 874 eum
1755 857 1775 892 ,
1811 803 2132 874 desiderio
2163 819 2472 897 expertus
2499 827 2612 889 es;

426 943 453 974 ²
490 915 839 986 distractus
874 929 1375 1008 separatusque,
1410 913 1571 980 dum
1615 910 1790 980 cedis
1819 925 1890 978 et
1927 911 2226 980 vinceris.
2252 913 2356 979 Ita
2377 961 2398 996 ,
2429 911 2614 1004 quod

490 1020 690 1091 fando
728 1019 1093 1089 inauditum
1112 1073 1131 1106 ‚
1174 1044 1377 1114 quum
1418 1020 1721 1112 princeps
1763 1030 1832 1084 et
1865 1018 2177 1110 principis
2215 1017 2467 1085 amicus
2502 1016 2608 1085 di-

490 1151 679 1196 versa
706 1125 957 1196 velletis
974 1177 992 1210 ‚
1030 1127 1097 1194 id
1132 1128 1349 1220 potius
1380 1124 1630 1193 factum
1665 1135 1796 1210 est,
1832 1121 2014 1217 quod
2047 1123 2297 1191 amicus
2325 1119 2608 1192 volebat.

490 1235 553 1302 Ο
590 1257 730 1301 rem
768 1233 1097 1302 memoriae
1135 1221 1470 1324 literisque
1510 1223 1982 1300 mandandam!
2016 1228 2405 1297 Praefectum
2441 1254 2609 1322 prae·

488 1339 637 1406 torii
674 1361 810 1406 non
850 1363 927 1407 ex
968 1337 1450 1432 ingerentibu5‚
1492 1334 1608 1404 sed
1645 1359 1726 1402 ex
1767 1333 2304 1404 subtrahentibus
2343 1332 2609 1427 legere3

486 1443 921 1537 eumdemque
952 1445 1118 1530 otio,
1136 1442 1314 1537 quod
1336 1442 1758 1537 pertinaciter
1783 1455 1994 1527 amet,
2023 1439 2336 1509 reddere:
2369 1465 2608 1533 quum-

486 1571 615 1642 que
650 1551 735 1618 sis
770 1551 911 1643 ipse
950 1549 1267 1618 distentus
1320 1549 1575 1641 imperii
1615 1548 1788 1614 euris
1801 1599 1820 1632 ‚
1863 1569 2000 1614 non
2043 1547 2276 1638 quietis
2329 1545 2604 1638 gloriam

420 1666 451 1718 3
488 1656 791 1749 cuiquam
836 1654 1147 1724 invidere.
1186 1652 1621 1747 Intelligimus
1637 1704 1656 1737 ‚
1687 1654 1930 1736 Caesar‚
1957 1665 2276 1745 quantum
2323 1651 2440 1722 tibi
2483 1676 2608 1744 pro

486 1758 811 1830 laboriosa
844 1762 967 1830 ista
1000 1761 1277 1830 statione
1310 1774 1379 1827 et
1412 1759 1699 1826 exercita
1736 1757 2124 1844 debeamus,
2161 1781 2364 1850 quum
2397 1758 2608 1826 otium

484 1889 527 1932 a
554 1880 649 1953 te,
683 1881 997 1960 tanquam
1029 1891 1131 1935 res
1160 1867 1444 1961 optima,
1473 1878 1539 1932 et
1568 1877 1854 1957 petatur,
1889 1878 1957 1931 et
1984 1863 2193 1932 detur.
2232 1865 2450 1953 Quam
2479 1887 2608 1958 ego

485 1971 681 2041 audio
716 1972 1165 2042 confusionem
1210 1987 1390 2040 tuam
1426 1969 1626 2040 fuisse
1641 2023 1660 2058 ‚
1701 1994 1903 2063 quum
1941 1967 2414 2062 digredientem
2451 1993 2607 2062 pro-

488 2075 882 2173 sequereris!
922 2091 1359 2173 prosequutus
1392 2077 1566 2144 enim
1604 2101 1726 2144 nec
1759 2077 2132 2169 temperasti
2165 2076 2310 2162 tibi,
2339 2076 2606 2168 quomi-

418 2191 448 2250 4
488 2207 611 2253 nus
636 2185 898 2254 exeunti
926 2185 995 2264 in
1017 2182 1205 2258 litore
1228 2182 1568 2277 amplexus
1593 2179 1891 2252 osculum
1921 2180 2140 2250 ferres.
2169 2183 2366 2250 Stetit
2385 2184 2609 2250 Caesar

482 2387 669 2443 praeter
721 2394 887 2429 unum
940 2374 1138 2429 odium.
1184 2374 1287 2428 Sed
1328 2384 1498 2445 potest

483 2452 641 2505 etiam
676 2452 763 2506 hic
805 2472 951 2506 esse:
993 2454 1103 2506 noli
1138 2452 1351 2506 credere
1390 2452 1492 2519 iis,

482 2531 575 2601 qui
602 2532 698 2584 tibi
726 2530 938 2594 dicunt,
970 2532 1222 2584 amicitias
1256 2545 1309 2583 et
1341 2532 1494 2585 fami-

480 2608 731 2662 liaritates
754 2628 863 2661 esse
883 2610 1107 2663 humiles
1124 2623 1177 2663 et
1196 2628 1385 2681 parum
1405 2609 1498 2663 de-

481 2706 631 2741 coras
677 2687 949 2765 principi:
984 2688 1165 2741 odium
1197 2706 1308 2741 esse
1342 2707 1498 2760 gene

480 2786 659 2819 rosum
686 2779 737 2819 et
762 2768 987 2838 regium.
1010 2768 1075 2820 Id
1102 2767 1286 2821 saltem
1310 2768 1496 2821 melius

479 2858 575 2899 est.
588 2848 724 2899 Eu.

549 2926 841 2979 LXXXVI.
874 2944 916 2977 ι.
952 2929 1059 2977 Tibi
1072 2928 1385 2977 carissimum.
1408 2926 1494 2977 Al.

480 3008 661 3072 tibique
689 3008 987 3057 carissbnum
1004 3044 1021 3066 ‚
1062 3004 1203 3077 quod
1222 3016 1299 3057 est
1318 3006 1498 3076 proefe-

477 3082 719 3137 rendum.
738 3085 793 3138 S.

562 3182 610 3215 a.
650 3167 733 3213 Ex
777 3166 1126 3232 Inger-entibus.
1175 3162 1495 3217 Addendum

478 3239 685 3293 videtur
722 3262 773 3293 se
792 3280 808 3303 ,
851 3242 995 3313 quod
1032 3244 1103 3296 ob
1138 3261 1360 3315 sequens
1410 3248 1500 3295 sed

476 3320 632 3373 facile
655 3320 826 3392 potuit
850 3320 1110 3375 excidere.
1138 3323 1192 3377 S.
1218 3352 1288 3362 --
1313 3325 1496 3391 Presse-

476 3414 605 3451 cmm
634 3403 859 3467 pretorii
889 3420 987 3451 non
1029 3420 1094 3451 ex
1129 3404 1452 3469 ingerentibus
1475 3438 1492 3464 ,

472 3482 563 3529 sed
578 3497 642 3529 ex
676 3482 1061 3531 subtrahentibus
1088 3484 1259 3547 legere.
1288 3478 1488 3543 Credo,

474 3568 589 3628 post
633 3561 955 3627 ingerentibus
994 3558 1243 3612 excidisse
1284 3578 1364 3622 se,
1400 3576 1493 3628 per

472 3636 799 3695 occasionem
818 3637 1083 3707 sequentis
1100 3638 1367 3707 particule
1384 3640 1489 3689 sed.

473 3715 537 3769 Id
581 3720 695 3788 jam
721 3714 855 3769 vidit
892 3716 1235 3769 Schwanius.
1253 3716 1391 3768 Eun.
1418 3746 1490 3757 --

473 3800 556 3846 Ex
576 3798 977 3847 subadsentibus.
994 3793 1120 3847 Vid.
1145 3795 1196 3845 V
1211 3833 1227 3858 ,
1249 3794 1300 3848 5.
1322 3795 1390 3847 G.
1417 3826 1489 3836 ——-

477 3877 715 3927 Gloriam.
755 3872 838 3925 Al.
858 3877 1050 3941 gloria,
1086 3872 1232 3945 quod
1258 3874 1340 3926 vel
1366 3874 1488 3927 soloe

472 3970 625 4006 aures
654 3950 1056 4015 commendarim
1084 3951 1195 4005 vid.
1226 3953 1295 4006 ad
1321 3952 1486 4024 Epist.

472 4031 533 4094 1,
572 4049 630 4080 ιο
650 4066 666 4090 ,
700 4046 779 4081 12.
814 4030 1071 4081 Creterum
1100 4032 1293 4084 frustra
1326 4042 1490 4085 tenta-

471 4120 597 4163 runt
610 4108 707 4162 viri
730 4107 873 4161 docti
887 4108 1165 4161 lectionem
1185 4111 1452 4183 vulgatam
1471 4149 1486 4174 ,

1587 2376 1760 2445 majus
1777 2372 2030 2446 quiddam
2051 2386 2162 2439 est,
2188 2374 2360 2444 quiete
2379 2372 2604 2444 gloriosa

1585 2454 1743 2506 alicui
1772 2473 1880 2506 non
1916 2452 2186 2515 invidere,
2214 2471 2386 2547 quam·
2415 2453 2607 2523 simpli·

1585 2532 1716 2585 citer
1740 2534 1934 2611 quiete.
1967 2534 2020 2586 S.
2051 2562 2122 2573 —
2150 2536 2264 2583 Non
2299 2552 2363 2600 qn
2349 2534 2472 2583 detis
2497 2536 2603 2601 310-

1583 2615 1711 2663 riam
1743 2615 1973 2679 cuiquam
2015 2613 2242 2663 invidere.
2273 2610 2598 2670 Schwarzius

1583 2690 1776 2742 vellet'
1761 2710 1813 2742 in
1833 2690 1980 2743 libris
2005 2709 2116 2743 esse
2131 2693 2385 2759 gratiam,
2409 2708 2600 2762 quam,

1585 2769 1685 2833 ait,
1725 2788 1836 2822 esse
1862 2770 2114 2841 aptiorem
2148 2773 2329 2837 gloria.
2359 2770 2474 2841 Ego
2510 2790 2601 2823 au·

1584 2857 1686 2899 tem
1703 2846 1920 2918 legerim
1939 2850 2154 2915 copiam,
2147 2870 2159 2881 ·
2179 2846 2236 2900 id
2252 2847 2476 2901 arbitror
2491 2866 2602 2903 esse

1585 2939 1636 2979 et
1659 2926 1736 2979 rei
1760 2940 1812 2979 et
1835 2926 2098 2979 sententiae
2140 2926 2482 2980 exadversum
2517 2948 2600 2981 re-

1583 3004 1898 3077 spondenti.
1949 3026 2098 3073 quum
2127 3010 2191 3057 sis
2229 3011 2330 3074 ipse
2367 3010 2599 3059 discemus

1583 3086 1773 3152 imperii
1787 3088 1937 3145 curis,
1965 3083 2022 3137 id
2049 3098 2159 3150 est,
2193 3104 2372 3140 careas
2393 3087 2597 3158 quiete,

1584 3165 1772 3237 aptius.
1797 3166 1930 3217 Eun.

1653 3244 1703 3295 3.
1723 3248 1888 3294 Labor
1861 3246 2015 3295 riosa.
2030 3281 2043 3294 .
2065 3280 2076 3291 .
2101 3282 2111 3292 .
2136 3281 2147 3292 .
2165 3282 2177 3295 .
2199 3250 2434 3297 exercita.
2459 3244 2598 3299 Bene

1579 3320 1924 3375 Heumannus
1943 3323 2212 3393 componit
2225 3342 2346 3379 cum
2371 3324 2483 3378 Cic.
2501 3344 2596 3395 pro

1579 3395 1761 3452 Milon.
1793 3402 1876 3452 11:
1899 3406 2034 3467 Quid
2060 3406 2197 3454 nobis
2235 3403 2550 3458 laboriosius
2578 3447 2592 3471 ,

1553 3484 1566 3493 “
1580 3483 1704 3547 quid
1733 3484 1889 3549 magis
1913 3482 2194 3534 exercitum
2229 3486 2330 3536 dici
2359 3500 2452 3535 aut
2461 3488 2597 3556 fingi

1569 3574 1737 3625 potest
1751 3569 1779 3609 :²
1804 3559 1872 3611 G.

1645 3668 1714 3677 —
1739 3643 1900 3689 Otium
1921 3658 1996 3690 res·
2013 3644 2216 3708 optima.
2253 3646 2410 3711 Σχολῆ
2441 3646 2596 3697 niui-

1577 3738 1689 3771 στον
1712 3722 1977 3790 κτημάτων
1991 3758 2009 3785 ,
2038 3722 2174 3785 qm'es
2189 3724 2376 3787 optima
2394 3740 2552 3773 rerum
2571 3760 2588 3782 ,

1576 3794 1746 3866 inquit
1769 3798 2026 3851 Socrates.
2049 3798 2157 3849 En.

1665 3906 1734 3915 --
1769 3882 2092 3944 Prosequueus
2127 3881 2271 3928 enim.
2316 3878 2544 3931 Baunius
2574 3898 2588 3929 :

1575 3960 1900 4021 Prosequutus
1944 3974 1993 4007 es
2033 3958 2176 4024 enias.
2219 3956 2377 4009 Bene.
2429 3958 2484 4012 S.
2523 3990 2588 3999 --

1590 4037 1846 4099 Amplexus
1875 4039 2104 4086 osculum.
2131 4036 2294 4088 Mirus
2329 4036 2417 4089 hic
2446 4037 2590 4089 locus

1576 4112 1756 4165 turbas
1792 4112 1971 4178 dedit,
2011 4113 2154 4185 quod
2193 4116 2294 4169 viri
2321 4114 2462 4169 docti
2485 4136 2590 4167 am-
