2857 4690
531 346 626 416 66
1147 341 1220 408 C.
1276 338 1621 407 PLINII
1670 338 1863 406 LIB.
1917 339 2045 406 lx.

432 510 489 545 ῃ
531 470 690 538 dum
748 464 959 535 malis.
986 492 1018 527 >³
1041 464 1175 531 vix
1229 462 1338 530 ille
1399 461 1818 548 discesserat,
1868 486 2097 531 rursus
2164 460 2329 531 alter
2364 488 2379 530 ε
2420 460 2677 552 «Quid

531 576 776 649 audes?
816 601 938 646 cur
980 574 1162 643 ruis?
1198 572 1443 667 quibus
1489 572 1903 665 tepericulis
1946 572 2228 666 objicis?
2265 572 2451 661 Quid
2487 598 2675 668 prae-

527 688 828 759 sentibus
863 683 1176 769 confidis,
1207 684 1500 751 incertus
1538 680 1965 752 futurorum?
1992 685 2285 753 Lacessis
2318 684 2675 755 hominem

529 802 666 893 jam
705 796 1092 893 praefectum
1126 795 1379 875 aerarii,
1417 807 1484 861 et
1527 793 1709 861 brevi
1752 792 2146 864 consulem?
2180 777 2490 887 praeterea
2528 820 2677 889 qua

527 911 773 1005 gratia,
803 906 1047 1001 quibus
1077 904 1385 973 amicitiis
1415 902 1656 971 fultum
1674 904 1750 971 Ρ»
1778 904 2099 973 Nominat
2124 905 2513 999 quemdam,
2544 907 2675 999 qui

525 1034 690 1088 tunc
715 1015 802 1087 ad
823 1014 1173 1084 Orientem
1201 1012 1682 1107 amplissimum
1720 1014 2083 1083 exercitum
2107 1068 2125 1101 ,
2164 1038 2303 1083 non
2338 1016 2481 1083 sine
2512 1038 2675 1085 ma-

427 1160 487 1195 12
525 1130 674 1224 gnis
704 1126 1058 1219 dubiisque
1080 1122 1496 1210 rumoribus,
1515 1122 1882 1191 obtinebat.
1910 1122 2013 1193 Ad
2036 1124 2176 1193 haec
2192 1124 2675 1219 ego:t‹01nnia

522 1237 845 1333 proecepi,
893 1250 1092 1329 atque
1137 1234 1363 1303 animo
1411 1258 1675 1303 mecum
1726 1248 1881 1302 ante
1922 1237 2195 1329 peregi:
2232 1260 2358 1305 nec
2394 1260 2675 1321 recuso,

523 1351 576 1417 si
616 1350 708 1416 ita
747 1370 936 1415 casus
974 1343 1274 1413 attulerit
1297 1399 1315 1432 ,
1359 1344 1543 1413 luere
1581 1368 1813 1438 poenas
1849 1346 1937 1415 ob
1976 1346 2515 1417 honestissimum
2558 1348 2673 1417 fa-

423 1476 485 1529 13
521 1473 706 1527 ctum
726 1511 746 1543 ‚
781 1457 942 1525 dum
974 1456 1563 1550 flagitiosissimum
1596 1455 1953 1526 ulciscor.»
1972 1462 2118 1527 Jam
2144 1459 2457 1529 censendi
2484 1474 2674 1529 tem-

437 1590 446 1607 ·
519 1594 667 1664 pus.
704 1569 890 1637 Dicit
919 1568 1262 1635 Domitius
1292 1566 1733 1661 ApollinariS,
1776 1568 2007 1638 consul
2046 1570 2467 1664 designatus3
2494 1570 2677 1641 dicit

517 1680 867 1749 Fabricius
891 1679 1182 1747 Veiento
1201 1730 1220 1763 ,
1257 1677 1503 1747 Fabius
1536 1679 1917 1747 Postumius
1937 1732 1954 1761 ‚
1984 1682 2258 1749 Vectius
2294 1679 2622 1749 Proculus
2638 1734 2667 1767 ‚

518 1789 770 1885 collega
831 1788 1114 1857 Publicii
1162 1788 1387 1875 Certi,
1428 1787 1511 1855 de
1554 1813 1690 1881 quo
1746 1789 2102 1884 agebatur,
2148 1790 2377 1859 uxoris
2430 1804 2669 1859 autem

515 1924 719 1983 meae,
755 1922 956 1993 quam
989 1899 1340 1967 amiseram
1360 1950 1378 1983 ,
1409 1898 1685 1967 vitricus
1722 1924 1737 1967 t
1768 1913 1920 1993 post
1959 1900 2081 1969 hos
2118 1902 2423 1969 Ammius
2466 1900 2669 1969 Flac·

515 2036 653 2082 cus.
700 2015 956 2081 Omnes
993 2013 1311 2093 Certum,
1335 2009 1639 2077 nondum
1680 2034 1721 2077 a
1762 2032 1869 2077 me
1904 2012 2366 2099 nominatum,
2406 2026 2483 2080 ut
2518 2036 2665 2079 no-

513 2124 882 2209 minatum,
929 2119 1333 2206 defendunt,
1397 2121 1789 2213 crimenque
1838 2122 2029 2213 quasi
2090 2123 2159 2187 in
2216 2120 2434 2217 medio
2488 2120 2661 2188 reli-

417 2268 479 2323 16
513 2249 697 2303 ctum
731 2232 1117 2301 defensione
1149 2231 1548 2323 suscipiunt.
1590 2229 1761 2317 Quae
1792 2243 2111 2323 praeterea
2150 2230 2473 2321 dixerint,
2506 2254 2662 2300 non

515 2360 617 2414 est
655 2367 926 2412 necesse
975 2363 1289 2424 narrare;
1345 2338 1415 2406 in
1464 2338 1651 2407 libris
1698 2338 1923 2408 habes.
1974 2340 2137 2408 Sum
2184 2340 2364 2410 enim
2410 2356 2669 2411 cuncta

416 2471 476 2524 15
514 2457 814 2549 ipsorum
841 2451 1058 2521 verbis
1093 2465 1565 2545 persequutus
1596 2449 1855 2518 Dicunt
1884 2465 2117 2520 contra
2138 2450 2419 2521 Avidius
2438 2451 2663 2540 Quie-

515 2581 661 2653 tus,
707 2567 1052 2632 Cornutus
1085 2558 1450 2629 Tertullus.
1512 2560 1799 2648 Quietus
1836 2563 2434 2655 :dniquissimum
2470 2587 2660 2652 esse,

513 2673 815 2770 querelas
849 2671 1222 2741 dolentium
1257 2669 1561 2740 excludi:
1598 2669 1879 2764 ideoque
1906 2671 2118 2740 Arriae
2151 2686 2219 2739 et
2246 2673 2298 2740 F
2301 2671 2516 2740 anniae
2538 2671 2663 2766 jus

512 2783 836 2880 querendi
875 2807 1033 2850 non·
1065 2779 1509 2850 auferendum
1552 2806 1565 2848 ε
1606 2804 1728 2850 nec
1777 2781 2125 2868 interesse,
2160 2781 2351 2874 cujus
2394 2779 2665 2852 ordinis

509 3039 1178 3098 ProteCort.habetmeex
1189 3037 1531 3092 catanffled.
1630 3040 1953 3092 nominasset
1984 3059 1999 3092 :
2032 3059 2115 3095 res
2151 3039 2329 3094 adhuc
2366 3059 2559 3114 anceps
2602 3055 2665 3096 et

585 3141 668 3176 ιι.
693 3125 793 3174 Cur
815 3124 956 3172 ruis?
983 3117 1226 3192 Plerique
1253 3117 1406 3180 libri,
1435 3137 1533 3185 quo
1630 3110 1794 3172 du'bia
1830 3132 2033 3191 poterat
2066 3119 2269 3184 videri,
2302 3119 2472 3174 donee
2504 3120 2663 3178 edito

509 3206 649 3254 mis?
674 3199 821 3274 quod
841 3215 964 3252 cum
985 3197 1132 3251 cort.
1153 3197 1454 3268 presel-am.
1476 3197 1531 3250 S.
1630 3199 1705 3251 rei
1746 3200 1960 3253 nouiine
1996 3211 2137 3252 certo
2164 3211 2457 3262 constaret,
2498 3202 2593 3254 cni
2622 3222 2661 3256 ι

585 3299 671 3336 1².
705 3283 886 3334 Omnia
911 3279 1143 3348 proeeepi.
1177 3277 1254 3328 Ex
1280 3279 1403 3330 AEn.
1426 3277 1535 3342 vl,
1630 3277 1801 3332 Plinio
1818 3277 2159 3332 metuendum
2180 3290 2332 3330 esset.
2354 3277 2469 3331 Hoc
2494 3282 2662 3352 quid.

515 3361 635 3426 105,
677 3360 800 3424 ubi,
840 3376 1000 3431 quem
1045 3355 1116 3410 ad
1153 3353 1374 3408 modum
1403 3355 1526 3422 hic,
1630 3357 1759 3428 quid
1778 3369 2051 3429 supererat
2068 3355 2437 3420 dubitationis,
2456 3361 2661 3416 exim&

499 3443 742 3509 precepi,
771 3457 880 3491 non
897 3440 1100 3507 percepi
1119 3435 1317 3489 habeut
1341 3437 1531 3507 optimi
1628 3436 1759 3488 bant
1774 3436 1870 3499 illi,
1890 3437 1983 3507 qni
2001 3437 2215 3489 Certum
2236 3449 2293 3490 nt
2312 3439 2659 3498 nominatum

507 3519 704 3592 quique
735 3518 872 3572 libri.
891 3517 959 3572 G.
979 3519 1310 3569 -ΑεηιΙει-ἰτ.
1345 3516 1529 3569 Malim
1627 3513 1986 3568 defenderent.
2028 3513 2093 3567 Id
2128 3517 2253 3569 scite
2290 3517 2506 3585 dieitur,
2544 3527 2657 3573 οη·-

509 3619 538 3652 e
560 3599 694 3652 libro
711 3597 970 3651 vossiano
995 3600 1172 3648 tulerit.
1189 3596 1242 3652 S.
1626 3613 1733 3644 men
1766 3598 1913 3661 quasi
1944 3599 1995 3646 in
2032 3599 2193 3648 maio
2222 3600 2442 3650 relietum
2478 3603 2658 3670 desem.

583 3677 668 3730 13.
691 3679 768 3730 De
787 3679 1014 3731 Fabricio
1038 3679 1300 3726 Vez'entone
1325 3671 1434 3726 vid.
1455 3671 1527 3726 ad
1620 3675 1759 3724 sione
1769 3677 2025 3742 suscipere.
2038 3675 2119 3728 Ita
2138 3675 2230 3747 qui
2244 3679 2473 3730 rumoris
2488 3689 2655 3734 antea

507 3758 606 3825 IV,
641 3777 726 3830 ep.
770 3777 855 3810 aa.
885 3757 989 3809 En.
1026 3785 1097 3798 -·-·
1131 3755 1210 3806 De
1243 3757 1528 3821 Apollinari
1620 3751 1807 3802 incerti
1831 3770 1885 3804 se
1912 3765 2181 3808 auctorem
2210 3755 2509 3826 profitetur,
2538 3757 2657 3814 dici

505 3835 612 3891 vid.
643 3836 712 3890 ad
737 3837 794 3888 11
813 3873 828 3900 ,
857 3855 940 3906 ep.
969 3855 1022 3902 9.
1047 3834 1152 3885 En.
1620 3843 1787 3902 potest
1805 3833 2002 3886 famam
2024 3834 2077 3886 in
2098 3833 2277 3888 medio
2294 3836 2515 3906 positam
2534 3857 2653 3892 ms-

573 3947 645 3958 ·-—
665 3921 954 3982 Crimenque
961 3949 1221 3964 ........
1243 3913 1523 3980 suscipiunt.
1622 3911 1839 3980 cepisse.
1866 3915 1921 3968 S.

503 3995 799 4068 Eleganter.
821 3990 1096 4047 Secundus
1119 3991 1318 4044 crimen
1343 3989 1398 4040 in
1419 4007 1525 4043 me·
1600 4059 1603 4064 .
1698 3995 1779 4045 15.
1810 3997 2013 4044 Avidius
2036 3998 2246 4060 Quietus.
2274 3993 2423 4049 Idem
2440 4031 2455 4060 ,
2484 4010 2645 4068 puto,

505 4073 594 4127 dio
605 4073 889 4145 reliquerat
907 4109 923 4136 ,
945 4069 1090 4144 quod
1109 4089 1260 4124 reum
1283 4067 1521 4124 nondum
1619 4071 1687 4126 de
1716 4089 1823 4144 quo
1850 4091 2011 4144 supra
2032 4074 2111 4126 vt
2125 4111 2141 4139 ,
2181 4091 2245 4142 ²9
2262 4113 2279 4140 ,
2312 4093 2359 4128 1.
2400 4079 2647 4131 Comum
