2857 4690
482 331 633 420 426
984 333 1433 404 NOTITIA
1493 335 2078 408 LITERARIA

478 469 789 538 set-anda?
860 465 1267 564 respubllba‘.
1325 471 1782 538 Accesserant
1857 487 2256 564 argumento
2304 473 2624 542 Suetonii

490 576 872 675 Tranquilli
902 574 1074 643 libet·
1112 574 1200 644 de
1241 575 1454 644 clar-125
1508 577 1991 646 Grammaticis·
2031 591 2100 646 et
2145 577 2554 652 Rhetoribus
2590 607 2614 646 .-

342 699 355 710 ·
476 685 637 748 item
682 679 851 752 lala·
880 681 1325 776 obsequentis
1348 681 1825 776 Pmdigcbrum
1863 683 2032 752 liber
2045 732 2067 770 ‚
2111 697 2234 752 etc.
2259 685 2566 754 Bast'leoe
2583 739 2607 770 ,

478 785 677 880 apud
698 787 975 856 heredes
1000 787 1221 858 Andr.
1258 787 1948 880 &atandri—Hanc
1968 789 2322 858 editionem
2349 793 2614 860 curavit

480 893 580 960 Jo.
614 893 1019 980 Sichardus‚
1048 894 1255 986 quiin
1274 893 1657 988 praefatione
1683 919 1802 963 sua
1829 894 2022 964 valde
2041 898 2472 989 contemptim
2514 896 2610 966 lo·

480 1001 703 1092 quitur
727 997 809 1068 de
838 1014 1021 1069 textu
1044 995 1192 1068 Aldi
1211 1051 1231 1083 ‚
1254 1023 1538 1094 eumque
1559 1003 1650 1069 ait
1675 1000 1854 1070 haud
1875 1026 1998 1096 pro
2028 1000 2345 1096 dignitate
2365 1027 2610 1072 munus

481 1129 673 1172 suum
713 1103 1198 1176 administrasse
1232 1108 1298 1172 in
1338 1105 1442 1176 his
1487 1105 1704 1192 libris,
1751 1131 1867 1176 seu
1903 1107 2130 1200 judicii
2184 1108 2408 1202 inopia
2431 1161 2452 1192 ‚
2491 1133 2612 1178 seu

479 1211 869 1304 exemplaris
912 1213 1072 1281 vitio
1092 1262 1113 1298 ‚
1146 1237 1280 1308 quo
1328 1237 1484 1282 usus
1533 1227 1718 1282 erat:
1767 1213 1949 1308 quod
1989 1238 2146 1282 sane
2185 1227 2286 1282 est
2323 1215 2614 1307 iniquius

472 1313 812 1407 judicium.
859 1321 1189 1388 caeterum
1250 1317 1444 1386 bonae
1498 1333 1673 1388 notae
1716 1333 1814 1388 est
1873 1318 2014 1388 haec
2051 1319 2350 1390 Sicliardi
2385 1320 2610 1390 editio.

478 1420 695 1510 Quale
726 1438 943 1492 autem
984 1418 1183 1493 fuerit
1212 1426 1724 1494 vetustissimum
1767 1425 1926 1493 illud
1949 1427 2350 1519 ‚Panegyrici
2389 1451 2614 1494 exem-

482 1527 648 1622 plar,
674 1521 947 1622 quodni
971 1528 1161 1600 titulo
1183 1526 1430 1615 laudat,
1450 1528 1626 1598 haud
1659 1528 1810 1601 licet
1841 1532 2191 1624 conjicere,
2216 1555 2422 1625 quum
2448 1531 2614 1600 illud

477 1635 543 1701 in
586 1635 969 1728 praefatione
1008 1645 1126 1706 su'a
1166 1660 1301 1705 non
1337 1635 1796 1731 designaveiit.

598 1765 621 1810 1
645 1737 815 1828 545.
842 1746 1065 1812 Panis.
1104 1743 1169 1814 8.
1196 1745 1272 1812 C.
1300 1741 1490 1810 Plinii
1521 1744 1663 1812 Sec.
1689 1746 1859 1837 Epp.
1890 1757 1958 1811 et
1983 1743 2224 1838 Paneg.
2255 1745 2616 1814 Suetonius

460 1847 718 1942 .T.ranq
758 1847 842 1918 de
886 1849 1079 1920 claris
1126 1852 1423 1919 G1·.amm
1467 1863 1534 1917 et
1573 1849 1794 1918 Rhett.
1831 1847 2040 1918 Julius
2091 1850 2483 1944 Obsequens
2525 1851 2614 1918 de

334 2053 339 2060 ἡ
477 1953 816 2049 prodigiis
854 1957 1055 2025 Paris.
1092 1979 1199 2049 ap.
1235 1953 1620 2025 Colinaeuin.
1679 1954 1830 2042 (Ex
1865 1955 1966 2024 ed.
2015 1954 2244 2024 Aldina
2313 1954 2502 2027 1518
2542 1971 2613 2026 et

478 2063 793 2156 A.ntverp
837 2053 1113 2148 1532.)

594 2163 809 2253 1545.
848 2155 1291 2263 Antverpiae,
1330 2167 1398 2237 8.

594 2271 808 2370 1547.
844 2275 1203 2371 Lugduni,
1248 2274 1317 2344 8.
1376 2297 1480 2368 ap.
1536 2273 1683 2342 Seb.
1737 2273 2126 2368 Gryphium.
2183 2271 2375 2340 Plinii
2431 2276 2606 2369 Epp.

478 2405 629 2447 vum
671 2382 910 2475 Paneg.
958 2396 1098 2451 caet.
1141 2396 1218 2449 ut
1262 2382 1333 2448 in
1372 2380 1475 2449 ed.
1517 2378 1770 2449 Aldina.
1816 2378 2116 2449 Indicata
2163 2380 2352 2449 nobis
2388 2404 2426 2448 a
2465 2383 2610 2449 viro

478 2482 793 2555 illustriss.
831 2490 934 2557 Jo.
974 2486 1417 2582 Heideggero.

476 2598 479 2603 ’
594 2586 731 2663 155
749 2615 806 2660 1.
830 2592 1179 2687 Lugduni,
1208 2594 1278 2664 8.
1302 2618 1417 2689 ap.
1453 2593 1604 2664 Seb.
1641 2593 2032 2689 Gryphium.
2057 2594 2136 2661 C.
2159 2590 2345 2660 Plinii
2363 2592 2610 2661 Caecilii

477 2695 763 2766 Secundi
808 2700 1063 2769 Novoc.
1104 2700 1552 2794 Epistolarum
1602 2698 1750 2768 libri
1794 2697 2071 2784 decem,
2107 2722 2261 2767 cum
2301 2700 2609 2794 Panegy-

473 2804 643 2887 rico,
686 2817 809 2875 etc.
847 2834 954 2847 ·-·
990 2808 1252 2877 Omissa
1296 2806 1636 2891 Fabricio,
1685 2806 1986 2900 quamvis
2039 2801 2338 2873 consulta
2375 2806 2614 2873 Cottio

474 2856 690 2979 fuerit.
736 2914 971 2982 Exstat
1008 2937 1273 3008 quoque
1317 2914 1386 2981 in
1431 2902 1595 2981 Bibl.
1636 2913 1807 2980 Petr.
1844 2916 1995 2981 Ant.
2048 2912 2414 2981 Crevema.
2455 2911 2610 2979 vid.

472 3014 614 3107 ejus
658 3017 868 3087 Catal.
906 3017 1036 3088 vol.
1066 3022 1187 3107 IV,
1217 3044 1365 3114 pag.
1402 3043 1578 3115 277.

592 3148 614 3191 ι
638 3122 805 3197 552.
836 3126 1168 3213 Baszleoe,
1197 3123 1307 3194 fol.
1340 3128 1409 3197 C.
1439 3126 1654 3195 Plinii
1680 3126 1940 3195 Caecdci
1969 3122 2268 3195 Secundi
2291 3125 2612 3191 Novoco-

472 3235 721 3298 mensis
740 3226 981 3327 (quem
1010 3248 1081 3301 et
1104 3234 1449 3301 Ιιιηίονειη
1476 3225 1789 3315 ‘Boc-ant)
1819 3228 2293 3326 Epistolarum
2320 3227 2479 3297 libr-i
2493 3231 2564 3297 Χ
2583 3280 2610 3311 ,

320 3355 327 3365 ‘
470 3358 612 3404 aaa
638 3360 789 3406 cum
810 3335 1109 3428 ejusdem
1120 3343 1558 3433 panegyrica
1585 3341 1898 3406 oratione
1911 3390 1932 3423 ,
1969 3334 2276 3427 Trajano
2302 3338 2614 3429 Impera-

470 3447 607 3510 tori
626 3446 810 3539 Aug.
851 3444 1039 3513 dicta
1061 3470 1083 3512 .·
1107 3446 1365 3513 Μανία
1394 3446 1719 3515 Catanoei
1742 3444 2243 3513 commentariis
2271 3440 2618 3533 hucusque

468 3548 1029 3643 depravatissime
1066 3550 1265 3619 editis
1288 3604 1309 3635 ,
1350 3573 1532 3619 mmo
1561 3565 1789 3619 autem
1813 3553 2212 3643 ‘integritati
2235 3570 2384 3616 suoe
2410 3552 2616 3615 resci-

468 3660 631 3723 tutc‘s
649 3706 670 3741 ,
714 3658 1071 3751 explicata
1104 3672 1282 3724 sunt.
1312 3655 1642 3748 ijdem
1678 3655 1765 3725 de
1805 3660 1972 3725 vimis
2021 3660 2092 3725 in
2127 3678 2201 3721 re
2231 3656 2517 3721 militari
2543 3666 2622 3721 et

469 3762 1022 3833 adtm'tuistranda
1063 3762 1413 3857 republica
1468 3762 1838 3831 illustribus
1881 3760 2080 3843 liber,
2133 3758 2442 3833 Conracli
2477 3760 2610 3850 Ly-

466 3868 801 3937 cosclzencls·
831 3868 1383 3939 enarratcbnibus
1412 3870 1810 3939 illustratus.
1842 3869 2140 3937 Basileoe
2160 3918 2179 3949 ,
2213 3888 2347 3961 pet·
2377 3867 2616 3933 Hiem-

462 3998 731 4067 tqymmn
772 3978 841 4045 F
833 3977 1177 4047 robem'mn
1219 3992 1288 4047 et
1314 3978 1468 4047 Nic.
1499 3979 1566 4046 E
1561 3980 1961 4071 piscopz'ecm.
1987 4012 2094 4026 --·
2111 3974 2190 4041 ln
2220 3968 2612 4065 quibusdam
