2857 4690
535 370 627 441 36

533 579 802 599 mmb„
812 582 893 599 m
901 582 981 600 Ἀ·

1085 378 1189 446 C.
1241 377 1584 445 PLINII
1633 373 1825 442 LIB.
1862 374 2089 443 VIII.

1355 580 2175 603 mmm-mmmmm
2179 581 2657 603 mmmmm

1389 790 1761 879 XVIII.

531 1032 848 1090 Domitium
877 1033 1110 1092 Tullum
1141 1033 1372 1106 laudat,
1405 1034 1509 1112 qui
1538 1032 1799 1093 moribus
1830 1044 2037 1092 caetera
2064 1052 2184 1091 non
2210 1034 2677 1113 probatissimiS,

611 1142 1012 1189 testamentum
1036 1131 1248 1190 fecerat
1267 1132 1727 1191 honestissimum
1744 1176 1760 1205 ,
1788 1130 2132 1209 posthabitis
2156 1132 2581 1210 captatoribus,
2608 1146 2679 1191 et

609 1228 837 1307 scriptis
869 1229 1067 1299 unice,
1101 1248 1248 1307 quos
1278 1230 1469 1308 pietas
1488 1228 1751 1308 jubebat.
1772 1230 1943 1287 Valet
1972 1228 2095 1287 haec
2126 1230 2370 1308 epistola
2404 1231 2479 1289 ad
2515 1230 2669 1289 illua

609 1325 873 1385 strandos
898 1326 1133 1385 illorum
1160 1340 1485 1406 temporum
1514 1346 1720 1387 mores:
1752 1331 1859 1386 En.

974 1534 1030 1582 C.
1085 1534 1437 1583 PLINIUS
1487 1528 1822 1581 RUFINO

1872 1508 1901 1539 '¹²
1952 1534 2109 1581 suo
2160 1533 2216 1580 s,

627 1716 922 1785 FALsuM
952 1728 1050 1783 est
1077 1716 1431 1797 nimirum,
1458 1712 1639 1809 quod
1672 1712 1969 1782 creditur
1998 1712 2232 1809 vulgo,
2264 1728 2673 1785 testamenta

531 1824 883 1895 hominum
923 1822 1266 1918 speculum
1305 1849 1444 1893 esse
1482 1848 1781 1912 morum,
1816 1848 2023 1917 quum
2056 1824 2396 1892 Domitius
2426 1823 2672 1893 Tullus

465 1952 492 1983 ²
532 1932 729 2027 longe
769 1932 1006 2003 melior
1049 1935 1437 2028 apparuerit
1480 1946 1731 2017 morte,
1765 1957 1966 2028 quam
2005 1934 2162 2003 vita.
2202 1934 2411 2019 Nam,
2448 1960 2667 2029 quum

530 2068 599 2112 se
639 2043 1040 2138 captandum
1087 2046 1511 2139 praebuisset,
1557 2042 1827 2138 reliquit
1876 2043 2077 2112 filiam
2129 2044 2472 2131 heredem,
2512 2072 2672 2140 quae.

531 2152 625 2222 illi
666 2180 821 2225 cum
855 2154 1060 2223 fratre
1095 2156 1503 2241 communis,
1540 2155 1696 2248 quia
1732 2154 2025 2249 genitam
2057 2153 2261 2223 fra-tre
2300 2154 2669 2249 adoptave—

530 2278 657 2333 rat.
709 2268 1162 2359 Prosequutus
1209 2279 1306 2363 est
1357 2248 1633 2358 nepotes
1682 2262 1987 2359 plurimis
2030 2264 2673 2362 jucundissimisque

531 2374 799 2468 legatis3
845 2389 1292 2469 prosequutus
1335 2376 1533 2444 etiam
1571 2388 2031 2469 pronepotem.
2068 2378 2147 2445 In
2180 2401 2476 2461 summa,
2512 2401 2671 2445 om·-

528 2485 642 2554 nia
692 2487 938 2578 pietate
989 2483 1407 2578 plenissima3
1450 2509 1530 2552 ac
1580 2499 1768 2553 tanto
1819 2486 2068 2580 magis,
2102 2487 2424 2580 quoniam
2468 2487 2673 2556 inex-

463 2609 494 2661 3
531 2609 823 2688 spectata
875 2608 1051 2664 sunt.
1100 2597 1280 2689 Ergo
1337 2593 1504 2662 varii
1563 2609 1704 2664 tota
1760 2595 2028 2665 civitate
2088 2620 2423 2666 sermones

2477 2623 2493 2666 :
2544 2597 2665 2667 alii

531 2705 760 2774 fictum
787 2757 805 2790 ,
847 2706 1221 2800 ingratum,
1260 2707 1720 2776 immemorem
1764 2705 2165 2801 loquuntur,
2197 2731 2397 2803 seque
2440 2709 2667 2801 ipso8‚

531 2813 692 2884 dum
744 2816 1158 2886 insectantur
1205 2814 1432 2904 illum,
1473 2817 1871 2912 turpissimis
1919 2819 2444 2889 confessionibus
2494 2846 2667 2916 pro-

531 2925 735 3016 dunt,
773 2941 850 2996 ut
878 2915 993 3022 qui
1027 2927 1109 2995 de
1145 2941 1332 3021 patre
1355 2981 1374 3015 ,
1405 2953 1567 3013 avo,
1600 2953 1886 3023 proavo,
1922 2930 2111 3024 quasi
2146 2929 2228 2998 de
2265 2930 2469 3017 orb0,
2497 2955 2667 3024 que-

601 3130 804 3182 XVIII.
823 3129 848 3158 *
875 3131 1031 3182 Forte
1058 3134 1317 3182 Trebonius
1345 3134 1545 3202 Rufinus

549 3209 678 3263 ntel.
701 3208 766 3262 de
784 3227 892 3280 quo
911 3209 1013 3273 IV,
1033 3228 1117 3280 ep.
1145 3229 1206 3261 :n
1223 3246 1238 3270 ,
1266 3228 1311 3262 1.
1342 3211 1447 3262 En.

603 3309 652 3342 2.
682 3294 742 3340 Se
773 3291 1070 3357 captandum
1097 3292 1398 3356 proebuissec.
1442 3288 1547 3344 Ad-

531 3368 755 3422 misisset
772 3364 1084 3432 blanditias,
1113 3385 1336 3422 munera
1353 3403 1368 3433 ,
1397 3369 1546 3422 obse-

531 3447 654 3520 quia
679 3485 695 3510 ,
745 3444 1171 3518 heredipetarum
1195 3485 1210 3513 ,
1255 3448 1449 3519 quibus
1490 3447 1543 3501 in

531 3539 902 3581 testamentum
944 3525 1085 3580 illius
1123 3527 1352 3598 irrepere
1391 3547 1546 3581 cona-

529 3607 743 3660 bantur.
761 3605 1091 3678 Fecititsque
1105 3607 1384 3672 Domitius,
1399 3607 1545 3680 quod

534 3687 774 3740 Coranus
809 3685 898 3738 ille
941 3683 1083 3758 apud
1121 3687 1396 3740 Horatium
1431 3687 1541 3740 Sat.

532 3765 586 3818 11
606 3806 621 3832 ‚
653 3767 682 3820 5
700 3803 715 3831 ,
752 3765 816 3820 55
837 3803 852 3829 ‚
888 3783 994 3837 sq„
1019 3765 1164 3839 quod
1191 3785 1338 3820 senes
1368 3767 1547 3838 plures

533 3845 590 3898 in
637 3847 855 3900 Luciani
897 3845 1130 3918 Dialogis
1175 3859 1506 3898 mortuorum
1528 3883 1544 3910 ,

533 3917 716 3988 verbo,
736 3947 900 3978 corvos
923 3929 1100 3978 delusit
1117 3929 1321 3978 hiantes.
1349 3924 1416 3978 G.

602 4037 673 4047 -—
692 4012 769 4058 Ae
791 4022 931 4058 tanto
959 4009 1115 4075 magis
1118 4043 1264 4059 ......
1297 4017 1424 4056 sunt.
1452 4003 1547 4060 Hie

533 4105 629 4157 ego
658 4105 768 4140 non
799 4084 1082 4139 offendor:
1119 4103 1218 4138 nec
1247 4083 1511 4137 Gesnerus
1529 4121 1544 4149 ,

532 4166 719 4238 opinor
731 4204 747 4230 ,
759 4165 998 4220 offensus
1021 4176 1117 4218 est.
1133 4164 1349 4217 Domitii
1383 4164 1547 4235 pietas

1642 3141 1788 3184 tanto
1804 3131 1969 3203 magis
1978 3131 2221 3204 placebat
2233 3127 2472 3201 adeoque
2482 3135 2669 3204 major

1640 3207 1945 3276 videbatur,
1988 3210 2239 3281 quoniam
2282 3221 2663 3266 testamentum

1640 3299 1746 3342 tam
1773 3291 1921 3364 pium
1948 3307 2105 3341 nemo
2130 3298 2521 3358 exspectaverat
2545 3291 2605 3346 S.

1712 3367 1763 3422 3.
1804 3375 1865 3420 Ue
1894 3371 1980 3437 qui
2010 3371 2072 3418 de
2094 3382 2258 3435 patre.
2288 3367 2525 3439 Speciem
2564 3371 2665 3427 ha-

1638 3449 1871 3501 buissent
1894 3445 2118 3519 querela
2143 3445 2446 3500 delusorum
2472 3465 2664 3522 capta-

1641 3540 1813 3580 torum
1834 3568 1849 3594 ,
1892 3527 1937 3581 si
1973 3530 2117 3578 orbus
2152 3524 2461 3582 decessisset
2478 3569 2495 3596 ,
2542 3530 2661 3586 siue

1638 3607 1815 3660 liberis
1833 3649 1849 3676 ‚
1876 3605 1987 3660 sine
2012 3607 2234 3679 pignore
2251 3646 2268 3673 ,
2300 3608 2489 3662 Tullus
2526 3627 2539 3662 ι
2580 3611 2661 3666 sic

1640 3687 1779 3739 enim
1802 3705 2010 3760 aequum
2032 3699 2145 3740 erat
2161 3726 2177 3751 ,
2212 3707 2334 3743 eum
2358 3687 2553 3760 gratias
2578 3692 2663 3744 ul-

1640 3764 1769 3817 timo
1786 3763 1991 3838 judicio
2009 3765 2205 3819 referre
2223 3767 2356 3821 bene
2381 3765 2449 3820 de
2472 3787 2526 3821 se
2550 3788 2662 3822 me-

1640 3844 1752 3898 ritis
1782 3843 1915 3897 aliis.
1948 3844 2051 3899 Sed
2085 3845 2231 3918 quod
2257 3858 2553 3918 queruntur
2586 3849 2663 3903 de

1632 3939 1781 3992 patre
1819 3924 1969 3990 filias,
2012 3945 2103 3977 avo
2142 3938 2430 3999 nepotum,
2460 3947 2656 3996 proavo

1640 4005 1939 4076 pronepotis
1957 4043 1971 4070 ,
2001 4004 2094 4078 qui
2125 4008 2159 4074 s
2192 4027 2217 4059 ει
2256 4009 2660 4061 commemorati

1642 4097 1794 4149 suut,
1820 4083 1875 4138 in
1908 4103 1972 4140 eo
1990 4084 2222 4158 produnt
2245 4104 2332 4149 se,
2360 4096 2461 4139 etc.
2487 4086 2658 4140 Nimi-

1639 4185 1759 4220 rum
1780 4167 2072 4240 recepimus
2100 4165 2209 4220 sine
2230 4165 2341 4220 ulla
2366 4166 2659 4220 mutatione
