2857 4690
762 375 1301 448 PANEGYR.

1357 378 1580 448 CAP.
1635 341 1922 448 xL11.'
2252 373 2382 451 301

238 527 449 599 quum
503 516 645 572 tam
693 499 909 592 multa
952 499 1297 597 largiaris,
1335 514 1403 570 et
1455 498 1626 570 nihil
1669 501 1969 592 auferaS,
2003 503 2234 574 omnia
2276 529 2394 575 su-

238 613 555 709 persint?
610 613 982 708 Nunquam
1043 611 1466 709 principibus
1531 611 1923 699 defuerunt,
1992 614 2110 709 qui
2146 613 2394 688 'fronte
2432 616 2465 675 3

241 725 429 821 gravi
484 739 555 794 et
606 723 785 794 tristi
839 714 1203 820 supercilio
1250 721 1656 794 utilitatibus
1711 722 1858 794 fisci
1905 725 2398 796 contumaciter

240 835 589 923 adessent3
624 848 694 904 et
729 848 925 904 erant
961 835 1303 930 principes
1353 825 1486 929 ipsi
1523 857 1646 904 sua
1688 847 1930 929 sponte
1967 831 2149 903 avidi
2182 847 2253 904 et
2291 859 2396 906 ra-

244 969 469 1042 paces,
496 960 567 1014 et
592 946 711 1040 qui
744 946 1083 1041 magistris
1118 970 1260 1016 non
1287 940 1604 1040 egerent:
1642 943 1838 1041 plura
1873 960 2097 1016 tamen
2133 967 2399 1042 semper

244 1080 281 1125 a
328 1055 531 1126 nobis
571 1071 811 1126 contra
854 1079 980 1125 nos
1024 1053 1425 1126 didicerunt.
1456 1054 1591 1126 Sed
1624 1055 1712 1126 ad
1752 1069 1902 1126 tuas
1950 1082 2149 1128 aures
2181 1083 2397 1154 quum

244 1167 501 1238 eaeteris
556 1167 872 1238 omnibus
890 1221 911 1255 ,
946 1181 1093 1238 tum
1122 1164 1253 1242 .vel
1298 1167 1588 1236 maxime
1641 1167 1855 1238 avaris
1899 1167 2400 1242 adulationibus

244 1281 635 1350 obstructus
679 1291 781 1349 est
816 1278 1063 1351 aditus,
1102 1277 1323 1348 Silent
1361 1302 1526 1373 ergo
1570 1293 1640 1348 et
1677 1279 2036 1374 quiescunt
2055 1329 2076 1368 ,
2113 1294 2182 1350 et
2216 1295 2396 1376 post·
2434 1303 2468 1360 4

244 1413 451 1483 quam
495 1413 638 1458 non
690 1404 825 1477 est,
876 1388 989 1460 cui
1030 1387 1427 1474 suadeatur,
1468 1390 1588 1484 qui
1629 1387 1992 1480 suadeant,
2029 1415 2170 1461 non
2213 1408 2392 1464 sunt.

246 1499 405 1589 Quo
430 1499 697 1587 evenit,
730 1514 810 1569 ut
842 1498 968 1569 ‘tibi
994 1523 1209 1594 quum
1241 1498 1612 1594 plurimum
1637 1524 1764 1596 pro
1799 1501 1968 1589 tuis,
1995 1501 2147 1596 plus
2171 1515 2398 1584 tamen

248 1631 371 1702 pro
406 1611 667 1680 nostris.
694 1610 999 1680 moribus
1032 1609 1416 1680 debeamus.

338 1721 559 1790 XLII.
594 1719 1138 1816 Locupletabant
1184 1735 1255 1790 et
1305 1720 1546 1792 fiscum
1590 1734 1662 1789 et
1701 1723 2014 1792 aerarium
2067 1747 2208 1794 non
2255 1739 2398 1796 tam

250 1831 572 1902 Voconiae
625 1845 696 1901 et
734 1835 774 1904 J
778 1829 930 1902 uliae
988 1829 1167 1928 leges
1198 1883 1219 1918 ‚
1258 1855 1467 1926 quam
1522 1831 1890 1926 majestatis
1940 1833 2280 1928 singulare
2331 1851 2402 1906 et

249 1941 527 2012 unicum
590 1944 849 2013 crimen
919 1967 1156 2013 eorum
1188 1996 1209 2030 ‚
1268 1942 1387 2036 qui
1445 1941 1728 2012 crimine
1790 1960 2126 2015 vacarent.
2175 1947 2400 2042 Hujus

254 2067 327 2121 tu
394 2068 653 2124 metum
706 2055 981 2151 penitus
1038 2051 1405 2142 sustulisti,
1460 2067 1816 2124 contentus
1884 2056 2354 2152 magnitudine
2375 2115 2396 2150 ,

248 2188 381 2259 qua
436 2163 607 2235 nulli
657 2166 873 2262 magis
920 2179 1322 2250 caruerunt,
1375 2187 1582 2260 quam
1632 2166 1750 2261 qui
1803 2166 1934 2236 sibi
1979 2167 2399 2264 majestatem

248 2273 699 2345 vindicabant.
728 2274 1016 2347 Reddita
1037 2290 1138 2347 est
1170 2275 1401 2347 amicis
1442 2274 1644 2365 fides,
1675 2273 1903 2348 liberis
1931 2278 2178 2375 pietas,
2203 2279 2396 2351 obse·

316 2452 371 2505 3.
392 2456 443 2503 A
462 2454 627 2505 nobis.
648 2466 663 2503 .’
683 2484 697 2502 .
720 2488 733 2503 .
752 2454 1048 2506 didicertme.
1070 2450 1281 2506 Nostris

246 2528 643 2585 adulationihus
662 2529 734 2584 ad
746 2530 1025 2586 avaritiam
1045 2530 1283 2603 corrupti

247 2607 391 2664 sunt}
420 2610 561 2666 Hinc
590 2610 711 2666 illas
742 2630 865 2665 mox
904 2632 1084 2665 avaras
1115 2610 1282 2677 dicit,

248 2690 350 2744 hoc
376 2703 457 2745 est
478 2730 495 2757 ,
521 2711 643 2764 quae
668 2710 858 2747 avaros
882 2690 1119 2747 reddunt
1147 2710 1280 2757 eos,

246 2770 441 2843 quibus
460 2770 769 2826 adulamur.
787 2772 853 2827 Ε.

316 2859 372 2916 4.
397 2856 497 2903 Pro
522 2854 701 2904 nostris
726 2854 959 2905 moribus.
980 2850 1104 2904 Tibi
1128 2850 1287 2906 debe·

248 2948 365 2984 mus
384 2930 485 2983 hos
498 2942 707 2985 nostros
726 2950 902 2999 mores
922 2949 940 2985 :
958 2950 1084 2997 nam
1098 2942 1157 2989 ιιι
1176 2933 1282 2986 tuis

248 3010 487 3065 moribus
498 3004 705 3065 nostros
718 3012 992 3066 correxisti
1003 3024 1056 3066 et
1068 3009 1282 3066 finxisti.

248 3088 333 3143 Cf.
354 3090 493 3163 Cap.
517 3098 587 3157 44
612 3102 666 3145 et
690 3092 777 3157 45.
804 3090 871 3146 Ε.

316 3170 488 3223 XLII.
510 3186 563 3225 ι.
588 3175 893 3226 Voconia.-
918 3172 985 3226 C.
1006 3171 1285 3225 Voconius

248 3250 462 3317 sanxit,
490 3266 561 3303 ne
595 3250 717 3323 quis
744 3250 1001 3306 heredem
1025 3250 1285 3323 virginem

250 3350 385 3385 neve
402 3328 685 3384 mulierem
704 3332 956 3413 faceret„
972 3330 1102 3386 Cic.
1120 3330 1282 3384 Verr.

250 3412 313 3473 1,
352 3418 443 3477 4²·
480 3410 585 3467 Sed
612 3412 917 3467 universam
950 3412 1113 3485 hujus
1154 3410 1287 3493 legis

248 3492 515 3545 rationem
552 3488 843 3547 declaravit
872 3491 1175 3547 Perizonius
1202 3510 1286 3545 se-

250 3570 429 3625 cunda
443 3570 912 3636 dissertationum,
936 3573 991 3625 in
1005 3568 1205 3625 Triade
1218 3570 1290 3625 ab

252 3648 405 3723 ipso,
444 3662 563 3704 tum
590 3652 749 3705 etiam
782 3654 853 3706 ab
886 3650 965 3707 ill.
998 3651 1287 3707 Henneecio

128 3754 141 3781 t
253 3730 413 3785 edita.
424 3720 749 3785 G.—Ju1i.oe
761 3729 1287 3803 Prosertimintelligi

254 3828 413 3875 eam,
456 3828 621 3882 qnam
657 3809 914 3885 augenda
946 3811 1123 3884 Papia
1153 3812 1290 3885 Pop-

254 3906 376 3962 paeae
406 3890 532 3943 tulit
552 3891 824 3965 Augustus
845 3930 862 3957 ,
895 3894 958 3942 de
992 3895 1289 3944 maritandis

255 3972 539 4035 ordinibus,
569 3989 636 4024 ex
674 3970 851 4025 verbis
880 3970 1011 4025 Tac.
1054 3972 1122 4024 A.
1162 3972 1245 4025 111
1270 4010 1287 4036 ‚

260 4050 325 4104 25
348 4090 365 4117 ,
397 4050 647 4105 observat
678 4051 897 4123 Lipsius
920 4089 937 4116 ,
985 4076 1009 4099 ι
1045 4050 1289 4106 Relatum

260 4124 453 4183 deinde
488 4128 559 4183 de
598 4129 929 4185 moderanda
962 4130 1127 4203 Papia
1158 4132 1293 4205 Pop-

262 4226 369 4279 μοι
386 4246 405 4275 ,
444 4226 611 4283 quam
654 4210 833 4264 senior
872 4210 1139 4283 Augustus
1172 4224 1293 4285 post

1366 2450 1540 2506 Julias
1583 2452 1890 2525 rogationes
1935 2454 2221 2511 incitandis
2262 2456 2402 2511 coeli·

1365 2532 1499 2585 bum
1538 2532 1752 2605 poenis,
1789 2546 1843 2588 et
1882 2536 2131 2610 augendo
2167 2538 2398 2605 mario,

1368 2623 1630 2667 sanxerat.
1640 2614 1947 2680 »Quantum
1965 2615 2034 2670 de
2047 2617 2186 2671 hac
2166 2619 2404 2690 jurisve·

1368 2692 1494 2745 teris
1515 2692 1778 2765 particula
1799 2696 2019 2751 meritus
2040 2716 2211 2771 nuper
2235 2698 2303 2752 sit
2317 2698 2398 2753 ill.

1368 2770 1725 2838 Heineccius,
1754 2794 1916 2829 nemo
1961 2776 2186 2849 ignorat.
2220 2778 2292 2834 G.
2329 2810 2402 2821 -

1367 2850 1628 2925 Gierigius
1649 2864 1826 2909 tamen
1845 2856 2048 2908 mavult
2068 2858 2290 2930 intelligi
2307 2857 2404 2911 vi-

1368 2932 1740 3001 cesimas-iam,
1765 2952 1810 2987 s.
1835 2931 1904 2986 de
1927 2934 2176 2989 vicesima
2195 2936 2403 2991 heredi-

1367 3020 1586 3076 tatum,
1631 3028 1796 3085 quam
1827 3014 2002 3067 Nerva
2047 3026 2100 3067 et
2135 3015 2403 3089 Traianus

1368 3102 1753 3163 temperarunt.
1777 3092 1838 3145 Ε.
1857 3097 2244 3163 -ΜαῘοεταείι,
2269 3094 2400 3149 vid.

1370 3168 1444 3222 ad
1463 3170 1573 3235 xl,
1600 3188 1650 3223 1.
1674 3170 1838 3224 Plena
1857 3171 2005 3245 apud
2023 3173 2334 3263 Suetonium
2347 3185 2403 3228 et

1370 3246 1621 3304 Tacitum
1639 3246 1839 3305 omnia.
1866 3249 1938 3305 G.

1443 3334 1924 3400 —Magnitudincu
1944 3333 2294 3400 ,majestatem
2307 3334 2404 3387 Re-

1372 3409 1529 3484 spicit
1541 3448 1558 3475 ,
1569 3410 1783 3482 opinor,
1798 3408 1870 3463 ad
1881 3420 2098 3482 etymon
2107 3414 2402 3481 majestatem

1373 3510 1493 3564 quae
1535 3494 1710 3564 majus
1745 3488 1878 3562 quid
1915 3489 2042 3545 dam
2087 3493 2360 3545 communi
2384 3530 2402 3559 ,

1373 3588 1491 3642 qua
1508 3568 1566 3623 in
1589 3568 1833 3623 homines
1851 3564 2016 3635 cadit,
2037 3570 2403 3642 magnitudine

1373 3660 1564 3704 notare
1585 3648 1813 3703 videtur.
1831 3648 1903 3702 G.

1449 3751 1502 3785 2.
1529 3732 1766 3781 Reddita.
1787 3766 1801 3780 .
1824 3767 1837 3781 .
1859 3731 2222 3803 .amicisfides,
2241 3734 2404 3787 liberis

1366 3812 1698 3881 piceas.,Ante
1705 3808 1852 3863 enim
1862 3808 2267 3865 solicitabantm·
2277 3814 2406 3867 ami-

1376 3890 1427 3944 ci
1450 3932 1465 3959 ,
1485 3888 1639 3944 liberi
1657 3928 1674 3955 ,
1699 3884 1876 3955 servi,
1894 3890 2156 3962 praemiis‚
2179 3892 2406 3966 qunde-

1376 3970 1634 4026 latoribus
1651 3968 2024 4045 iudicibusque
2041 3974 2310 4045 proposita
2329 3994 2407 4029 es-

1379 4064 1496 4106 sent
1511 4089 1529 4119 ,
1557 4064 1616 4105 ut
1641 4049 2053 4125 religiosissimas
2074 4055 2408 4111 necessitates

1380 4132 1670 4204 aspernati,
1685 4132 1970 4205 proderent
1987 4134 2210 4189 liberam
2220 4152 2410 4191 vocem

1381 4211 1571 4278 amici,
1593 4213 1759 4287 patris
1782 4252 1800 4279 ,
1828 4212 2032 4269 domini
2057 4254 2074 4280 ,
2093 4227 2192 4268 etc.
2219 4214 2292 4268 G.
