<?xml version="1.0" encoding="UTF-8"?>
<!DOCTYPE html PUBLIC "-//W3C//DTD XHTML 1.0 Transitional//EN"
    "http://www.w3.org/TR/xhtml1/DTD/xhtml1-transitional.dtd">
<html xmlns="http://www.w3.org/1999/xhtml" xml:lang="en" lang="en">
 <head>
  <title>
</title>
<meta http-equiv="Content-Type" content="text/html;charset=utf-8" />
  <meta name='ocr-system' content='tesseract 3.04.00' />
  <meta name='ocr-capabilities' content='ocr_page ocr_carea ocr_par ocr_line ocrx_word'/>
</head>
<body>
  <div class='ocr_page' id='page_1' title='image "./cpliniisecundie00schgoog_0044.png"; bbox 0 0 2857 4690; ppageno 0'>
   <div class='ocr_carea' id='block_1_1' title="bbox 810 367 2298 471">
    <p class='ocr_par' dir='ltr' id='par_1_1' title="bbox 810 367 2298 471">
     <span class='ocr_line' id='line_1_1' title="bbox 810 367 2298 471; baseline 0.004 -25"><span class='ocrx_word' id='word_1_1' title='bbox 810 367 1337 448; x_wconf 82' lang='lat' dir='ltr'><strong>EPISTOL&#39;A</strong></span> <span class='ocrx_word' id='word_1_2' title='bbox 1385 381 1644 471; x_wconf 79' lang='lat' dir='ltr'><strong>xvu.</strong></span> <span class='ocrx_word' id='word_1_3' title='bbox 2141 403 2154 412; x_wconf 82' lang='grc'><em>·</em></span> <span class='ocrx_word' id='word_1_4' title='bbox 2207 378 2298 452; x_wconf 87' lang='lat'><strong>35</strong></span> 
     </span>
    </p>
   </div>
   <div class='ocr_carea' id='block_1_2' title="bbox 186 497 2370 1590">
    <p class='ocr_par' dir='ltr' id='par_1_2' title="bbox 186 497 2370 1590">
     <span class='ocr_line' id='line_1_2' title="bbox 200 497 2300 598; baseline 0.001 -28"><span class='ocrx_word' id='word_1_5' title='bbox 200 499 503 585; x_wconf 71' lang='lat' dir='ltr'><strong>assidam,</strong></span> <span class='ocrx_word' id='word_1_6' title='bbox 542 514 611 569; x_wconf 89' lang='lat' dir='ltr'><strong>et</strong></span> <span class='ocrx_word' id='word_1_7' title='bbox 660 497 899 594; x_wconf 84' lang='lat' dir='ltr'><strong>dejecti</strong></span> <span class='ocrx_word' id='word_1_8' title='bbox 951 501 1244 570; x_wconf 92' lang='lat' dir='ltr'><strong>nubibus</strong></span> <span class='ocrx_word' id='word_1_9' title='bbox 1296 502 1598 572; x_wconf 85' lang='lat' dir='ltr'><strong>turbines</strong></span> <span class='ocrx_word' id='word_1_10' title='bbox 1653 527 1669 570; x_wconf 74' lang='grc' dir='ltr'><strong><em>τ</em></strong></span> <span class='ocrx_word' id='word_1_11' title='bbox 1725 517 2002 596; x_wconf 88' lang='lat' dir='ltr'><strong>proruta</strong></span> <span class='ocrx_word' id='word_1_12' title='bbox 2063 528 2300 598; x_wconf 84' lang='lat' dir='ltr'><strong>opera,</strong></span> 
     </span>
     <span class='ocr_line' id='line_1_3' title="bbox 196 609 2300 707; baseline 0.002 -29"><span class='ocrx_word' id='word_1_13' title='bbox 196 609 415 704; x_wconf 87' lang='lat' dir='ltr'><strong>quibus</strong></span> <span class='ocrx_word' id='word_1_14' title='bbox 460 611 754 704; x_wconf 85' lang='lat' dir='ltr'><strong>pretiosa</strong></span> <span class='ocrx_word' id='word_1_15' title='bbox 804 631 963 680; x_wconf 80' lang='lat' dir='ltr'><strong>rura</strong></span> <span class='ocrx_word' id='word_1_16' title='bbox 1013 611 1380 705; x_wconf 84' lang='lat' dir='ltr'><strong>cinguntur</strong></span> <span class='ocrx_word' id='word_1_17' title='bbox 1418 637 1434 678; x_wconf 77' lang='grc' dir='ltr'><strong><em>ε</em></strong></span> <span class='ocrx_word' id='word_1_18' title='bbox 1489 627 1798 706; x_wconf 85' lang='lat' dir='ltr'><strong>quassata</strong></span> <span class='ocrx_word' id='word_1_19' title='bbox 1849 628 2050 707; x_wconf 85' lang='lat' dir='ltr'><strong>atque</strong></span> <span class='ocrx_word' id='word_1_20' title='bbox 2099 617 2300 682; x_wconf 87' lang='lat' dir='ltr'><strong>etiam</strong></span> 
     </span>
     <span class='ocr_line' id='line_1_4' title="bbox 196 721 2302 817; baseline 0.002 -29"><span class='ocrx_word' id='word_1_21' title='bbox 196 721 443 792; x_wconf 83' lang='lat' dir='ltr'><strong>decussa</strong></span> <span class='ocrx_word' id='word_1_22' title='bbox 488 723 928 790; x_wconf 83' lang='lat' dir='ltr'><strong>monimenta.</strong></span> <span class='ocrx_word' id='word_1_23' title='bbox 988 722 1189 791; x_wconf 88' lang='lat' dir='ltr'><strong>Multi</strong></span> <span class='ocrx_word' id='word_1_24' title='bbox 1242 724 1568 817; x_wconf 88' lang='lat' dir='ltr'><strong>ejusmodi</strong></span> <span class='ocrx_word' id='word_1_25' title='bbox 1620 726 1880 794; x_wconf 85' lang='lat' dir='ltr'>casibus</span> <span class='ocrx_word' id='word_1_26' title='bbox 1914 722 2302 810; x_wconf 72' lang='lat' dir='ltr'><strong>debilitati,</strong></span> 
     </span>
     <span class='ocr_line' id='line_1_5' title="bbox 194 831 2370 930; baseline 0.002 -32"><span class='ocrx_word' id='word_1_27' title='bbox 194 831 430 918; x_wconf 87' lang='lat' dir='ltr'><strong>obruti,</strong></span> <span class='ocrx_word' id='word_1_28' title='bbox 459 831 732 919; x_wconf 87' lang='lat' dir='ltr'><strong>obtriti,</strong></span> <span class='ocrx_word' id='word_1_29' title='bbox 768 845 837 900; x_wconf 91' lang='lat' dir='ltr'><strong>et</strong></span> <span class='ocrx_word' id='word_1_30' title='bbox 880 846 1075 901; x_wconf 85' lang='lat' dir='ltr'><strong>aucta</strong></span> <span class='ocrx_word' id='word_1_31' title='bbox 1119 831 1407 905; x_wconf 86' lang='lat' dir='ltr'><strong>luctibus</strong></span> <span class='ocrx_word' id='word_1_32' title='bbox 1449 833 1712 903; x_wconf 84' lang='lat' dir='ltr'><strong>damna.</strong></span> <span class='ocrx_word' id='word_1_33' title='bbox 1754 837 1858 904; x_wconf 91' lang='lat' dir='ltr'><strong>Ne</strong></span> <span class='ocrx_word' id='word_1_34' title='bbox 1893 835 2056 930; x_wconf 83' lang='lat' dir='ltr'><strong>quid</strong></span> <span class='ocrx_word' id='word_1_35' title='bbox 2090 835 2302 904; x_wconf 89' lang='lat' dir='ltr'><strong>simile</strong></span> <span class='ocrx_word' id='word_1_36' title='bbox 2337 843 2370 891; x_wconf 85' lang='lat'><strong>6</strong></span> 
     </span>
     <span class='ocr_line' id='line_1_6' title="bbox 192 942 2302 1040; baseline 0.002 -32"><span class='ocrx_word' id='word_1_37' title='bbox 192 942 357 1028; x_wconf 83' lang='lat' dir='ltr'><strong>istic,</strong></span> <span class='ocrx_word' id='word_1_38' title='bbox 389 967 513 1036; x_wconf 88' lang='lat' dir='ltr'><strong>pro</strong></span> <span class='ocrx_word' id='word_1_39' title='bbox 549 965 863 1012; x_wconf 85' lang='lat' dir='ltr'><strong>mensura</strong></span> <span class='ocrx_word' id='word_1_40' title='bbox 901 942 1213 1037; x_wconf 85' lang='lat' dir='ltr'><strong>periculi,</strong></span> <span class='ocrx_word' id='word_1_41' title='bbox 1247 968 1481 1012; x_wconf 87' lang='lat' dir='ltr'><strong>vereor</strong></span> <span class='ocrx_word' id='word_1_42' title='bbox 1511 970 1528 1012; x_wconf 88' lang='lat'>:</span> <span class='ocrx_word' id='word_1_43' title='bbox 1565 959 1765 1040; x_wconf 91' lang='lat' dir='ltr'><strong>teque</strong></span> <span class='ocrx_word' id='word_1_44' title='bbox 1802 970 2001 1040; x_wconf 84' lang='lat' dir='ltr'><strong>rog0‚</strong></span> <span class='ocrx_word' id='word_1_45' title='bbox 2038 947 2092 1013; x_wconf 91' lang='lat' dir='ltr'><strong>si</strong></span> <span class='ocrx_word' id='word_1_46' title='bbox 2134 944 2302 1014; x_wconf 88' lang='lat' dir='ltr'><strong>nihil</strong></span> 
     </span>
     <span class='ocr_line' id='line_1_7' title="bbox 192 1049 2300 1145; baseline 0.003 -27"><span class='ocrx_word' id='word_1_47' title='bbox 192 1049 309 1118; x_wconf 79' lang='lat' dir='ltr'><strong>tale</strong></span> <span class='ocrx_word' id='word_1_48' title='bbox 328 1065 453 1139; x_wconf 65' lang='lat' dir='ltr'><strong>est,</strong></span> <span class='ocrx_word' id='word_1_49' title='bbox 480 1075 685 1145; x_wconf 82' lang='lat' dir='ltr'><strong>quam</strong></span> <span class='ocrx_word' id='word_1_50' title='bbox 708 1052 1155 1121; x_wconf 84' lang='lat' dir='ltr'><strong>maturissime</strong></span> <span class='ocrx_word' id='word_1_51' title='bbox 1182 1052 1586 1123; x_wconf 87' lang='lat' dir='ltr'><strong>solicitudini</strong></span> <span class='ocrx_word' id='word_1_52' title='bbox 1615 1079 1776 1124; x_wconf 82' lang='lat' dir='ltr'><strong>meae</strong></span> <span class='ocrx_word' id='word_1_53' title='bbox 1808 1054 2112 1124; x_wconf 86' lang='lat' dir='ltr'><strong>consulas</strong></span> <span class='ocrx_word' id='word_1_54' title='bbox 2141 1081 2157 1124; x_wconf 78' lang='lat' dir='ltr'><strong>t</strong></span> <span class='ocrx_word' id='word_1_55' title='bbox 2187 1056 2300 1125; x_wconf 88' lang='lat' dir='ltr'><strong>sed</strong></span> 
     </span>
     <span class='ocr_line' id='line_1_8' title="bbox 189 1160 2299 1260; baseline 0.004 -33"><span class='ocrx_word' id='word_1_56' title='bbox 189 1175 274 1244; x_wconf 78' lang='lat' dir='ltr'><strong>et,</strong></span> <span class='ocrx_word' id='word_1_57' title='bbox 320 1162 369 1229; x_wconf 90' lang='lat' dir='ltr'><strong>si</strong></span> <span class='ocrx_word' id='word_1_58' title='bbox 414 1160 545 1230; x_wconf 86' lang='lat' dir='ltr'><strong>tale</strong></span> <span class='ocrx_word' id='word_1_59' title='bbox 570 1215 589 1248; x_wconf 89' lang='lat'><strong>‚</strong></span> <span class='ocrx_word' id='word_1_60' title='bbox 638 1161 707 1229; x_wconf 92' lang='lat' dir='ltr'><strong>id</strong></span> <span class='ocrx_word' id='word_1_61' title='bbox 757 1186 1025 1257; x_wconf 87' lang='lat' dir='ltr'><strong>quoque</strong></span> <span class='ocrx_word' id='word_1_62' title='bbox 1073 1165 1366 1234; x_wconf 86' lang='lat' dir='ltr'><strong>nunties.</strong></span> <span class='ocrx_word' id='word_1_63' title='bbox 1408 1167 1584 1235; x_wconf 86' lang='lat' dir='ltr'><strong>Nam</strong></span> <span class='ocrx_word' id='word_1_64' title='bbox 1635 1163 1986 1260; x_wconf 85' lang='lat' dir='ltr'><strong>parvulum</strong></span> <span class='ocrx_word' id='word_1_65' title='bbox 2037 1164 2299 1253; x_wconf 84' lang='lat' dir='ltr'><strong>differt,</strong></span> 
     </span>
     <span class='ocr_line' id='line_1_9' title="bbox 186 1271 2303 1370; baseline 0.002 -31"><span class='ocrx_word' id='word_1_66' title='bbox 186 1273 436 1365; x_wconf 84' lang='lat' dir='ltr'><strong>patiaris</strong></span> <span class='ocrx_word' id='word_1_67' title='bbox 485 1271 797 1359; x_wconf 79' lang='lat' dir='ltr'><strong>adversa,</strong></span> <span class='ocrx_word' id='word_1_68' title='bbox 847 1298 934 1341; x_wconf 83' lang='lat' dir='ltr'><strong>an</strong></span> <span class='ocrx_word' id='word_1_69' title='bbox 985 1289 1359 1369; x_wconf 86' lang='lat' dir='ltr'><strong>exspectes:</strong></span> <span class='ocrx_word' id='word_1_70' title='bbox 1387 1275 1513 1344; x_wconf 89' lang='lat' dir='ltr'><strong>nisi</strong></span> <span class='ocrx_word' id='word_1_71' title='bbox 1565 1275 1745 1370; x_wconf 89' lang='lat' dir='ltr'><strong>quod</strong></span> <span class='ocrx_word' id='word_1_72' title='bbox 1796 1291 2018 1344; x_wconf 83' lang='lat' dir='ltr'><strong>tamen</strong></span> <span class='ocrx_word' id='word_1_73' title='bbox 2055 1288 2153 1344; x_wconf 90' lang='lat' dir='ltr'><strong>est</strong></span> <span class='ocrx_word' id='word_1_74' title='bbox 2186 1274 2303 1343; x_wconf 90' lang='lat' dir='ltr'><strong>do-</strong></span> 
     </span>
     <span class='ocr_line' id='line_1_10' title="bbox 188 1381 2302 1482; baseline 0.002 -32"><span class='ocrx_word' id='word_1_75' title='bbox 188 1381 347 1451; x_wconf 89' lang='lat' dir='ltr'><strong>lendi</strong></span> <span class='ocrx_word' id='word_1_76' title='bbox 368 1383 651 1471; x_wconf 65' lang='lat' dir='ltr'><strong>modus,</strong></span> <span class='ocrx_word' id='word_1_77' title='bbox 670 1408 807 1451; x_wconf 92' lang='lat' dir='ltr'><strong>non</strong></span> <span class='ocrx_word' id='word_1_78' title='bbox 831 1385 1250 1482; x_wconf 22' lang='lat' dir='ltr'><strong>estttimendi.</strong></span> <span class='ocrx_word' id='word_1_79' title='bbox 1276 1384 1522 1455; x_wconf 84' lang='lat' dir='ltr'><strong>Doleas</strong></span> <span class='ocrx_word' id='word_1_80' title='bbox 1550 1388 1756 1469; x_wconf 84' lang='lat' dir='ltr'><strong>enim,</strong></span> <span class='ocrx_word' id='word_1_81' title='bbox 1789 1400 2114 1480; x_wconf 85' lang='lat' dir='ltr'><strong>quantum</strong></span> <span class='ocrx_word' id='word_1_82' title='bbox 2137 1386 2302 1458; x_wconf 82' lang='lat' dir='ltr'><strong>scias</strong></span> 
     </span>
     <span class='ocr_line' id='line_1_11' title="bbox 186 1491 1991 1590; baseline 0.003 -32"><span class='ocrx_word' id='word_1_83' title='bbox 186 1491 515 1580; x_wconf 79' lang='lat' dir='ltr'><strong>aoeidisse3</strong></span> <span class='ocrx_word' id='word_1_84' title='bbox 551 1493 824 1581; x_wconf 86' lang='lat' dir='ltr'><strong>timeas,</strong></span> <span class='ocrx_word' id='word_1_85' title='bbox 854 1509 1183 1588; x_wconf 86' lang='lat' dir='ltr'><strong>quantum</strong></span> <span class='ocrx_word' id='word_1_86' title='bbox 1217 1498 1426 1590; x_wconf 90' lang='lat' dir='ltr'><strong>possit</strong></span> <span class='ocrx_word' id='word_1_87' title='bbox 1458 1496 1779 1567; x_wconf 88' lang='lat' dir='ltr'><strong>accidere.</strong></span> <span class='ocrx_word' id='word_1_88' title='bbox 1802 1495 1991 1565; x_wconf 86' lang='lat' dir='ltr'><strong>Vale.</strong></span> 
     </span>
    </p>
   </div>
   <div class='ocr_carea' id='block_1_3' title="bbox 172 1703 1191 2803">
    <p class='ocr_par' dir='ltr' id='par_1_3' title="bbox 172 1703 1191 2803">
     <span class='ocr_line' id='line_1_12' title="bbox 242 1703 1189 1773; baseline 0.001 -20"><span class='ocrx_word' id='word_1_89' title='bbox 242 1733 309 1742; x_wconf 93' lang='lat'><strong>—</strong></span> <span class='ocrx_word' id='word_1_90' title='bbox 330 1707 522 1770; x_wconf 81' lang='lat' dir='ltr'><strong>Opera,</strong></span> <span class='ocrx_word' id='word_1_91' title='bbox 552 1704 725 1770; x_wconf 79' lang='lat' dir='ltr'><strong>quibus</strong></span> <span class='ocrx_word' id='word_1_92' title='bbox 748 1703 988 1770; x_wconf 78' lang='lat' dir='ltr'><strong>preciosa.</strong></span> <span class='ocrx_word' id='word_1_93' title='bbox 1018 1703 1189 1773; x_wconf 80' lang='lat' dir='ltr'><strong>Agge·</strong></span> 
     </span>
     <span class='ocr_line' id='line_1_13' title="bbox 184 1780 1189 1853; baseline 0.001 -20"><span class='ocrx_word' id='word_1_94' title='bbox 184 1799 285 1846; x_wconf 69' lang='lat' dir='ltr'><strong>reo,</strong></span> <span class='ocrx_word' id='word_1_95' title='bbox 309 1780 501 1853; x_wconf 79' lang='lat' dir='ltr'><strong>quibus</strong></span> <span class='ocrx_word' id='word_1_96' title='bbox 528 1781 744 1834; x_wconf 77' lang='lat' dir='ltr'><strong>arbores</strong></span> <span class='ocrx_word' id='word_1_97' title='bbox 770 1781 1057 1852; x_wconf 64' lang='lat' dir='ltr'><strong>imposita,</strong></span> <span class='ocrx_word' id='word_1_98' title='bbox 1084 1799 1189 1834; x_wconf 84' lang='lat' dir='ltr'><strong>ma-</strong></span> 
     </span>
     <span class='ocr_line' id='line_1_14' title="bbox 182 1857 1187 1931; baseline -0.003 -18"><span class='ocrx_word' id='word_1_99' title='bbox 182 1861 336 1923; x_wconf 65' lang='lat' dir='ltr'><strong>ceria,</strong></span> <span class='ocrx_word' id='word_1_100' title='bbox 352 1877 536 1931; x_wconf 69' lang='lat' dir='ltr'><strong>sepes,</strong></span> <span class='ocrx_word' id='word_1_101' title='bbox 556 1857 625 1912; x_wconf 85' lang='lat' dir='ltr'><strong>de</strong></span> <span class='ocrx_word' id='word_1_102' title='bbox 640 1860 835 1930; x_wconf 79' lang='lat' dir='ltr'><strong>quibus</strong></span> <span class='ocrx_word' id='word_1_103' title='bbox 851 1859 1033 1911; x_wconf 81' lang='lat' dir='ltr'><strong>rustici</strong></span> <span class='ocrx_word' id='word_1_104' title='bbox 1054 1860 1187 1924; x_wconf 84' lang='lat' dir='ltr'><strong>mei,</strong></span> 
     </span>
     <span class='ocr_line' id='line_1_15' title="bbox 181 1937 1191 2010; baseline 0.002 -22"><span class='ocrx_word' id='word_1_105' title='bbox 181 1955 227 1989; x_wconf 77' lang='grc' dir='ltr'><strong>τ.</strong></span> <span class='ocrx_word' id='word_1_106' title='bbox 258 1957 304 2010; x_wconf 76' lang='lat' dir='ltr'><strong>g.</strong></span> <span class='ocrx_word' id='word_1_107' title='bbox 348 1939 525 1992; x_wconf 75' lang='lat' dir='ltr'><strong>Varro</strong></span> <span class='ocrx_word' id='word_1_108' title='bbox 564 1940 625 2002; x_wconf 92' lang='lat'><strong>1,</strong></span> <span class='ocrx_word' id='word_1_109' title='bbox 668 1947 753 2002; x_wconf 70' lang='lat'><strong>¹4-</strong></span> <span class='ocrx_word' id='word_1_110' title='bbox 793 1937 1053 1992; x_wconf 80' lang='lat' dir='ltr'><strong>Volebam</strong></span> <span class='ocrx_word' id='word_1_111' title='bbox 1094 1938 1191 1990; x_wconf 79' lang='lat' dir='ltr'><strong>ali-</strong></span> 
     </span>
     <span class='ocr_line' id='line_1_16' title="bbox 182 2017 1191 2090; baseline -0.002 -18"><span class='ocrx_word' id='word_1_112' title='bbox 182 2017 377 2088; x_wconf 68' lang='lat' dir='ltr'><strong>quando</strong></span> <span class='ocrx_word' id='word_1_113' title='bbox 408 2019 745 2090; x_wconf 73' lang='lat' dir='ltr'><strong>transpositis</strong></span> <span class='ocrx_word' id='word_1_114' title='bbox 772 2017 945 2070; x_wconf 73' lang='lat' dir='ltr'><strong>verbis</strong></span> <span class='ocrx_word' id='word_1_115' title='bbox 980 2017 1191 2071; x_wconf 74' lang='lat' dir='ltr'><strong>duobus</strong></span> 
     </span>
     <span class='ocr_line' id='line_1_17' title="bbox 172 2096 1189 2173; baseline 0.001 -24"><span class='ocrx_word' id='word_1_116' title='bbox 172 2103 377 2163; x_wconf 75' lang='lat' dir='ltr'><strong>pretiosa</strong></span> <span class='ocrx_word' id='word_1_117' title='bbox 401 2102 627 2173; x_wconf 78' lang='lat' dir='ltr'><strong>jungere</strong></span> <span class='ocrx_word' id='word_1_118' title='bbox 659 2116 783 2152; x_wconf 85' lang='lat' dir='ltr'><strong>cum</strong></span> <span class='ocrx_word' id='word_1_119' title='bbox 811 2101 1031 2165; x_wconf 79' lang='lat' dir='ltr'><strong>operibus</strong></span> <span class='ocrx_word' id='word_1_120' title='bbox 1051 2119 1070 2149; x_wconf 92' lang='lat'><strong>.·</strong></span> <span class='ocrx_word' id='word_1_121' title='bbox 1096 2096 1189 2150; x_wconf 82' lang='lat' dir='ltr'><strong>sed</strong></span> 
     </span>
     <span class='ocr_line' id='line_1_18' title="bbox 182 2176 1191 2252; baseline -0.002 -20"><span class='ocrx_word' id='word_1_122' title='bbox 182 2178 597 2252; x_wconf 67' lang='lat' dir='ltr'><strong>quopretiosiora</strong></span> <span class='ocrx_word' id='word_1_123' title='bbox 609 2190 737 2232; x_wconf 77' lang='lat' dir='ltr'><strong>sunt</strong></span> <span class='ocrx_word' id='word_1_124' title='bbox 746 2195 895 2242; x_wconf 73' lang='lat' dir='ltr'><strong>rura,</strong></span> <span class='ocrx_word' id='word_1_125' title='bbox 910 2187 1057 2230; x_wconf 75' lang='lat' dir='ltr'><strong>tanto</strong></span> <span class='ocrx_word' id='word_1_126' title='bbox 1070 2176 1191 2248; x_wconf 79' lang='lat' dir='ltr'><strong>plus</strong></span> 
     </span>
     <span class='ocr_line' id='line_1_19' title="bbox 180 2255 1190 2331; baseline 0.002 -23"><span class='ocrx_word' id='word_1_127' title='bbox 180 2255 225 2308; x_wconf 82' lang='lat' dir='ltr'><strong>in</strong></span> <span class='ocrx_word' id='word_1_128' title='bbox 251 2272 402 2330; x_wconf 67' lang='lat' dir='ltr'><strong>septa</strong></span> <span class='ocrx_word' id='word_1_129' title='bbox 433 2278 617 2313; x_wconf 83' lang='lat' dir='ltr'><strong>eorum</strong></span> <span class='ocrx_word' id='word_1_130' title='bbox 644 2255 885 2331; x_wconf 84' lang='lat' dir='ltr'><strong>impendi</strong></span> <span class='ocrx_word' id='word_1_131' title='bbox 910 2258 1190 2312; x_wconf 75' lang='lat' dir='ltr'><strong>verisimile</strong></span> 
     </span>
     <span class='ocr_line' id='line_1_20' title="bbox 178 2337 1191 2410; baseline 0.001 -21"><span class='ocrx_word' id='word_1_132' title='bbox 178 2349 259 2389; x_wconf 72' lang='lat' dir='ltr'><strong>est.</strong></span> <span class='ocrx_word' id='word_1_133' title='bbox 292 2337 360 2392; x_wconf 88' lang='lat' dir='ltr'><strong>G.</strong></span> <span class='ocrx_word' id='word_1_134' title='bbox 398 2370 467 2380; x_wconf 90' lang='lat'><strong>——</strong></span> <span class='ocrx_word' id='word_1_135' title='bbox 492 2343 823 2391; x_wconf 72' lang='lat' dir='ltr'><strong>Munimenta.</strong></span> <span class='ocrx_word' id='word_1_136' title='bbox 865 2338 986 2391; x_wconf 87' lang='lat' dir='ltr'><strong>Non</strong></span> <span class='ocrx_word' id='word_1_137' title='bbox 1022 2337 1191 2410; x_wconf 74' lang='lat' dir='ltr'><strong>sepul·</strong></span> 
     </span>
     <span class='ocr_line' id='line_1_21' title="bbox 181 2417 1189 2490; baseline -0.002 -19"><span class='ocrx_word' id='word_1_138' title='bbox 181 2434 377 2472; x_wconf 64' lang='lat' dir='ltr'><strong>uorum</strong></span> <span class='ocrx_word' id='word_1_139' title='bbox 406 2417 561 2473; x_wconf 86' lang='lat' dir='ltr'><strong>modo</strong></span> <span class='ocrx_word' id='word_1_140' title='bbox 580 2456 597 2482; x_wconf 89' lang='lat'>‚</span> <span class='ocrx_word' id='word_1_141' title='bbox 636 2418 733 2473; x_wconf 78' lang='lat' dir='ltr'><strong>sed</strong></span> <span class='ocrx_word' id='word_1_142' title='bbox 771 2417 875 2476; x_wconf 75' lang='lat' dir='ltr'><strong>alia</strong></span> <span class='ocrx_word' id='word_1_143' title='bbox 905 2420 1062 2472; x_wconf 79' lang='lat' dir='ltr'><strong>etiam</strong></span> <span class='ocrx_word' id='word_1_144' title='bbox 1089 2437 1189 2490; x_wconf 87' lang='lat' dir='ltr'><strong>pu-</strong></span> 
     </span>
     <span class='ocr_line' id='line_1_22' title="bbox 176 2494 1191 2571; baseline 0.002 -23"><span class='ocrx_word' id='word_1_145' title='bbox 176 2494 295 2551; x_wconf 71' lang='lat' dir='ltr'><strong>hiim</strong></span> <span class='ocrx_word' id='word_1_146' title='bbox 325 2516 510 2571; x_wconf 73' lang='lat' dir='ltr'><strong>opera.</strong></span> <span class='ocrx_word' id='word_1_147' title='bbox 545 2498 779 2552; x_wconf 83' lang='lat' dir='ltr'><strong>Videtur</strong></span> <span class='ocrx_word' id='word_1_148' title='bbox 812 2497 1012 2552; x_wconf 75' lang='lat' dir='ltr'><strong>Plinius</strong></span> <span class='ocrx_word' id='word_1_149' title='bbox 1050 2499 1191 2569; x_wconf 80' lang='lat' dir='ltr'><strong>cogi-</strong></span> 
     </span>
     <span class='ocr_line' id='line_1_23' title="bbox 177 2577 1190 2642; baseline -0.001 -11"><span class='ocrx_word' id='word_1_150' title='bbox 177 2586 296 2631; x_wconf 69' lang='lat' dir='ltr'><strong>tuse</strong></span> <span class='ocrx_word' id='word_1_151' title='bbox 318 2578 613 2633; x_wconf 66' lang='lat' dir='ltr'><strong>secundam</strong></span> <span class='ocrx_word' id='word_1_152' title='bbox 648 2578 794 2633; x_wconf 85' lang='lat' dir='ltr'><strong>oden</strong></span> <span class='ocrx_word' id='word_1_153' title='bbox 822 2577 1027 2631; x_wconf 81' lang='lat' dir='ltr'><strong>Horatii</strong></span> <span class='ocrx_word' id='word_1_154' title='bbox 1046 2617 1063 2642; x_wconf 89' lang='lat'>,</span> <span class='ocrx_word' id='word_1_155' title='bbox 1097 2578 1190 2630; x_wconf 88' lang='lat' dir='ltr'><strong>ubi</strong></span> 
     </span>
     <span class='ocr_line' id='line_1_24' title="bbox 178 2654 1187 2729; baseline 0.001 -22"><span class='ocrx_word' id='word_1_156' title='bbox 178 2654 359 2711; x_wconf 66' lang='lat' dir='ltr'><strong>Tiberis</strong></span> <span class='ocrx_word' id='word_1_157' title='bbox 396 2659 437 2711; x_wconf 82' lang='lat' dir='ltr'><strong>it</strong></span> <span class='ocrx_word' id='word_1_158' title='bbox 478 2661 727 2729; x_wconf 76' lang='lat' dir='ltr'><strong>dejectum</strong></span> <span class='ocrx_word' id='word_1_159' title='bbox 766 2660 1069 2709; x_wconf 76' lang='lat' dir='ltr'><strong>monimenta</strong></span> <span class='ocrx_word' id='word_1_160' title='bbox 1110 2676 1187 2709; x_wconf 84' lang='lat' dir='ltr'><strong>re·</strong></span> 
     </span>
     <span class='ocr_line' id='line_1_25' title="bbox 178 2738 477 2803; baseline 0 -12"><span class='ocrx_word' id='word_1_161' title='bbox 178 2738 263 2803; x_wconf 70' lang='grc' dir='ltr'><strong>εὑ,</strong></span> <span class='ocrx_word' id='word_1_162' title='bbox 288 2749 381 2793; x_wconf 80' lang='lat' dir='ltr'><strong>etc.</strong></span> <span class='ocrx_word' id='word_1_163' title='bbox 409 2738 477 2792; x_wconf 87' lang='lat' dir='ltr'><strong>G.</strong></span> 
     </span>
    </p>
   </div>
   <div class='ocr_carea' id='block_1_4' title="bbox 1352 1701 2303 1767">
    <p class='ocr_par' dir='ltr' id='par_1_4' title="bbox 1352 1701 2303 1767">
     <span class='ocr_line' id='line_1_26' title="bbox 1352 1701 2303 1767; baseline 0.003 -14"><span class='ocrx_word' id='word_1_164' title='bbox 1352 1707 1676 1756; x_wconf 76' lang='lat' dir='ltr'><strong>-Luctibus.</strong></span> <span class='ocrx_word' id='word_1_165' title='bbox 1695 1704 1784 1756; x_wconf 87' lang='lat' dir='ltr'><strong>Ob</strong></span> <span class='ocrx_word' id='word_1_166' title='bbox 1801 1701 2128 1767; x_wconf 81' lang='lat' dir='ltr'><strong>debilitatos,</strong></span> <span class='ocrx_word' id='word_1_167' title='bbox 2145 1703 2303 1756; x_wconf 84' lang='lat' dir='ltr'><strong>obru-</strong></span> 
     </span>
    </p>
   </div>
   <div class='ocr_carea' id='block_1_5' title="bbox 1283 1783 2301 1931">
    <p class='ocr_par' dir='ltr' id='par_1_5' title="bbox 1283 1783 2280 1931">
     <span class='ocr_line' id='line_1_27' title="bbox 1283 1783 1742 1847; baseline 0.002 -12"><span class='ocrx_word' id='word_1_168' title='bbox 1283 1794 1396 1847; x_wconf 81' lang='lat' dir='ltr'><strong>tos,</strong></span> <span class='ocrx_word' id='word_1_169' title='bbox 1418 1783 1656 1835; x_wconf 80' lang='lat' dir='ltr'><strong>obtritos.</strong></span> <span class='ocrx_word' id='word_1_170' title='bbox 1686 1783 1742 1836; x_wconf 92' lang='lat' dir='ltr'><strong>S.</strong></span> 
     </span>
     <span class='ocr_line' id='line_1_28' title="bbox 1357 1859 2301 1931; baseline 0.001 -19"><span class='ocrx_word' id='word_1_171' title='bbox 1357 1863 1409 1912; x_wconf 91' lang='lat'><strong>6.</strong></span> <span class='ocrx_word' id='word_1_172' title='bbox 1427 1868 1525 1912; x_wconf 87' lang='lat' dir='ltr'><strong>Pro</strong></span> <span class='ocrx_word' id='word_1_173' title='bbox 1547 1880 1885 1928; x_wconf 73' lang='lat' dir='ltr'><strong>mensur-apen</strong></span> <span class='ocrx_word' id='word_1_174' title='bbox 1870 1865 1999 1912; x_wconf 64' lang='lat' dir='ltr'><strong>iLcuI</strong></span> <span class='ocrx_word' id='word_1_175' title='bbox 2026 1859 2301 1931; x_wconf 77' lang='lat' dir='ltr'><strong>Intelligit‚</strong></span> 
     </span>
    </p>
   </div>
   <div class='ocr_carea' id='block_1_6' title="bbox 1284 1939 2310 2809">
    <p class='ocr_par' dir='ltr' id='par_1_6' title="bbox 1284 1939 2310 2809">
     <span class='ocr_line' id='line_1_29' title="bbox 1285 1939 2303 2012; baseline 0 -20"><span class='ocrx_word' id='word_1_176' title='bbox 1285 1954 1413 2011; x_wconf 88' lang='lat' dir='ltr'><strong>puto</strong></span> <span class='ocrx_word' id='word_1_177' title='bbox 1433 1977 1449 2004; x_wconf 89' lang='lat'><strong>,</strong></span> <span class='ocrx_word' id='word_1_178' title='bbox 1491 1939 1787 2012; x_wconf 77' lang='lat' dir='ltr'><strong>analogiam</strong></span> <span class='ocrx_word' id='word_1_179' title='bbox 1825 1952 1878 1991; x_wconf 87' lang='lat' dir='ltr'><strong>et</strong></span> <span class='ocrx_word' id='word_1_180' title='bbox 1909 1941 2303 2011; x_wconf 76' lang='lat' dir='ltr'><strong>proportionem</strong></span> 
     </span>
     <span class='ocr_line' id='line_1_30' title="bbox 1286 2017 2304 2092; baseline 0 -20"><span class='ocrx_word' id='word_1_181' title='bbox 1286 2017 1590 2092; x_wconf 84' lang='lat' dir='ltr'><strong>quamdam.</strong></span> <span class='ocrx_word' id='word_1_182' title='bbox 1623 2019 1678 2072; x_wconf 88' lang='lat' dir='ltr'><strong>Si</strong></span> <span class='ocrx_word' id='word_1_183' title='bbox 1710 2019 1798 2072; x_wconf 80' lang='lat' dir='ltr'><strong>hic</strong></span> <span class='ocrx_word' id='word_1_184' title='bbox 1828 2019 1965 2072; x_wconf 76' lang='lat' dir='ltr'><strong>circa</strong></span> <span class='ocrx_word' id='word_1_185' title='bbox 1997 2018 2210 2071; x_wconf 83' lang='lat' dir='ltr'><strong>Anienis</strong></span> <span class='ocrx_word' id='word_1_186' title='bbox 2241 2037 2304 2072; x_wconf 75' lang='lat' dir='ltr'><strong>ac</strong></span> 
     </span>
     <span class='ocr_line' id='line_1_31' title="bbox 1284 2097 2303 2161; baseline -0.002 -10"><span class='ocrx_word' id='word_1_187' title='bbox 1284 2098 1486 2151; x_wconf 84' lang='lat' dir='ltr'><strong>Tiberis</strong></span> <span class='ocrx_word' id='word_1_188' title='bbox 1527 2097 1851 2152; x_wconf 74' lang='lat' dir='ltr'><strong>confluentes</strong></span> <span class='ocrx_word' id='word_1_189' title='bbox 1874 2135 1890 2161; x_wconf 93' lang='lat'><strong>‚</strong></span> <span class='ocrx_word' id='word_1_190' title='bbox 1938 2097 2044 2151; x_wconf 86' lang='lat' dir='ltr'><strong>hoc</strong></span> <span class='ocrx_word' id='word_1_191' title='bbox 2088 2109 2168 2151; x_wconf 81' lang='lat' dir='ltr'><strong>est</strong></span> <span class='ocrx_word' id='word_1_192' title='bbox 2187 2135 2202 2158; x_wconf 87' lang='lat'>‚</span> <span class='ocrx_word' id='word_1_193' title='bbox 2249 2097 2303 2149; x_wconf 88' lang='lat' dir='ltr'><strong>in</strong></span> 
     </span>
     <span class='ocr_line' id='line_1_32' title="bbox 1286 2169 2310 2249; baseline -0.004 -18"><span class='ocrx_word' id='word_1_194' title='bbox 1286 2179 1468 2240; x_wconf 78' lang='lat' dir='ltr'><strong>Latio,</strong></span> <span class='ocrx_word' id='word_1_195' title='bbox 1505 2189 1648 2231; x_wconf 77' lang='lat' dir='ltr'><strong>tanta</strong></span> <span class='ocrx_word' id='word_1_196' title='bbox 1674 2176 1878 2230; x_wconf 76' lang='lat' dir='ltr'><strong>diluvia</strong></span> <span class='ocrx_word' id='word_1_197' title='bbox 1895 2218 1911 2244; x_wconf 93' lang='lat'><strong>‚</strong></span> <span class='ocrx_word' id='word_1_198' title='bbox 1935 2188 2135 2249; x_wconf 71' lang='lat' dir='ltr'><strong>quanta</strong></span> <span class='ocrx_word' id='word_1_199' title='bbox 2163 2169 2310 2236; x_wconf 64' lang='lat' dir='ltr'><strong>istie-‚⁰</strong></span> 
     </span>
     <span class='ocr_line' id='line_1_33' title="bbox 1286 2256 2302 2330; baseline -0.002 -20"><span class='ocrx_word' id='word_1_200' title='bbox 1286 2259 1379 2310; x_wconf 86' lang='lat' dir='ltr'><strong>uhi</strong></span> <span class='ocrx_word' id='word_1_201' title='bbox 1414 2271 1473 2310; x_wconf 90' lang='lat' dir='ltr'><strong>tu</strong></span> <span class='ocrx_word' id='word_1_202' title='bbox 1511 2277 1598 2322; x_wconf 78' lang='lat' dir='ltr'><strong>es,</strong></span> <span class='ocrx_word' id='word_1_203' title='bbox 1640 2258 1881 2311; x_wconf 82' lang='lat' dir='ltr'><strong>Macrine</strong></span> <span class='ocrx_word' id='word_1_204' title='bbox 1899 2276 1924 2330; x_wconf 85' lang='lat'><strong>;¹</strong></span> <span class='ocrx_word' id='word_1_205' title='bbox 1959 2257 2090 2310; x_wconf 85' lang='lat' dir='ltr'><strong>locis</strong></span> <span class='ocrx_word' id='word_1_206' title='bbox 2123 2256 2302 2308; x_wconf 85' lang='lat' dir='ltr'><strong>humi·</strong></span> 
     </span>
     <span class='ocr_line' id='line_1_34' title="bbox 1285 2337 2304 2409; baseline -0.002 -19"><span class='ocrx_word' id='word_1_207' title='bbox 1285 2338 1540 2401; x_wconf 86' lang='lat' dir='ltr'><strong>lioribus,</strong></span> <span class='ocrx_word' id='word_1_208' title='bbox 1580 2337 1783 2393; x_wconf 78' lang='lat' dir='ltr'><strong>diluvio</strong></span> <span class='ocrx_word' id='word_1_209' title='bbox 1825 2337 1994 2409; x_wconf 81' lang='lat' dir='ltr'><strong>magis</strong></span> <span class='ocrx_word' id='word_1_210' title='bbox 2035 2337 2164 2391; x_wconf 71' lang='lat' dir='ltr'><strong>alias</strong></span> <span class='ocrx_word' id='word_1_211' title='bbox 2208 2337 2304 2389; x_wconf 89' lang='lat' dir='ltr'><strong>ob·</strong></span> 
     </span>
     <span class='ocr_line' id='line_1_35' title="bbox 1284 2414 2300 2487; baseline -0.006 -15"><span class='ocrx_word' id='word_1_212' title='bbox 1284 2419 1454 2472; x_wconf 78' lang='lat' dir='ltr'><strong>noxiis</strong></span> <span class='ocrx_word' id='word_1_213' title='bbox 1466 2456 1482 2482; x_wconf 92' lang='lat'>,</span> <span class='ocrx_word' id='word_1_214' title='bbox 1503 2430 1602 2473; x_wconf 83' lang='lat' dir='ltr'><strong>etc.</strong></span> <span class='ocrx_word' id='word_1_215' title='bbox 1613 2460 1628 2485; x_wconf 90' lang='lat'><strong>,</strong></span> <span class='ocrx_word' id='word_1_216' title='bbox 1653 2418 1790 2472; x_wconf 82' lang='lat' dir='ltr'><strong>forte</strong></span> <span class='ocrx_word' id='word_1_217' title='bbox 1809 2419 1866 2471; x_wconf 86' lang='lat' dir='ltr'><strong>iu</strong></span> <span class='ocrx_word' id='word_1_218' title='bbox 1884 2414 2300 2487; x_wconf 78' lang='lat' dir='ltr'><strong>Transpadanis,</strong></span> 
     </span>
     <span class='ocr_line' id='line_1_36' title="bbox 1284 2495 2304 2568; baseline -0.005 -17"><span class='ocrx_word' id='word_1_219' title='bbox 1284 2498 1352 2551; x_wconf 76' lang='lat' dir='ltr'><strong>ad</strong></span> <span class='ocrx_word' id='word_1_220' title='bbox 1379 2500 1596 2551; x_wconf 85' lang='lat' dir='ltr'><strong>Larium</strong></span> <span class='ocrx_word' id='word_1_221' title='bbox 1628 2496 1804 2551; x_wconf 81' lang='lat' dir='ltr'><strong>lacum</strong></span> <span class='ocrx_word' id='word_1_222' title='bbox 1822 2534 1840 2562; x_wconf 90' lang='lat'>,</span> <span class='ocrx_word' id='word_1_223' title='bbox 1871 2498 1962 2550; x_wconf 86' lang='lat' dir='ltr'><strong>ubi</strong></span> <span class='ocrx_word' id='word_1_224' title='bbox 1989 2496 2182 2568; x_wconf 81' lang='lat' dir='ltr'><strong>praedia</strong></span> <span class='ocrx_word' id='word_1_225' title='bbox 2210 2495 2304 2547; x_wconf 71' lang='lat' dir='ltr'><strong>ha·-</strong></span> 
     </span>
     <span class='ocr_line' id='line_1_37' title="bbox 1284 2576 2306 2632; baseline -0.006 -1"><span class='ocrx_word' id='word_1_226' title='bbox 1284 2578 1461 2632; x_wconf 70' lang='lat' dir='ltr'><strong>baisse</strong></span> <span class='ocrx_word' id='word_1_227' title='bbox 1485 2590 1724 2632; x_wconf 81' lang='lat' dir='ltr'><strong>nostrum</strong></span> <span class='ocrx_word' id='word_1_228' title='bbox 1747 2588 1968 2630; x_wconf 75' lang='lat' dir='ltr'><strong>constat.</strong></span> <span class='ocrx_word' id='word_1_229' title='bbox 1997 2576 2066 2628; x_wconf 92' lang='lat' dir='ltr'><strong>G.</strong></span> <span class='ocrx_word' id='word_1_230' title='bbox 2095 2606 2166 2616; x_wconf 91' lang='grc'>-</span> <span class='ocrx_word' id='word_1_231' title='bbox 2191 2577 2306 2626; x_wconf 75' lang='lat' dir='ltr'><strong>Nisi</strong></span> 
     </span>
     <span class='ocr_line' id='line_1_38' title="bbox 1285 2652 2303 2728; baseline -0.003 -19"><span class='ocrx_word' id='word_1_232' title='bbox 1285 2662 1422 2727; x_wconf 84' lang='lat' dir='ltr'><strong>quod</strong></span> <span class='ocrx_word' id='word_1_233' title='bbox 1457 2674 1636 2709; x_wconf 81' lang='lat' dir='ltr'><strong>tamen.</strong></span> <span class='ocrx_word' id='word_1_234' title='bbox 1673 2662 1878 2708; x_wconf 77' lang='lat' dir='ltr'><strong>Tantum</strong></span> <span class='ocrx_word' id='word_1_235' title='bbox 1913 2654 2172 2728; x_wconf 77' lang='lat' dir='ltr'><strong>quidam3</strong></span> <span class='ocrx_word' id='word_1_236' title='bbox 2209 2652 2303 2706; x_wconf 80' lang='lat' dir='ltr'><strong>sed</strong></span> 
     </span>
     <span class='ocr_line' id='line_1_39' title="bbox 1284 2736 2173 2809; baseline -0.006 -18"><span class='ocrx_word' id='word_1_237' title='bbox 1284 2750 1526 2792; x_wconf 81' lang='lat' dir='ltr'><strong>nostrum</strong></span> <span class='ocrx_word' id='word_1_238' title='bbox 1543 2737 1710 2809; x_wconf 82' lang='lat' dir='ltr'><strong>magis</strong></span> <span class='ocrx_word' id='word_1_239' title='bbox 1727 2737 2048 2791; x_wconf 77' lang='lat' dir='ltr'><strong>Plinianum.</strong></span> <span class='ocrx_word' id='word_1_240' title='bbox 2067 2736 2173 2787; x_wconf 83' lang='lat' dir='ltr'><strong>En.</strong></span> 
     </span>
    </p>
   </div>
  </div>
 </body>
</html>
