2857 4690
866 399 1397 469 EPISTOLA
1446 397 1660 466 XIV.
1700 447 1706 452 -

2231 393 2322 466 25

190 525 556 596 tentiarum
574 576 594 611 ,
647 548 799 618 quae
850 523 1185 593 exsecutio
1237 519 1572 617 prioribus
1613 519 1864 615 aliquid
1903 518 2326 608 addentium,

190 661 467 706 omnem
522 634 815 729 denique
864 632 1270 704 senatorium
1314 657 1606 720 morem,
1644 630 1828 727 quod
1868 629 2326 701 fidelissimum

190 744 629 842 praecipiendi
666 769 912 840 genus,
946 741 1263 838 exemplis
1295 741 1730 812 docebantur.
1773 744 1872 810 At·
1899 765 2022 810 nos
2048 740 2327 834 juvenes
2359 751 2394 804 7

190 856 445 925 suimus
477 854 753 950 quidem
785 856 856 923 in
878 855 1144 940 castris;
1170 852 1282 924 sed
1310 876 1520 947 quum
1547 865 1853 946 suspecta
1879 852 2123 934 virtus,
2146 851 2325 920 iner-

190 966 279 1032 tia
314 966 389 1034 in
424 967 689 1060 pretio,
718 989 928 1060 quum
954 963 1235 1034 ducibus
1259 964 1620 1032 auctoritas
1647 961 1859 1049 nulla,
1886 960 2067 1030 nulla
2093 958 2326 1030 militi-

190 1075 313 1143 bus
328 1074 744 1145 verecundia
759 1129 779 1164 ‚
798 1099 1128 1171 nusquam
1148 1075 1504 1169 imperium
1518 1097 1880 1168 ‚nusquam
1904 1069 2294 1168 obsequium
2309 1140 2334 1174 r

194 1187 418 1255 omnia
448 1184 709 1270 soluta,
744 1186 1045 1275 turbata,
1077 1201 1278 1281 atque
1314 1185 1516 1253 etiam
1551 1185 1621 1253 in
1662 1186 2072 1254 contrarium
2109 1209 2332 1270 versa,

194 1311 537 1389 postremo
566 1295 1013 1366 obliviscenda
1048 1297 1297 1391 magis,
1337 1319 1536 1388 quam
1577 1294 1888 1364 tenenda.
1925 1294 2136 1364 Iidem
2167 1318 2328 1389 pro·-
2365 1299 2396 1349 ⁸

194 1407 535 1500 speximus
601 1408 858 1476 curiam
918 1404 1250 1501 trepidam
1308 1420 1376 1474 et
1431 1404 1764 1500 elinguem
1783 1459 1803 1494 ‚
1853 1431 2062 1500 quum
2114 1406 2332 1477 dicere

194 1516 371 1609 quod
420 1509 632 1585 velles'
688 1515 1177 1610 periculosum3
1242 1515 1425 1610 quod
1472 1515 1681 1584 nolles
1701 1569 1720 1603 ,
1775 1516 2091 1584 miserum
2138 1529 2328 1585 esset.

198 1625 380 1713 Quid
417 1641 593 1695 tunc
620 1624 785 1695 disci
816 1625 1084 1721 potuit?
1114 1624 1278 1720 quid
1314 1623 1619 1694 didicisse
1647 1624 1870 1720 juvit?
1903 1651 2112 1720 quum
2142 1651 2332 1696 sena·

199 1749 303 1804 tus
326 1751 453 1805 aut
486 1735 579 1804 ad
608 1737 823 1805 otium
856 1759 1193 1804 summum
1216 1787 1236 1822 ,
1270 1750 1389 1803 aut
1423 1734 1508 1803 ad
1545 1759 1881 1804 summum
1917 1733 2102 1805 nefas
2131 1761 2329 1805 voca·

202 1859 424 1932 retur3
454 1859 527 1915 et
558 1845 763 1914 modo
791 1844 1111 1930 ludibrio,
1138 1843 1341 1912 modo
1366 1842 1583 1912 dolori
1614 1857 1910 1913 retentus
1929 1898 1946 1928 ,
1984 1869 2330 1938 nunquam

202 1958 403 2044 seria,
448 1955 675 2025 tristia
718 1979 889 2050 saepe
928 1969 1245 2024 censeret.
1289 1951 1540 2022 Eadem
1577 1953 1750 2021 mala
1783 1955 1924 2046 jam
1962 1969 2328 2041 senatore&
2365 1973 2400 2024 9

194 2064 329 2156 jam
364 2065 736 2160 participes
772 2063 1099 2133 malorum
1120 2119 1139 2152 ,
1176 2062 1421 2132 multos
1462 2088 1582 2158 per
1623 2087 1834 2131 annos
1869 2061 2193 2146 vidimus,
2229 2078 2330 2132 tu·

200 2173 533 2270 limusque
568 2201 585 2243 :
621 2175 865 2270 quibus
894 2176 1159 2270 ingenia
1190 2189 1417 2244 nostra
1455 2175 1525 2241 in
1555 2188 1894 2268 posterum
1924 2197 2191 2267 quoquc
2221 2174 2330 2242 he·
2425 2203 2428 2208 ·

198 2284 449 2371 betata,
492 2283 743 2373 fracta,
798 2300 1076 2355 contusa
1128 2299 1307 2355 sunt.
1352 2289 1562 2355 Breve
1611 2297 1878 2379 tempus
1920 2283 2104 2381 (nam
2142 2299 2330 2355 tanto
2376 2313 2438 2348 ιο

200 2394 467 2466 brevius
486 2421 689 2465 omne
701 2449 720 2483 ‚
738 2410 992 2491 quanto
1008 2395 1267 2466 felicius
1286 2396 1578 2493 tempus)
1601 2420 1737 2491 quo
1759 2397 1923 2466 libet
1945 2398 2111 2466 scire
2127 2450 2146 2483 ‚
2166 2397 2330 2493 quid

202 2505 445 2593 simus3
477 2504 647 2574 libet
670 2530 1001 2592 exercere,
1029 2505 1211 2601 quod
1239 2530 1486 2576 sumus.
1523 2508 1680 2595 Quo
1705 2508 1950 2601 justius
1978 2522 2134 2602 peto
2151 2562 2168 2593 ‚
2199 2510 2333 2603 pri-

202 2638 419 2699 mum,
456 2628 537 2683 ut
562 2616 775 2684 errori
800 2614 887 2712 (si
912 2616 1063 2710 quis
1089 2631 1191 2686 est
1215 2619 1432 2713 error)
1457 2617 1712 2685 tribuas
1739 2618 2034 2705 veniam3
2063 2618 2300 2688 deinde
2315 2672 2336 2708 ‚

205 2846 301 2879 etse
328 2832 581 2881 nisano.
612 2832 772 2895 Quum
798 2829 985 2880 censuit
1008 2830 1217 2897 aliquis,

206 2910 339 2974 quod
372 2927 439 2959 ex
470 2922 628 2975 parte
665 2908 787 2958 mihi
812 2910 1040 2974 placeat,
1068 2910 1221 2976 jubeo

204 2988 337 3037 istum
364 2988 586 3039 aristiden
612 2988 924 3047 sententiam,
958 3000 1008 3036 ec
1030 3004 1220 3053 sequor.

204 3064 463 3117 laudavit
480 3064 589 3117 hoc
614 3064 733 3117 loeo
750 3074 803 3116 et
820 3074 983 3117 totam
1000 3082 1113 3117 rem
1142 3082 1224 3116 ex-

204 3143 417 3214 plic-vit
444 3142 683 3196 Brisson.
709 3141 779 3195 de
794 3142 973 3196 Form.
996 3144 1085 3212 11,
1120 3144 1218 3213 59,

206 3240 325 3295 pag.
352 3224 449 3276 168
466 3244 483 3290 ;
502 3224 667 3275 Conr.
684 3222 841 3275 Conf.
863 3240 987 3275 mox
1004 3226 1034 3290 S
1054 3222 1217 3276 15.G.

206 3300 343 3355 Add.
362 3302 585 3356 omna-i
610 3300 681 3354 ad
704 3302 758 3354 J.
787 3303 854 3353 A.
873 3302 1081 3355 Emest.
1112 3302 1220 3373 epi-

206 3381 355 3435 noh.
384 3412 459 3421 —
484 3383 777 3433 Exsecueio.
799 3381 1001 3452 Nempe
1022 3384 1225 3448 exsequi

208 3474 281 3513 est
296 3459 545 3532 persequi
555 3457 624 3512 nd
638 3458 831 3513 finem:
853 3460 947 3531 qui
965 3458 1117 3514 addit
1132 3462 1225 3513 ali-

206 3539 334 3611 quid
354 3539 617 3611 superiori
640 3540 901 3592 sententiae
917 3577 934 3604 ,
966 3540 1113 3592 illam
1140 3557 1221 3593 se·

206 3618 383 3689 quitur
400 3618 543 3673 ultra
559 3659 575 3685 ‚
598 3636 763 3691 quam
785 3630 973 3672 auctor
988 3618 1121 3691 ipse.
1150 3619 1222 3673 G.

274 3703 693 3768 &Prospeaeimm
710 3700 914 3751 cutiam.
938 3702 1227 3751 Ankesmos

210 3796 372 3847 napo
386 3782 441 3829 in
458 3780 842 3846 cutiaefiribus,
862 3776 1009 3849 quod
1026 3776 1227 3831 dixerat

274 3938 667 3989 -Lnda‘brio....
688 3937 870 3988 dolori.
896 3936 1119 3990 Senatus
1140 3954 1224 3990 re·

216 4013 465 4069 tinebatur
484 4017 720 4074 ludibrio,
744 4032 913 4086 quum
928 4015 1225 4068 consulere·-

1316 2824 1614 2881 crudelitati
1661 2828 1744 2883 vel
1784 2828 2039 2899 superbiae
2085 2828 2336 2901 principis

1318 2905 1654 2960 serviendum
1687 2920 1848 2971 esset,
1885 2906 2230 2963 decernendis
2257 2909 2337 2962 in-

1318 2986 1624 3038 nocentium
1651 2986 1921 3059 suppliciis
1940 3028 1956 3054 ‚
1985 2988 2078 3039 ubi
2100 2991 2255 3050 seria,
2285 2999 2338 3040 et

1320 3082 1383 3117 ex
1404 3065 1564 3117 animi
1581 3065 1859 3132 sententia,
1878 3084 2069 3118 censere
2083 3084 2242 3119 nemo
2257 3067 2338 3119 vir

1315 3144 1490 3197 bonus
1516 3145 1691 3215 potuit
1706 3183 1722 3209 ‚
1750 3146 1853 3198 nisi
1874 3142 2334 3217 proesentissimum

1316 3222 1458 3275 ultro
1469 3223 1762 3294 periculum
1777 3224 1930 3277 vellet
1942 3224 2037 3275 sibi
2051 3240 2329 3276 arcessere.

1314 3300 1473 3354 Prius
1491 3302 1624 3355 illud
1644 3302 1892 3375 graphice
1913 3300 2148 3372 depingit
2171 3302 2330 3355 Juve-

1316 3382 1452 3434 nalis
1483 3382 1682 3454 majore
1713 3394 1864 3453 parte
1899 3381 2068 3434 satira
2093 3391 2325 3452 quarto,

1318 3460 1411 3512 ubi
1435 3458 1508 3512 de
1533 3461 1732 3532 ingenti
1753 3458 1980 3513 rhombo
2009 3472 2330 3514 convocatur

1318 3550 1371 3591 et
1394 3538 1684 3593 consulitur
1702 3536 1931 3593 sanctior
1947 3536 2164 3609 quidam
2185 3558 2332 3593 sena·

1316 3628 1423 3673 tus.
1443 3618 1514 3669 G.

1356 3724 1361 3729 ·
1394 3714 1479 3750 10.
1509 3698 1668 3756 Scire,
1705 3697 1832 3763 quid
1857 3697 2025 3749 simus.
2056 3698 2190 3763 Qua
2211 3701 2336 3771 jura

1318 3775 1608 3828 babeamus
1643 3784 1704 3826 ut
1742 3786 2008 3829 senatores
2024 3814 2040 3840 ‚
2077 3788 2140 3829 ut
2172 3779 2336 3849 magi·

1318 3866 1530 3909 swatus.
1555 3851 1681 3906 vid.
1705 3856 1738 3922 s
1759 3857 1810 3907 6.
1833 3853 2094 3909 Nimirum
2115 3858 2336 3929 antiqua

1317 3933 1544 3989 tenenda
1565 3946 1645 3986 est
1667 3932 1824 3987 lectio
1851 3954 1882 3988 e
1906 3936 2148 3989 Mediceo
2175 3936 2334 3989 etiam

1316 4014 1454 4067 libro
1466 4012 1698 4077 firmata,
1710 4016 1818 4084 prin
1831 4014 2198 4069 Buchneriana
2211 4032 2334 4068 con-

218 4102 295 4145 mr
308 4094 391 4147 vel
406 4093 477 4148 de
494 4092 659 4167 nugis
671 4129 690 4157 ,
710 4091 795 4145 vel
814 4091 881 4147 de
901 4094 1097 4165 quibus
1106 4096 1221 4167 jam
1312 4096 1516 4168 jectum
1533 4128 1554 4157 ‚
1574 4110 1734 4165 quam
1757 4105 2026 4165 receperat
2043 4094 2302 4150 Callai-ius
2313 4128 2329 4156 ,

214 4174 461 4231 statuisset
488 4174 747 4248 princeps
775 4188 791 4225 ι
830 4176 1014 4237 dolori,
1054 4192 1221 4246 quum
1314 4175 1464 4231 seim,
1495 4174 1634 4239 qnod
1643 4175 1835 4225 scimus.
1858 4172 1927 4225 G.
