<?xml version="1.0" encoding="UTF-8"?>
<!DOCTYPE html PUBLIC "-//W3C//DTD XHTML 1.0 Transitional//EN"
    "http://www.w3.org/TR/xhtml1/DTD/xhtml1-transitional.dtd">
<html xmlns="http://www.w3.org/1999/xhtml" xml:lang="en" lang="en">
 <head>
  <title>
</title>
<meta http-equiv="Content-Type" content="text/html;charset=utf-8" />
  <meta name='ocr-system' content='tesseract 3.04.00' />
  <meta name='ocr-capabilities' content='ocr_page ocr_carea ocr_par ocr_line ocrx_word'/>
</head>
<body>
  <div class='ocr_page' id='page_1' title='image "./cpliniisecundie00schgoog_0067.png"; bbox 0 0 2857 4690; ppageno 0'>
   <div class='ocr_carea' id='block_1_1' title="bbox 351 326 2614 1545">
    <p class='ocr_par' dir='ltr' id='par_1_1' title="bbox 469 326 2023 403">
     <span class='ocr_line' id='line_1_1' title="bbox 469 326 2023 403; baseline 0 -2"><span class='ocrx_word' id='word_1_1' title='bbox 469 326 560 401; x_wconf 75' lang='lat'><strong>58</strong></span> <span class='ocrx_word' id='word_1_2' title='bbox 1127 334 1206 401; x_wconf 91' lang='lat' dir='ltr'><strong>C.</strong></span> <span class='ocrx_word' id='word_1_3' title='bbox 1259 334 1593 403; x_wconf 87' lang='lat' dir='ltr'><strong>PLINII</strong></span> <span class='ocrx_word' id='word_1_4' title='bbox 1644 336 1834 401; x_wconf 93' lang='lat' dir='ltr'><strong>LIB.</strong></span> <span class='ocrx_word' id='word_1_5' title='bbox 1889 335 2023 402; x_wconf 89' lang='lat' dir='ltr'><strong>IX.</strong></span> 
     </span>
    </p>

    <p class='ocr_par' dir='ltr' id='par_1_2' title="bbox 401 454 2613 1102">
     <span class='ocr_line' id='line_1_2' title="bbox 401 454 2610 552; baseline 0.004 -31"><span class='ocrx_word' id='word_1_6' title='bbox 401 477 429 531; x_wconf 66' lang='lat'><em>4</em></span> <span class='ocrx_word' id='word_1_7' title='bbox 470 456 614 549; x_wconf 75' lang='lat' dir='ltr'><strong>ipsa</strong></span> <span class='ocrx_word' id='word_1_8' title='bbox 648 454 1029 523; x_wconf 75' lang='lat' dir='ltr'><strong>diversitate</strong></span> <span class='ocrx_word' id='word_1_9' title='bbox 1073 456 1457 549; x_wconf 84' lang='lat' dir='ltr'><strong>jucundior.</strong></span> <span class='ocrx_word' id='word_1_10' title='bbox 1499 460 1656 525; x_wconf 79' lang='lat' dir='ltr'><strong>Haec</strong></span> <span class='ocrx_word' id='word_1_11' title='bbox 1703 455 1851 526; x_wconf 87' lang='lat' dir='ltr'><strong>lacu</strong></span> <span class='ocrx_word' id='word_1_12' title='bbox 1896 459 2207 552; x_wconf 83' lang='lat' dir='ltr'><strong>propius,</strong></span> <span class='ocrx_word' id='word_1_13' title='bbox 2251 458 2365 528; x_wconf 83' lang='lat' dir='ltr'><strong>illa</strong></span> <span class='ocrx_word' id='word_1_14' title='bbox 2400 458 2610 529; x_wconf 80' lang='lat' dir='ltr'><strong>latius</strong></span> 
     </span>
     <span class='ocr_line' id='line_1_3' title="bbox 469 564 2611 662; baseline 0.002 -29"><span class='ocrx_word' id='word_1_15' title='bbox 469 566 682 635; x_wconf 87' lang='lat' dir='ltr'><strong>utitur</strong></span> <span class='ocrx_word' id='word_1_16' title='bbox 721 589 738 633; x_wconf 76' lang='lat' dir='ltr'><em>z</em></span> <span class='ocrx_word' id='word_1_17' title='bbox 775 565 916 635; x_wconf 84' lang='lat' dir='ltr'><strong>haec</strong></span> <span class='ocrx_word' id='word_1_18' title='bbox 960 590 1172 635; x_wconf 83' lang='lat' dir='ltr'><strong>unum</strong></span> <span class='ocrx_word' id='word_1_19' title='bbox 1221 566 1443 635; x_wconf 88' lang='lat' dir='ltr'><strong>sinum</strong></span> <span class='ocrx_word' id='word_1_20' title='bbox 1480 564 1667 635; x_wconf 83' lang='lat' dir='ltr'><strong>molli</strong></span> <span class='ocrx_word' id='word_1_21' title='bbox 1714 567 2101 635; x_wconf 80' lang='lat' dir='ltr'><strong>curvamine</strong></span> <span class='ocrx_word' id='word_1_22' title='bbox 2142 566 2611 662; x_wconf 77' lang='lat' dir='ltr'>amplectitur,</span> 
     </span>
     <span class='ocr_line' id='line_1_4' title="bbox 467 673 2611 773; baseline 0.001 -29"><span class='ocrx_word' id='word_1_23' title='bbox 467 673 580 745; x_wconf 85' lang='lat' dir='ltr'><strong>illa</strong></span> <span class='ocrx_word' id='word_1_24' title='bbox 639 673 1006 745; x_wconf 81' lang='lat' dir='ltr'><strong>editissimo</strong></span> <span class='ocrx_word' id='word_1_25' title='bbox 1067 675 1268 745; x_wconf 86' lang='lat' dir='ltr'><strong>dorso</strong></span> <span class='ocrx_word' id='word_1_26' title='bbox 1323 675 1495 747; x_wconf 85' lang='lat' dir='ltr'><strong>duos</strong></span> <span class='ocrx_word' id='word_1_27' title='bbox 1540 676 1851 746; x_wconf 86' lang='lat' dir='ltr'><strong>dirimit:</strong></span> <span class='ocrx_word' id='word_1_28' title='bbox 1888 674 2025 747; x_wconf 88' lang='lat' dir='ltr'><strong>illic</strong></span> <span class='ocrx_word' id='word_1_29' title='bbox 2082 693 2264 747; x_wconf 85' lang='lat' dir='ltr'><strong>recta</strong></span> <span class='ocrx_word' id='word_1_30' title='bbox 2318 680 2611 773; x_wconf 81' lang='lat' dir='ltr'><strong>gestatio</strong></span> 
     </span>
     <span class='ocr_line' id='line_1_5' title="bbox 467 783 2610 883; baseline 0 -28"><span class='ocrx_word' id='word_1_31' title='bbox 467 783 672 883; x_wconf 82' lang='lat' dir='ltr'><strong>longo</strong></span> <span class='ocrx_word' id='word_1_32' title='bbox 700 785 910 856; x_wconf 86' lang='lat' dir='ltr'><strong>limite</strong></span> <span class='ocrx_word' id='word_1_33' title='bbox 935 810 1138 881; x_wconf 84' lang='lat' dir='ltr'><strong>super</strong></span> <span class='ocrx_word' id='word_1_34' title='bbox 1160 784 1318 857; x_wconf 85' lang='lat' dir='ltr'><strong>litus</strong></span> <span class='ocrx_word' id='word_1_35' title='bbox 1335 786 1743 875; x_wconf 72' lang='lat' dir='ltr'><strong>extenditur,</strong></span> <span class='ocrx_word' id='word_1_36' title='bbox 1774 787 1887 857; x_wconf 88' lang='lat' dir='ltr'><strong>hic</strong></span> <span class='ocrx_word' id='word_1_37' title='bbox 1910 788 2388 883; x_wconf 77' lang='lat' dir='ltr'><strong>spatiosissimo</strong></span> <span class='ocrx_word' id='word_1_38' title='bbox 2414 802 2610 881; x_wconf 81' lang='lat' dir='ltr'><strong>xysto</strong></span> 
     </span>
     <span class='ocr_line' id='line_1_6' title="bbox 459 894 2613 991; baseline -0 -26"><span class='ocrx_word' id='word_1_39' title='bbox 459 896 700 967; x_wconf 80' lang='lat' dir='ltr'><strong>leviter</strong></span> <span class='ocrx_word' id='word_1_40' title='bbox 729 897 1140 967; x_wconf 84' lang='lat' dir='ltr'><strong>inflectitur:</strong></span> <span class='ocrx_word' id='word_1_41' title='bbox 1171 896 1286 967; x_wconf 85' lang='lat' dir='ltr'><strong>illa</strong></span> <span class='ocrx_word' id='word_1_42' title='bbox 1315 897 1560 969; x_wconf 85' lang='lat' dir='ltr'><strong>fluctus</strong></span> <span class='ocrx_word' id='word_1_43' title='bbox 1594 900 1735 967; x_wconf 72' lang='lat' dir='ltr'><strong>nbn</strong></span> <span class='ocrx_word' id='word_1_44' title='bbox 1758 898 1993 985; x_wconf 81' lang='lat' dir='ltr'><strong>sentit,</strong></span> <span class='ocrx_word' id='word_1_45' title='bbox 2030 898 2168 967; x_wconf 78' lang='lat' dir='ltr'><strong>haec</strong></span> <span class='ocrx_word' id='word_1_46' title='bbox 2199 894 2490 991; x_wconf 82' lang='lat' dir='ltr'><strong>frangit:</strong></span> <span class='ocrx_word' id='word_1_47' title='bbox 2521 920 2613 964; x_wconf 79' lang='lat' dir='ltr'><strong>ex</strong></span> 
     </span>
     <span class='ocr_line' id='line_1_7' title="bbox 463 1004 2613 1102; baseline -0.003 -23"><span class='ocrx_word' id='word_1_48' title='bbox 463 1005 584 1079; x_wconf 83' lang='lat' dir='ltr'><strong>illa</strong></span> <span class='ocrx_word' id='word_1_49' title='bbox 623 1008 836 1101; x_wconf 80' lang='lat' dir='ltr'><strong>possis</strong></span> <span class='ocrx_word' id='word_1_50' title='bbox 877 1004 1218 1101; x_wconf 84' lang='lat' dir='ltr'><strong>despicere</strong></span> <span class='ocrx_word' id='word_1_51' title='bbox 1255 1008 1622 1101; x_wconf 85' lang='lat' dir='ltr'><strong>piscantes,</strong></span> <span class='ocrx_word' id='word_1_52' title='bbox 1664 1032 1746 1077; x_wconf 81' lang='lat' dir='ltr'><strong>ex</strong></span> <span class='ocrx_word' id='word_1_53' title='bbox 1792 1007 1919 1077; x_wconf 89' lang='lat' dir='ltr'><strong>hac</strong></span> <span class='ocrx_word' id='word_1_54' title='bbox 1975 1008 2118 1102; x_wconf 89' lang='lat' dir='ltr'><strong>ipse</strong></span> <span class='ocrx_word' id='word_1_55' title='bbox 2174 1006 2451 1101; x_wconf 84' lang='lat' dir='ltr'><strong>piscari,</strong></span> <span class='ocrx_word' id='word_1_56' title='bbox 2491 1005 2613 1074; x_wconf 85' lang='lat' dir='ltr'><strong>ha-</strong></span> 
     </span>
    </p>

    <p class='ocr_par' dir='ltr' id='par_1_3' title="bbox 351 1115 2614 1323">
     <span class='ocr_line' id='line_1_8' title="bbox 351 1115 2613 1213; baseline -0.003 -24"><span class='ocrx_word' id='word_1_57' title='bbox 351 1186 359 1197; x_wconf 68' lang='lat'>,</span> <span class='ocrx_word' id='word_1_58' title='bbox 466 1141 792 1212; x_wconf 86' lang='lat' dir='ltr'><strong>mumque</strong></span> <span class='ocrx_word' id='word_1_59' title='bbox 842 1142 879 1185; x_wconf 90' lang='lat' dir='ltr'><strong>e</strong></span> <span class='ocrx_word' id='word_1_60' title='bbox 923 1116 1233 1187; x_wconf 90' lang='lat' dir='ltr'><strong>cubiculo</strong></span> <span class='ocrx_word' id='word_1_61' title='bbox 1251 1172 1270 1205; x_wconf 90' lang='lat'>,</span> <span class='ocrx_word' id='word_1_62' title='bbox 1309 1142 1388 1187; x_wconf 89' lang='lat' dir='ltr'><strong>ac</strong></span> <span class='ocrx_word' id='word_1_63' title='bbox 1421 1142 1609 1213; x_wconf 85' lang='lat' dir='ltr'><strong>paene</strong></span> <span class='ocrx_word' id='word_1_64' title='bbox 1658 1118 1858 1187; x_wconf 88' lang='lat' dir='ltr'><strong>etiam</strong></span> <span class='ocrx_word' id='word_1_65' title='bbox 1903 1116 2182 1203; x_wconf 83' lang='lat' dir='ltr'><strong>lectule,</strong></span> <span class='ocrx_word' id='word_1_66' title='bbox 2218 1131 2296 1185; x_wconf 90' lang='lat' dir='ltr'><strong>ut</strong></span> <span class='ocrx_word' id='word_1_67' title='bbox 2335 1141 2374 1184; x_wconf 88' lang='lat' dir='ltr'><strong>e</strong></span> <span class='ocrx_word' id='word_1_68' title='bbox 2410 1115 2613 1184; x_wconf 84' lang='lat' dir='ltr'><strong>navi-</strong></span> 
     </span>
     <span class='ocr_line' id='line_1_9' title="bbox 471 1224 2614 1323; baseline -0.003 -25"><span class='ocrx_word' id='word_1_69' title='bbox 471 1228 654 1315; x_wconf 84' lang='lat' dir='ltr'><strong>cula,</strong></span> <span class='ocrx_word' id='word_1_70' title='bbox 685 1228 934 1323; x_wconf 85' lang='lat' dir='ltr'><strong>jacere.</strong></span> <span class='ocrx_word' id='word_1_71' title='bbox 991 1232 1112 1298; x_wconf 83' lang='lat' dir='ltr'><strong>Hae</strong></span> <span class='ocrx_word' id='word_1_72' title='bbox 1153 1229 1322 1297; x_wconf 90' lang='lat' dir='ltr'><strong>mihi</strong></span> <span class='ocrx_word' id='word_1_73' title='bbox 1361 1252 1605 1299; x_wconf 85' lang='lat' dir='ltr'><strong>caussae</strong></span> <span class='ocrx_word' id='word_1_74' title='bbox 1645 1228 1947 1322; x_wconf 81' lang='lat' dir='ltr'><strong>utrique,</strong></span> <span class='ocrx_word' id='word_1_75' title='bbox 1980 1250 2131 1323; x_wconf 84' lang='lat' dir='ltr'><strong>quae</strong></span> <span class='ocrx_word' id='word_1_76' title='bbox 2176 1224 2453 1311; x_wconf 81' lang='lat' dir='ltr'><strong>desunt,</strong></span> <span class='ocrx_word' id='word_1_77' title='bbox 2493 1224 2614 1293; x_wconf 86' lang='lat' dir='ltr'><strong>ad-</strong></span> 
     </span>
    </p>

    <p class='ocr_par' dir='ltr' id='par_1_4' title="bbox 407 1336 2611 1545">
     <span class='ocr_line' id='line_1_10' title="bbox 407 1336 2611 1435; baseline -0.002 -26"><span class='ocrx_word' id='word_1_78' title='bbox 407 1344 437 1395; x_wconf 89' lang='lat'><strong>5</strong></span> <span class='ocrx_word' id='word_1_79' title='bbox 473 1337 806 1427; x_wconf 85' lang='lat' dir='ltr'><strong>struendi,</strong></span> <span class='ocrx_word' id='word_1_80' title='bbox 841 1340 931 1413; x_wconf 87' lang='lat' dir='ltr'><strong>ob</strong></span> <span class='ocrx_word' id='word_1_81' title='bbox 969 1364 1047 1411; x_wconf 87' lang='lat' dir='ltr'><strong>ea</strong></span> <span class='ocrx_word' id='word_1_82' title='bbox 1085 1364 1233 1434; x_wconf 84' lang='lat' dir='ltr'><strong>quae</strong></span> <span class='ocrx_word' id='word_1_83' title='bbox 1267 1354 1652 1435; x_wconf 80' lang='lat' dir='ltr'><strong>supersunt.</strong></span> <span class='ocrx_word' id='word_1_84' title='bbox 1692 1342 1837 1413; x_wconf 81' lang='lat' dir='ltr'><strong>Etsi</strong></span> <span class='ocrx_word' id='word_1_85' title='bbox 1890 1337 2057 1432; x_wconf 87' lang='lat' dir='ltr'><strong>quid</strong></span> <span class='ocrx_word' id='word_1_86' title='bbox 2098 1362 2226 1432; x_wconf 86' lang='lat' dir='ltr'><strong>ego</strong></span> <span class='ocrx_word' id='word_1_87' title='bbox 2278 1336 2611 1409; x_wconf 81' lang='lat' dir='ltr'><strong>rationem</strong></span> 
     </span>
     <span class='ocr_line' id='line_1_11' title="bbox 474 1444 2508 1545; baseline -0.001 -28"><span class='ocrx_word' id='word_1_88' title='bbox 474 1447 645 1517; x_wconf 79' lang='lat' dir='ltr'><strong>tibi?</strong></span> <span class='ocrx_word' id='word_1_89' title='bbox 681 1449 863 1542; x_wconf 87' lang='lat' dir='ltr'><strong>apud</strong></span> <span class='ocrx_word' id='word_1_90' title='bbox 915 1474 1114 1544; x_wconf 88' lang='lat' dir='ltr'><strong>quem</strong></span> <span class='ocrx_word' id='word_1_91' title='bbox 1169 1474 1296 1545; x_wconf 89' lang='lat' dir='ltr'><strong>pro</strong></span> <span class='ocrx_word' id='word_1_92' title='bbox 1331 1451 1592 1520; x_wconf 83' lang='lat' dir='ltr'><strong>ratione</strong></span> <span class='ocrx_word' id='word_1_93' title='bbox 1630 1451 1791 1537; x_wconf 85' lang='lat' dir='ltr'><strong>erit,</strong></span> <span class='ocrx_word' id='word_1_94' title='bbox 1828 1448 2005 1518; x_wconf 86' lang='lat' dir='ltr'><strong>idem</strong></span> <span class='ocrx_word' id='word_1_95' title='bbox 2040 1446 2279 1516; x_wconf 82' lang='lat' dir='ltr'><strong>faeere.</strong></span> <span class='ocrx_word' id='word_1_96' title='bbox 2318 1444 2508 1515; x_wconf 84' lang='lat' dir='ltr'><strong>Vale.</strong></span> 
     </span>
    </p>
   </div>
   <div class='ocr_carea' id='block_1_2' title="bbox 476 1646 2621 1722">
    <p class='ocr_par' dir='ltr' id='par_1_5' title="bbox 476 1646 2621 1722">
     <span class='ocr_line' id='line_1_12' title="bbox 476 1646 2621 1722; baseline -0.003 -19"><span class='ocrx_word' id='word_1_97' title='bbox 476 1650 754 1705; x_wconf 80' lang='lat' dir='ltr'><strong>Horatium</strong></span> <span class='ocrx_word' id='word_1_98' title='bbox 782 1652 936 1722; x_wconf 73' lang='lat' dir='ltr'><strong>epist.</strong></span> <span class='ocrx_word' id='word_1_99' title='bbox 956 1653 983 1704; x_wconf 94' lang='lat'>1</span> <span class='ocrx_word' id='word_1_100' title='bbox 1003 1692 1019 1717; x_wconf 90' lang='lat'><strong>,</strong></span> <span class='ocrx_word' id='word_1_101' title='bbox 1047 1672 1098 1715; x_wconf 83' lang='lat'><strong>1,</strong></span> <span class='ocrx_word' id='word_1_102' title='bbox 1121 1650 1188 1704; x_wconf 82' lang='lat'><strong>83</strong></span> <span class='ocrx_word' id='word_1_103' title='bbox 1211 1669 1224 1703; x_wconf 94' lang='lat'><strong>:</strong></span> <span class='ocrx_word' id='word_1_104' title='bbox 1244 1656 1420 1703; x_wconf 77' lang='lat' dir='ltr'><strong>Nullus</strong></span> <span class='ocrx_word' id='word_1_105' title='bbox 1439 1656 1491 1703; x_wconf 80' lang='lat' dir='ltr'><strong>in</strong></span> <span class='ocrx_word' id='word_1_106' title='bbox 1660 1658 1713 1713; x_wconf 72' lang='grc'><strong>4.</strong></span> <span class='ocrx_word' id='word_1_107' title='bbox 1727 1654 1907 1701; x_wconf 76' lang='lat' dir='ltr'><strong>Sinum.</strong></span> <span class='ocrx_word' id='word_1_108' title='bbox 1924 1648 2273 1711; x_wconf 80' lang='lat' dir='ltr'><strong>Gesneriana,</strong></span> <span class='ocrx_word' id='word_1_109' title='bbox 2287 1646 2621 1718; x_wconf 78' lang='lat' dir='ltr'><strong>negligentia</strong></span> 
     </span>
    </p>
   </div>
   <div class='ocr_carea' id='block_1_3' title="bbox 473 1726 2626 2199">
    <p class='ocr_par' dir='ltr' id='par_1_6' title="bbox 473 1726 2626 2199">
     <span class='ocr_line' id='line_1_13' title="bbox 477 1726 2624 1802; baseline -0.002 -20"><span class='ocrx_word' id='word_1_110' title='bbox 477 1736 594 1782; x_wconf 78' lang='lat' dir='ltr'><strong>orbe</strong></span> <span class='ocrx_word' id='word_1_111' title='bbox 609 1734 742 1781; x_wconf 80' lang='lat' dir='ltr'><strong>sinus</strong></span> <span class='ocrx_word' id='word_1_112' title='bbox 764 1735 902 1781; x_wconf 81' lang='lat' dir='ltr'><strong>Baiis</strong></span> <span class='ocrx_word' id='word_1_113' title='bbox 915 1735 1155 1799; x_wconf 81' lang='lat' dir='ltr'><strong>proelucee</strong></span> <span class='ocrx_word' id='word_1_114' title='bbox 1177 1736 1398 1783; x_wconf 82' lang='lat' dir='ltr'><strong>amoenis.</strong></span> <span class='ocrx_word' id='word_1_115' title='bbox 1421 1732 1491 1783; x_wconf 89' lang='lat' dir='ltr'><strong>G.</strong></span> <span class='ocrx_word' id='word_1_116' title='bbox 1590 1748 1894 1802; x_wconf 85' lang='lat' dir='ltr'><strong>operarum,</strong></span> <span class='ocrx_word' id='word_1_117' title='bbox 1912 1748 2068 1780; x_wconf 78' lang='lat' dir='ltr'><strong>suum.</strong></span> <span class='ocrx_word' id='word_1_118' title='bbox 2082 1728 2136 1780; x_wconf 90' lang='lat' dir='ltr'><strong>S.</strong></span> <span class='ocrx_word' id='word_1_119' title='bbox 2153 1757 2225 1767; x_wconf 91' lang='lat'><strong>--</strong></span> <span class='ocrx_word' id='word_1_120' title='bbox 2241 1728 2463 1777; x_wconf 75' lang='lat' dir='ltr'><strong>Gestatio</strong></span> <span class='ocrx_word' id='word_1_121' title='bbox 2478 1726 2624 1777; x_wconf 79' lang='lat' dir='ltr'><strong>Lau·</strong></span> 
     </span>
     <span class='ocr_line' id='line_1_14' title="bbox 477 1804 2621 1883; baseline -0.003 -20"><span class='ocrx_word' id='word_1_122' title='bbox 477 1842 547 1851; x_wconf 85' lang='lat'>—</span> <span class='ocrx_word' id='word_1_123' title='bbox 561 1810 625 1862; x_wconf 87' lang='lat' dir='ltr'><strong>In</strong></span> <span class='ocrx_word' id='word_1_124' title='bbox 643 1808 830 1863; x_wconf 74' lang='lat' dir='ltr'><strong>eadem</strong></span> <span class='ocrx_word' id='word_1_125' title='bbox 855 1811 1069 1883; x_wconf 74' lang='lat' dir='ltr'><strong>regione</strong></span> <span class='ocrx_word' id='word_1_126' title='bbox 1091 1809 1312 1865; x_wconf 75' lang='lat' dir='ltr'><strong>summis</strong></span> <span class='ocrx_word' id='word_1_127' title='bbox 1335 1828 1493 1863; x_wconf 85' lang='lat' dir='ltr'><strong>mon·</strong></span> <span class='ocrx_word' id='word_1_128' title='bbox 1590 1807 2117 1863; x_wconf 79' lang='lat' dir='ltr'><strong>rentinadescribitur</strong></span> <span class='ocrx_word' id='word_1_129' title='bbox 2126 1808 2300 1877; x_wconf 85' lang='lat' dir='ltr'><strong>11,e·p.</strong></span> <span class='ocrx_word' id='word_1_130' title='bbox 2317 1823 2405 1871; x_wconf 81' lang='lat'><strong>17,</strong></span> <span class='ocrx_word' id='word_1_131' title='bbox 2420 1804 2621 1870; x_wconf 68' lang='lat' dir='ltr'><strong>14.En.</strong></span> 
     </span>
     <span class='ocr_line' id='line_1_15' title="bbox 478 1884 2621 1962; baseline -0.003 -20"><span class='ocrx_word' id='word_1_132' title='bbox 478 1892 614 1943; x_wconf 85' lang='lat' dir='ltr'><strong>tium</strong></span> <span class='ocrx_word' id='word_1_133' title='bbox 635 1890 778 1961; x_wconf 73' lang='lat' dir='ltr'><strong>jugis</strong></span> <span class='ocrx_word' id='word_1_134' title='bbox 801 1890 953 1942; x_wconf 74' lang='lat' dir='ltr'><strong>villas</strong></span> <span class='ocrx_word' id='word_1_135' title='bbox 979 1908 1101 1944; x_wconf 77' lang='lat' dir='ltr'><strong>suas</strong></span> <span class='ocrx_word' id='word_1_136' title='bbox 1131 1890 1497 1962; x_wconf 78' lang='lat' dir='ltr'><strong>imposuerant</strong></span> <span class='ocrx_word' id='word_1_137' title='bbox 1592 1886 2285 1959; x_wconf 74' lang='lat' dir='ltr'><strong>—Lectu10.1²raepositiovix</strong></span> <span class='ocrx_word' id='word_1_138' title='bbox 2298 1896 2437 1937; x_wconf 85' lang='lat' dir='ltr'><strong>recte</strong></span> <span class='ocrx_word' id='word_1_139' title='bbox 2447 1884 2621 1937; x_wconf 79' lang='lat' dir='ltr'><strong>abest.</strong></span> 
     </span>
     <span class='ocr_line' id='line_1_16' title="bbox 481 1962 2626 2041; baseline -0.003 -20"><span class='ocrx_word' id='word_1_140' title='bbox 481 1968 678 2021; x_wconf 83' lang='lat' dir='ltr'><strong>Marius</strong></span> <span class='ocrx_word' id='word_1_141' title='bbox 693 2007 708 2033; x_wconf 83' lang='lat'><strong>,</strong></span> <span class='ocrx_word' id='word_1_142' title='bbox 730 1968 1019 2040; x_wconf 80' lang='lat' dir='ltr'><strong>Pompeius</strong></span> <span class='ocrx_word' id='word_1_143' title='bbox 1043 1982 1096 2023; x_wconf 90' lang='lat' dir='ltr'><strong>et</strong></span> <span class='ocrx_word' id='word_1_144' title='bbox 1116 1970 1289 2023; x_wconf 79' lang='lat' dir='ltr'><strong>Caesar</strong></span> <span class='ocrx_word' id='word_1_145' title='bbox 1301 2008 1318 2035; x_wconf 85' lang='lat'><em>,</em></span> <span class='ocrx_word' id='word_1_146' title='bbox 1337 1988 1457 2041; x_wconf 73' lang='lat' dir='ltr'><strong>quae</strong></span> <span class='ocrx_word' id='word_1_147' title='bbox 1476 2008 1493 2035; x_wconf 89' lang='lat'><strong>,</strong></span> <span class='ocrx_word' id='word_1_148' title='bbox 1592 1968 2094 2040; x_wconf 78' lang='lat' dir='ltr'><strong>-Itaquepraefero</strong></span> <span class='ocrx_word' id='word_1_149' title='bbox 2105 1966 2226 2017; x_wconf 82' lang='lat' dir='ltr'><strong>lect.</strong></span> <span class='ocrx_word' id='word_1_150' title='bbox 2239 1965 2384 2017; x_wconf 85' lang='lat' dir='ltr'><strong>Cort.</strong></span> <span class='ocrx_word' id='word_1_151' title='bbox 2396 1962 2451 2015; x_wconf 86' lang='lat' dir='ltr'><strong>in</strong></span> <span class='ocrx_word' id='word_1_152' title='bbox 2466 1963 2626 2015; x_wconf 74' lang='lat' dir='ltr'><strong>libris</strong></span> 
     </span>
     <span class='ocr_line' id='line_1_17' title="bbox 473 2045 2626 2121; baseline -0.004 -20"><span class='ocrx_word' id='word_1_153' title='bbox 473 2048 652 2119; x_wconf 77' lang='lat' dir='ltr'><strong>,judice</strong></span> <span class='ocrx_word' id='word_1_154' title='bbox 671 2051 856 2103; x_wconf 85' lang='lat' dir='ltr'><strong>Senec.</strong></span> <span class='ocrx_word' id='word_1_155' title='bbox 881 2068 968 2121; x_wconf 84' lang='lat' dir='ltr'><strong>ep.</strong></span> <span class='ocrx_word' id='word_1_156' title='bbox 995 2050 1024 2101; x_wconf 87' lang='lat'>5</span> <span class='ocrx_word' id='word_1_157' title='bbox 1035 2068 1058 2102; x_wconf 87' lang='lat'>1</span> <span class='ocrx_word' id='word_1_158' title='bbox 1069 2088 1084 2114; x_wconf 94' lang='lat'>,</span> <span class='ocrx_word' id='word_1_159' title='bbox 1104 2062 1275 2103; x_wconf 79' lang='lat' dir='ltr'><strong>castra</strong></span> <span class='ocrx_word' id='word_1_160' title='bbox 1293 2050 1466 2118; x_wconf 79' lang='lat' dir='ltr'><strong>potius</strong></span> <span class='ocrx_word' id='word_1_161' title='bbox 1478 2088 1495 2114; x_wconf 90' lang='lat'><strong>,</strong></span> <span class='ocrx_word' id='word_1_162' title='bbox 1594 2049 1744 2102; x_wconf 78' lang='lat' dir='ltr'><strong>honae</strong></span> <span class='ocrx_word' id='word_1_163' title='bbox 1768 2060 1903 2099; x_wconf 76' lang='lat' dir='ltr'><strong>notae</strong></span> <span class='ocrx_word' id='word_1_164' title='bbox 1920 2058 2183 2118; x_wconf 79' lang='lat' dir='ltr'><strong>repertam</strong></span> <span class='ocrx_word' id='word_1_165' title='bbox 2204 2064 2217 2097; x_wconf 90' lang='lat'><strong>:</strong></span> <span class='ocrx_word' id='word_1_166' title='bbox 2240 2046 2538 2110; x_wconf 70' lang='lat' dir='ltr'><strong>hamumque</strong></span> <span class='ocrx_word' id='word_1_167' title='bbox 2556 2045 2626 2093; x_wconf 77' lang='lat' dir='ltr'><strong>de</strong></span> 
     </span>
     <span class='ocr_line' id='line_1_18' title="bbox 480 2124 2607 2199; baseline -0.003 -18"><span class='ocrx_word' id='word_1_168' title='bbox 480 2146 640 2199; x_wconf 82' lang='lat' dir='ltr'><strong>quam</strong></span> <span class='ocrx_word' id='word_1_169' title='bbox 661 2129 798 2181; x_wconf 73' lang='lat' dir='ltr'><strong>viuoe</strong></span> <span class='ocrx_word' id='word_1_170' title='bbox 816 2170 832 2196; x_wconf 90' lang='lat'>,</span> <span class='ocrx_word' id='word_1_171' title='bbox 852 2148 963 2183; x_wconf 77' lang='lat' dir='ltr'><strong>esse</strong></span> <span class='ocrx_word' id='word_1_172' title='bbox 982 2128 1316 2183; x_wconf 80' lang='lat' dir='ltr'><strong>videbantur.</strong></span> <span class='ocrx_word' id='word_1_173' title='bbox 1337 2130 1438 2182; x_wconf 87' lang='lat' dir='ltr'><strong>En.</strong></span> <span class='ocrx_word' id='word_1_174' title='bbox 1594 2131 1831 2187; x_wconf 79' lang='lat' dir='ltr'><strong>cubiculo,</strong></span> <span class='ocrx_word' id='word_1_175' title='bbox 1847 2144 2062 2194; x_wconf 78' lang='lat' dir='ltr'><strong>acpoene</strong></span> <span class='ocrx_word' id='word_1_176' title='bbox 2078 2128 2229 2176; x_wconf 77' lang='lat' dir='ltr'><strong>eciam</strong></span> <span class='ocrx_word' id='word_1_177' title='bbox 2246 2126 2307 2175; x_wconf 80' lang='lat' dir='ltr'><strong>de</strong></span> <span class='ocrx_word' id='word_1_178' title='bbox 2332 2126 2521 2174; x_wconf 76' lang='lat' dir='ltr'><strong>lectulo.</strong></span> <span class='ocrx_word' id='word_1_179' title='bbox 2544 2124 2607 2175; x_wconf 92' lang='lat' dir='ltr'><strong>S.</strong></span> 
     </span>
    </p>
   </div>
   <div class='ocr_carea' id='block_1_4' title="bbox 521 2739 2585 3020">
    <p class='ocr_par' dir='ltr' id='par_1_7' title="bbox 521 2739 2585 3020">
     <span class='ocr_line' id='line_1_19' title="bbox 521 2739 2585 2826; baseline -0.007 -14"><span class='ocrx_word' id='word_1_180' title='bbox 521 2749 817 2816; x_wconf 57' lang='lat' dir='ltr'><strong>laudatus</strong></span> <span class='ocrx_word' id='word_1_181' title='bbox 843 2746 918 2808; x_wconf 77' lang='lat' dir='ltr'><strong>ab</strong></span> <span class='ocrx_word' id='word_1_182' title='bbox 952 2747 1290 2826; x_wconf 72' lang='lat' dir='ltr'><strong>Augurino,</strong></span> <span class='ocrx_word' id='word_1_183' title='bbox 1322 2745 1561 2808; x_wconf 70' lang='lat' dir='ltr'><strong>laudare</strong></span> <span class='ocrx_word' id='word_1_184' title='bbox 1592 2764 1727 2806; x_wconf 87' lang='lat' dir='ltr'><strong>eum</strong></span> <span class='ocrx_word' id='word_1_185' title='bbox 1752 2755 2021 2816; x_wconf 80' lang='lat' dir='ltr'><strong>veretur,</strong></span> <span class='ocrx_word' id='word_1_186' title='bbox 2050 2756 2111 2802; x_wconf 86' lang='lat' dir='ltr'><strong>et</strong></span> <span class='ocrx_word' id='word_1_187' title='bbox 2140 2755 2331 2804; x_wconf 75' lang='lat' dir='ltr'><strong>tamen</strong></span> <span class='ocrx_word' id='word_1_188' title='bbox 2364 2739 2585 2800; x_wconf 77' lang='lat' dir='ltr'><strong>laudat.</strong></span> 
     </span>
     <span class='ocr_line' id='line_1_20' title="bbox 871 2929 2239 3020; baseline -0.007 -11"><span class='ocrx_word' id='word_1_189' title='bbox 871 2960 934 3010; x_wconf 83' lang='lat' dir='ltr'><strong>c.</strong></span> <span class='ocrx_word' id='word_1_190' title='bbox 989 2957 1340 3008; x_wconf 64' lang='lat' dir='ltr'><strong>Primus</strong></span> <span class='ocrx_word' id='word_1_191' title='bbox 1390 2955 1851 3020; x_wconf 68' lang='lat' dir='ltr'><strong>Aucunmo</strong></span> <span class='ocrx_word' id='word_1_192' title='bbox 1892 2929 1922 2959; x_wconf 73' lang='lat'><strong>&#39;¹‘</strong></span> <span class='ocrx_word' id='word_1_193' title='bbox 1972 2954 2129 3001; x_wconf 81' lang='lat' dir='ltr'><strong>sno</strong></span> <span class='ocrx_word' id='word_1_194' title='bbox 2181 2954 2239 3002; x_wconf 90' lang='lat' dir='ltr'><strong>s.</strong></span> 
     </span>
    </p>
   </div>
   <div class='ocr_carea' id='block_1_5' title="bbox 491 3132 2646 3785">
    <p class='ocr_par' dir='ltr' id='par_1_8' title="bbox 491 3132 2646 3785">
     <span class='ocr_line' id='line_1_21' title="bbox 586 3132 2641 3228; baseline -0.005 -22"><span class='ocrx_word' id='word_1_195' title='bbox 586 3142 668 3207; x_wconf 82' lang='lat'><strong>81</strong></span> <span class='ocrx_word' id='word_1_196' title='bbox 703 3135 1010 3206; x_wconf 83' lang='lat' dir='ltr'><strong>laudatus</strong></span> <span class='ocrx_word' id='word_1_197' title='bbox 1037 3160 1076 3205; x_wconf 87' lang='lat' dir='ltr'><strong>a</strong></span> <span class='ocrx_word' id='word_1_198' title='bbox 1102 3150 1168 3204; x_wconf 90' lang='lat' dir='ltr'><strong>te</strong></span> <span class='ocrx_word' id='word_1_199' title='bbox 1194 3132 1469 3204; x_wconf 86' lang='lat' dir='ltr'><strong>laudare</strong></span> <span class='ocrx_word' id='word_1_200' title='bbox 1496 3147 1563 3202; x_wconf 91' lang='lat' dir='ltr'><strong>te</strong></span> <span class='ocrx_word' id='word_1_201' title='bbox 1592 3155 1893 3228; x_wconf 82' lang='lat' dir='ltr'><strong>coepero,</strong></span> <span class='ocrx_word' id='word_1_202' title='bbox 1930 3153 2185 3212; x_wconf 84' lang='lat' dir='ltr'><strong>vereor,</strong></span> <span class='ocrx_word' id='word_1_203' title='bbox 2208 3151 2292 3194; x_wconf 90' lang='lat' dir='ltr'><strong>ne</strong></span> <span class='ocrx_word' id='word_1_204' title='bbox 2326 3149 2464 3192; x_wconf 89' lang='lat' dir='ltr'><strong>non</strong></span> <span class='ocrx_word' id='word_1_205' title='bbox 2488 3138 2641 3196; x_wconf 87' lang='lat' dir='ltr'><strong>tam</strong></span> 
     </span>
     <span class='ocr_line' id='line_1_22' title="bbox 491 3231 2641 3344; baseline -0.007 -27"><span class='ocrx_word' id='word_1_206' title='bbox 491 3247 790 3344; x_wconf 87' lang='lat' dir='ltr'><strong>proferre</strong></span> <span class='ocrx_word' id='word_1_207' title='bbox 816 3246 1146 3340; x_wconf 85' lang='lat' dir='ltr'><strong>judicium</strong></span> <span class='ocrx_word' id='word_1_208' title='bbox 1195 3269 1451 3332; x_wconf 81' lang='lat' dir='ltr'><strong>meum,</strong></span> <span class='ocrx_word' id='word_1_209' title='bbox 1491 3267 1694 3338; x_wconf 87' lang='lat' dir='ltr'><strong>quam</strong></span> <span class='ocrx_word' id='word_1_210' title='bbox 1749 3240 1996 3311; x_wconf 88' lang='lat' dir='ltr'><strong>referre</strong></span> <span class='ocrx_word' id='word_1_211' title='bbox 2049 3237 2333 3334; x_wconf 85' lang='lat' dir='ltr'><strong>gratiam</strong></span> <span class='ocrx_word' id='word_1_212' title='bbox 2372 3231 2641 3308; x_wconf 87' lang='lat' dir='ltr'><strong>videar.</strong></span> 
     </span>
     <span class='ocr_line' id='line_1_23' title="bbox 491 3342 2644 3450; baseline -0.008 -21"><span class='ocrx_word' id='word_1_213' title='bbox 491 3357 622 3429; x_wconf 90' lang='lat' dir='ltr'><strong>Sed</strong></span> <span class='ocrx_word' id='word_1_214' title='bbox 641 3413 660 3446; x_wconf 93' lang='lat'>‚</span> <span class='ocrx_word' id='word_1_215' title='bbox 691 3355 842 3426; x_wconf 87' lang='lat' dir='ltr'><strong>licet</strong></span> <span class='ocrx_word' id='word_1_216' title='bbox 862 3355 1120 3443; x_wconf 86' lang='lat' dir='ltr'><strong>videar,</strong></span> <span class='ocrx_word' id='word_1_217' title='bbox 1149 3355 1374 3424; x_wconf 89' lang='lat' dir='ltr'><strong>omnia</strong></span> <span class='ocrx_word' id='word_1_218' title='bbox 1399 3353 1651 3450; x_wconf 83' lang='lat' dir='ltr'><strong>scripta</strong></span> <span class='ocrx_word' id='word_1_219' title='bbox 1676 3365 1792 3421; x_wconf 83' lang='lat' dir='ltr'><strong>tua</strong></span> <span class='ocrx_word' id='word_1_220' title='bbox 1815 3345 2264 3446; x_wconf 83' lang='lat' dir='ltr'><strong>pulcherrima</strong></span> <span class='ocrx_word' id='word_1_221' title='bbox 2288 3342 2644 3434; x_wconf 79' lang='lat' dir='ltr'><strong>existim03</strong></span> 
     </span>
     <span class='ocr_line' id='line_1_24' title="bbox 493 3449 2646 3560; baseline -0.005 -23"><span class='ocrx_word' id='word_1_222' title='bbox 493 3469 780 3550; x_wconf 80' lang='lat' dir='ltr'><strong>maxime</strong></span> <span class='ocrx_word' id='word_1_223' title='bbox 811 3484 1036 3537; x_wconf 88' lang='lat' dir='ltr'><strong>tamen</strong></span> <span class='ocrx_word' id='word_1_224' title='bbox 1068 3464 1207 3551; x_wconf 87' lang='lat' dir='ltr'><strong>illa,</strong></span> <span class='ocrx_word' id='word_1_225' title='bbox 1231 3491 1379 3560; x_wconf 84' lang='lat' dir='ltr'><strong>quae</strong></span> <span class='ocrx_word' id='word_1_226' title='bbox 1404 3463 1488 3534; x_wconf 90' lang='lat' dir='ltr'><strong>de</strong></span> <span class='ocrx_word' id='word_1_227' title='bbox 1514 3463 1729 3532; x_wconf 89' lang='lat' dir='ltr'><strong>nobis.</strong></span> <span class='ocrx_word' id='word_1_228' title='bbox 1762 3457 2027 3531; x_wconf 85' lang='lat' dir='ltr'><strong>Accidit</strong></span> <span class='ocrx_word' id='word_1_229' title='bbox 2052 3457 2183 3524; x_wconf 87' lang='lat' dir='ltr'><strong>hoc</strong></span> <span class='ocrx_word' id='word_1_230' title='bbox 2210 3479 2349 3523; x_wconf 85' lang='lat' dir='ltr'><strong>una</strong></span> <span class='ocrx_word' id='word_1_231' title='bbox 2366 3449 2646 3526; x_wconf 85' lang='lat' dir='ltr'><strong>eadem-</strong></span> 
     </span>
     <span class='ocr_line' id='line_1_25' title="bbox 495 3566 2645 3675; baseline -0.008 -26"><span class='ocrx_word' id='word_1_232' title='bbox 495 3605 625 3675; x_wconf 91' lang='lat' dir='ltr'><strong>que</strong></span> <span class='ocrx_word' id='word_1_233' title='bbox 666 3577 748 3647; x_wconf 91' lang='lat' dir='ltr'><strong>de</strong></span> <span class='ocrx_word' id='word_1_234' title='bbox 785 3603 1036 3649; x_wconf 87' lang='lat' dir='ltr'><strong>caussa.</strong></span> <span class='ocrx_word' id='word_1_235' title='bbox 1081 3579 1258 3648; x_wconf 84' lang='lat' dir='ltr'><strong>Nam</strong></span> <span class='ocrx_word' id='word_1_236' title='bbox 1297 3590 1366 3644; x_wconf 89' lang='lat' dir='ltr'><strong>et</strong></span> <span class='ocrx_word' id='word_1_237' title='bbox 1400 3591 1510 3664; x_wconf 90' lang='lat' dir='ltr'><strong>tu,</strong></span> <span class='ocrx_word' id='word_1_238' title='bbox 1550 3597 1699 3669; x_wconf 83' lang='lat' dir='ltr'><strong>quae</strong></span> <span class='ocrx_word' id='word_1_239' title='bbox 1732 3572 1813 3641; x_wconf 92' lang='lat' dir='ltr'><strong>de</strong></span> <span class='ocrx_word' id='word_1_240' title='bbox 1854 3567 2113 3656; x_wconf 76' lang='lat' dir='ltr'><strong>amici3‚</strong></span> <span class='ocrx_word' id='word_1_241' title='bbox 2159 3567 2411 3660; x_wconf 88' lang='lat' dir='ltr'><strong>optime</strong></span> <span class='ocrx_word' id='word_1_242' title='bbox 2464 3566 2645 3634; x_wconf 86' lang='lat' dir='ltr'><strong>scri-</strong></span> 
     </span>
     <span class='ocr_line' id='line_1_26' title="bbox 496 3675 2239 3785; baseline -0.007 -25"><span class='ocrx_word' id='word_1_243' title='bbox 496 3690 632 3778; x_wconf 79' lang='lat' dir='ltr'><strong>bis;</strong></span> <span class='ocrx_word' id='word_1_244' title='bbox 671 3705 736 3760; x_wconf 89' lang='lat' dir='ltr'><strong>et</strong></span> <span class='ocrx_word' id='word_1_245' title='bbox 771 3715 928 3785; x_wconf 86' lang='lat' dir='ltr'><strong>ego,</strong></span> <span class='ocrx_word' id='word_1_246' title='bbox 965 3712 1116 3784; x_wconf 77' lang='lat' dir='ltr'><strong>quae</strong></span> <span class='ocrx_word' id='word_1_247' title='bbox 1158 3686 1244 3757; x_wconf 77' lang='lat' dir='ltr'><strong>de</strong></span> <span class='ocrx_word' id='word_1_248' title='bbox 1282 3711 1424 3772; x_wconf 89' lang='lat' dir='ltr'><strong>me,</strong></span> <span class='ocrx_word' id='word_1_249' title='bbox 1461 3700 1538 3754; x_wconf 92' lang='lat' dir='ltr'><strong>ut</strong></span> <span class='ocrx_word' id='word_1_250' title='bbox 1568 3684 1822 3779; x_wconf 80' lang='lat' dir='ltr'><strong>optima</strong></span> <span class='ocrx_word' id='word_1_251' title='bbox 1858 3677 2027 3774; x_wconf 79' lang='lat' dir='ltr'><strong>lego·</strong></span> <span class='ocrx_word' id='word_1_252' title='bbox 2049 3675 2239 3750; x_wconf 84' lang='lat' dir='ltr'><strong>Vale.</strong></span> 
     </span>
    </p>
   </div>
   <div class='ocr_carea' id='block_1_6' title="bbox 501 3873 2643 4126">
    <p class='ocr_par' dir='ltr' id='par_1_9' title="bbox 501 3873 2643 4126">
     <span class='ocr_line' id='line_1_27' title="bbox 571 3873 2643 3958; baseline -0.006 -20"><span class='ocrx_word' id='word_1_253' title='bbox 571 3888 1029 3958; x_wconf 70' lang='lat' dir='ltr'><strong>VIII.*Au3urino.</strong></span> <span class='ocrx_word' id='word_1_254' title='bbox 1043 3886 1154 3952; x_wconf 83' lang='lat' dir='ltr'><strong>Qui</strong></span> <span class='ocrx_word' id='word_1_255' title='bbox 1167 3884 1236 3938; x_wconf 79' lang='lat' dir='ltr'><strong>ad</strong></span> <span class='ocrx_word' id='word_1_256' title='bbox 1250 3884 1390 3937; x_wconf 74' lang='lat' dir='ltr'><strong>hanc</strong></span> <span class='ocrx_word' id='word_1_257' title='bbox 1403 3883 1517 3954; x_wconf 86' lang='lat' dir='ltr'><strong>epi-</strong></span> <span class='ocrx_word' id='word_1_258' title='bbox 1691 3899 1714 3932; x_wconf 82' lang='lat'>1</span> <span class='ocrx_word' id='word_1_259' title='bbox 1726 3919 1740 3932; x_wconf 95' lang='lat'><strong>.</strong></span> <span class='ocrx_word' id='word_1_260' title='bbox 1757 3883 1834 3932; x_wconf 79' lang='lat' dir='ltr'><strong>Si.</strong></span> <span class='ocrx_word' id='word_1_261' title='bbox 1856 3917 1867 3928; x_wconf 97' lang='lat'><strong>.</strong></span> <span class='ocrx_word' id='word_1_262' title='bbox 1892 3917 1905 3930; x_wconf 93' lang='lat'><strong>.</strong></span> <span class='ocrx_word' id='word_1_263' title='bbox 1926 3881 2145 3931; x_wconf 61' lang='lat' dir='ltr'><strong>michar.</strong></span> <span class='ocrx_word' id='word_1_264' title='bbox 2164 3875 2383 3947; x_wconf 69' lang='lat' dir='ltr'><strong>Singul-</strong></span> <span class='ocrx_word' id='word_1_265' title='bbox 2402 3873 2491 3927; x_wconf 76' lang='lat' dir='ltr'><strong>hic</strong></span> <span class='ocrx_word' id='word_1_266' title='bbox 2510 3893 2643 3927; x_wconf 80' lang='lat' dir='ltr'><strong>ver·</strong></span> 
     </span>
     <span class='ocr_line' id='line_1_28' title="bbox 501 3951 2643 4038; baseline -0.007 -16"><span class='ocrx_word' id='word_1_267' title='bbox 501 3970 686 4022; x_wconf 75' lang='lat' dir='ltr'><strong>stolam</strong></span> <span class='ocrx_word' id='word_1_268' title='bbox 705 3966 980 4038; x_wconf 71' lang='lat' dir='ltr'><strong>legendnm</strong></span> <span class='ocrx_word' id='word_1_269' title='bbox 999 3963 1204 4020; x_wconf 69' lang='lat' dir='ltr'><strong>accedit</strong></span> <span class='ocrx_word' id='word_1_270' title='bbox 1220 4005 1236 4032; x_wconf 89' lang='lat'><strong>,</strong></span> <span class='ocrx_word' id='word_1_271' title='bbox 1256 3961 1519 4035; x_wconf 69' lang='lat' dir='ltr'><strong>respicere</strong></span> <span class='ocrx_word' id='word_1_272' title='bbox 1614 3961 1680 4013; x_wconf 75' lang='lat' dir='ltr'><strong>ba</strong></span> <span class='ocrx_word' id='word_1_273' title='bbox 1706 3960 1842 4014; x_wconf 82' lang='lat' dir='ltr'><strong>hene</strong></span> <span class='ocrx_word' id='word_1_274' title='bbox 1872 3958 2107 4012; x_wconf 72' lang='lat' dir='ltr'><strong>dimensa</strong></span> <span class='ocrx_word' id='word_1_275' title='bbox 2134 3968 2188 4012; x_wconf 87' lang='lat' dir='ltr'><strong>et</strong></span> <span class='ocrx_word' id='word_1_276' title='bbox 2214 3973 2445 4028; x_wconf 68' lang='lat' dir='ltr'><strong>appensa</strong></span> <span class='ocrx_word' id='word_1_277' title='bbox 2476 3951 2547 4007; x_wconf 76' lang='lat' dir='ltr'><strong>ad</strong></span> <span class='ocrx_word' id='word_1_278' title='bbox 2578 3973 2643 4008; x_wconf 72' lang='lat' dir='ltr'><strong>se</strong></span> 
     </span>
     <span class='ocr_line' id='line_1_29' title="bbox 502 4033 2639 4126; baseline -0.006 -25"><span class='ocrx_word' id='word_1_279' title='bbox 502 4049 658 4101; x_wconf 78' lang='lat' dir='ltr'><strong>debet</strong></span> <span class='ocrx_word' id='word_1_280' title='bbox 675 4047 776 4110; x_wconf 87' lang='lat' dir='ltr'><strong>lv,</strong></span> <span class='ocrx_word' id='word_1_281' title='bbox 797 4065 882 4126; x_wconf 69' lang='lat' dir='ltr'><strong>q).</strong></span> <span class='ocrx_word' id='word_1_282' title='bbox 906 4064 988 4115; x_wconf 81' lang='lat'><strong>²7-</strong></span> <span class='ocrx_word' id='word_1_283' title='bbox 1013 4045 1113 4099; x_wconf 85' lang='lat' dir='ltr'><strong>En.</strong></span> <span class='ocrx_word' id='word_1_284' title='bbox 1617 4033 2639 4108; x_wconf 75' lang='lat' dir='ltr'><strong>reseruntur,sibiqueopponnntur.En.</strong></span> 
     </span>
    </p>
   </div>
  </div>
 </body>
</html>
