2857 4690
714 392 1227 461 PANEGYR.
1278 394 1495 461 CAP.
1547 394 1909 461 XLVIII.

2237 390 2364 462 311

212 513 805 583 contumeliarum
828 514 1109 608 gradus:
1140 516 1602 610 superatisque
1620 515 1759 608 jam
1791 513 1969 582 mille
1997 513 2338 583 liminibus
2355 570 2374 603 ,

214 625 417 694 ultra
454 650 720 720 semper
762 625 983 720 aliqua
1032 627 1201 695 dura
1248 626 1724 695 et'obstantia.
1769 628 2018 719 Magna
2064 640 2218 693 ante
2264 639 2330 692 te
2357 679 2378 710 ,
2418 642 2452 691 6

216 758 483 830 magna
506 751 659 831 post
686 750 787 823 te,
801 737 991 829 juxta
1020 752 1241 805 tamen
1266 736 1554 805 maxima
1581 737 1806 830 quies:
1835 745 2096 804 tanturn
2129 734 2376 827 ubique

214 844 577 916 silentium
596 897 617 933 ‚
640 860 777 915 tam
808 846 983 916 altus
1012 846 1267 942 pudor,
1294 860 1372 915 ut
1394 845 1478 914 ad
1507 868 1748 940 parvos
1776 859 2048 941 penates
2079 858 2146 913 et
2174 844 2375 915 larem

213 972 603 1051 angustum
646 980 727 1026 ex
764 956 967 1026 domo
1000 957 1356 1051 principiS‚
1387 956 1728 1026 modestiae
1755 964 1833 1024 'et
1873 953 2377 1049 tranquillitatis

214 1067 545 1163 exempla
584 1068 976 1138 referantur.

332 1180 651 1248 XLVIII.
677 1182 831 1273 Ipse
858 1194 1081 1248 autem
1112 1193 1189 1248 ut
1224 1179 1474 1271 excipis
1511 1173 1776 1245 omnes!
1812 1190 1886 1242 ut
1907 1167 2277 1267 exspectas!
2301 1186 2375 1240 ut

216 1312 551 1383 mag-nam
582 1304 843 1384 partem
880 1288 1141 1359 dierum
1172 1290 1349 1358 inter
1376 1302 1477 1358 tot
1510 1287 1773 1381 imperii
1809 1308 2003 1355 curas
2039 1283 2228 1378 quasi
2257 1306 2378 1377 per

215 1402 453 1467 otium
513 1399 867 1495 transigis!
928 1406 1166 1495 Itaque
1218 1425 1355 1469 non
1412 1412 1490 1467 ut
1545 1398 1706 1467 alias
1762 1396 2072 1480 attoniti,
2117 1417 2242 1463 nec
2302 1407 2378 1461 ut

220 1509 615 1603 periculum
650 1511 889 1605 capitis
914 1510 1162 1579 adituri
1196 1510 1545 1597 tarditate,
1583 1507 1698 1579 sed
1740 1508 1954 1589 securi
1998 1517 2066 1573 et
2094 1503 2372 1585 hilares,

218 1644 447 1713 quum
488 1620 915 1690 commodum
952 1635 1083 1707 est,
1126 1622 1581 1689 convenimus,
1618 1620 1707 1685 Et
1745 1616 2138 1685 admittente
2185 1613 2376 1708 prin·
2414 1646 2443 1680 ι

218 1732 430 1824 cipe,
476 1728 814 1799 interdum
857 1744 959 1799 est
996 1730 1281 1824 aliquid,
1313 1728 1496 1824 quod
1539 1752 1662 1797 nos
1707 1726 1890 1795 domi
1935 1725 2123 1819 quasi
2161 1724 2377 1817 magis

224 1842 689 1910 necessarium
749 1854 1015 1911 teneat:
1062 1842 1353 1911 excusati
1398 1862 1659 1933 semper
1705 1837 1828 1906 tibi
1854 1890 1873 1922 ‚
1903 1859 2028 1904 nec
2073 1856 2374 1927 unquam

220 1951 597 2021 excusandi
626 1973 885 2022 sumus:
907 1953 1033 2021 scis
1070 1952 1248 2020 enim
1276 1952 1403 2019 sibi
1441 1972 1774 2043 quemque
1811 1959 2161 2040 praestare,
2192 1942 2374 2036 quod

224 2078 297 2131 te
352 2062 621 2149 videat,
664 2062 849 2155 quod
898 2076 964 2132 te
1020 2061 1448 2157 frequentet:
1505 2084 1584 2129 ac
1641 2072 1832 2129 tanto
1893 2054 2231 2125 liberalius
2296 2075 2374 2122 ac

224 2172 491 2240 diutius
526 2171 887 2267 voluptatis
926 2172 1126 2265 hujus
1161 2171 1421 2266 copiam
1462 2169 1736 2265 praebes,
1765 2170 1919 2239 Nec*
1942 2164 2373 2262 salutationes
2409 2185 2442 2237 3

228 2297 385 2352 tuas
414 2281 575 2377 fuga
608 2292 676 2350 et
702 2283 971 2352 vastitas
1006 2284 1309 2377 sequitur
1341 2308 1357 2350 τ
1384 2304 1831 2362 remoramur,
1871 2277 2268 2362 resistimus,
2297 2289 2374 2343 ut

228 2397 305 2462 in
342 2395 689 2463 communi
726 2393 965 2478 dom0,
997 2418 1199 2488 quam
1234 2417 1452 2488 nuper
1484 2391 1596 2461 illa
1636 2387 2112 2458 immanissima
2149 2384 2372 2454 bellua

232 2503 537 2598 plurimo
586 2519 842 2573 terrore
881 2505 1216 2574 munierat
1245 2559 1263 2590 ‚
1312 2529 1522 2599 quum
1573 2501 1756 2572 velut
1825 2500 2115 2596 quodam
2168 2523 2370 2592 specu

232 2613 537 2699 inclusa,
576 2639 757 2684 nunc
799 2616 1333 2709 propinquorum
1380 2614 1772 2709 sanguinem
1813 2609 2162 2693 lamberet,
2193 2633 2374 2676 nunc

230 2749 305 2792 se
357 2723 445 2792 ad
486 2723 1003 2794 clarissimorum
1048 2727 1299 2794 civium
1348 2739 1602 2819 strages
1640 2721 1978 2816 caedesque
2017 2719 2369 2814 proferret.

230 2835 786 2904 Obversabantur
833 2834 1089 2904 foribus
1144 2835 1385 2904 horror
1444 2849 1513 2902 et
1573 2833 1770 2901 minae
1799 2887 1818 2916 ,
1862 2847 1929 2899 et
1977 2854 2100 2924 par
2157 2843 2372 2897 metus
2409 2857 2440 2913 4

304 3079 375 3090 ---
400 3050 813 3101 Conoeemeliamm
825 3053 1032 3118 gradus.
1056 3049 1135 3102 De
1160 3048 1257 3102 ad-

234 3129 573 3182 missionibus
588 3129 840 3200 loquitur.
854 3124 979 3183 sen:
994 3127 1061 3181 de
1076 3128 1257 3182 Benef-

235 3207 317 3258 Vl
336 3246 353 3268 ‚
384 3209 473 3262 33.
508 3233 529 3254 «ι
556 3207 674 3260 Non
704 3220 826 3261 sunt
850 3208 937 3260 isti
962 3207 1144 3260 amici.
1168 3245 1181 3258 .
1202 3245 1214 3257 .
1238 3247 1249 3259 .

232 3287 329 3358 qui
360 3289 419 3340 in
448 3287 646 3358 primas
674 3299 727 3340 et
762 3285 1027 3341 secundas
1061 3287 1259 3340 admis-

234 3367 413 3419 sione·
438 3365 767 3438 digeruntur.
782 3405 795 3418 .
818 3405 831 3418 .
853 3368 969 3420 ‚Est
988 3365 1259 3438 proprium

236 3445 495 3517 sumrbiae
518 3483 535 3509 ‚
562 3463 755 3517 magno
784 3447 1041 3498 estimare
1072 3444 1259 3497 introi-

238 3536 353 3577 tum
380 3543 443 3578 ac
462 3536 663 3578 tactum
686 3526 768 3578 sni
788 3524 986 3578 liminis
1008 3545 1020 3578 :
1050 3545 1149 3598 pro
1169 3525 1263 3577 bo-

236 3623 369 3657 nore
394 3603 549 3665 dare,
578 3615 637 3656 ut
652 3606 788 3658 ostio
813 3623 911 3660 suo
937 3605 1154 3677 propius
1180 3623 1263 3658 as-

238 3681 410 3737 sidens
422 3721 446 3750 ,
474 3695 533 3736 ut
568 3683 791 3758 gradum
818 3683 963 3755 prior
998 3685 1139 3737 intra
1166 3683 1262 3736 do-

240 3780 387 3815 mum
402 3780 573 3835 ponas
590 3801 607 3827 ‚
622 3764 677 3815 in
697 3781 803 3836 qua
822 3763 1073 3836 deinceps
1096 3764 1262 3816 multa

238 3855 363 3895 sunt
409 3844 543 3896 ostia
563 3881 579 3906 ,
615 3858 735 3914 que
773 3855 1011 3916 receptos
1047 3863 1263 3917 quoque

238 3920 545 3975 excludunt.
578 3945 600 3966 ι
636 3921 963 3976 Madet-atius
1005 3937 1056 3976 et
1086 3925 1263 3977 verius

240 4001 339 4054 ista
360 4037 375 4064 ,
398 4018 561 4072 quam
595 4004 727 4052 mille
754 4005 925 4054 limina
940 4043 955 4064 ‚
977 4003 1045 4056 de
1070 4004 1263 4075 quibus

243 4080 421 4134 statim
448 4079 657 4133 Noster.
682 4081 751 4133 G.

314 4164 366 4210 6.
404 4165 469 4210 Ut
500 4163 575 4210 ad
596 4181 801 4227 parvos,
837 4172 937 4212 etc.
964 4161 1025 4214 ld
1068 4174 1143 4214 cst
1164 4200 1179 4226 ‚
1208 4175 1264 4214 ut

1347 3047 1602 3120 principis
1649 3047 1840 3100 domus
1875 3045 2054 3120 parvis
2089 3045 2370 3118 penatibus

1346 3125 1550 3198 lar-ique
1576 3138 1800 3198 angusto
1826 3125 2118 3198 exemplum
2155 3125 2220 3178 sit
2254 3144 2369 3176 mo·

1348 3205 1525 3258 destiae
1545 3217 1594 3258 et
1621 3207 2030 3279 tranquillitatis.
2056 3205 2110 3258 S.

1418 3285 1652 3339 XLVIII
1669 3325 1684 3350 ,
1718 3305 1764 3339 1.
1797 3289 2070 3338 Tar-ditate.
2091 3283 2188 3334 Per
2211 3281 2372 3334 tardi-

1346 3378 1508 3420 tatem
1525 3405 1540 3430 ,
1559 3366 1781 3420 crimine
1799 3364 2074 3417 tarditatis.
2091 3361 2219 3414 Vid.
2235 3365 2284 3414 J.
2303 3363 2364 3414 A.

1346 3447 1643 3500 Ernestium
1654 3487 1665 3498 .
1685 3447 1740 3498 S.
1758 3477 1826 3486 --
1842 3451 1904 3496 Ut
1911 3445 2181 3512 periculum
2195 3446 2370 3510 capitis

1348 3529 1539 3578 adituri
1568 3529 1820 3577 tarditate.
1837 3527 1992 3578 Recte
2018 3535 2194 3576 tuetur
2222 3528 2371 3574 tardi-

1348 3621 1451 3657 tate
1468 3604 1795 3660 Schwarzius
1815 3645 1831 3670 ,
1851 3603 1903 3656 id
1920 3616 1996 3656 est
2015 3643 2030 3668 ‚
2043 3623 2136 3674 per
2157 3602 2369 3654 tardita-

1348 3696 1484 3748 tem,
1508 3683 1599 3737 sed
1627 3703 1734 3736 non
1771 3685 1892 3736 satis
1919 3693 1956 3736 e'
1976 3693 2239 3736 contextu.
2275 3685 2367 3735 Re-

1349 3765 1504 3836 spicit
1522 3765 1741 3817 verbum
1765 3779 1862 3828 est,
1894 3781 2013 3836 quae
2047 3775 2366 3834 sequuntur,

1348 3865 1498 3913 quum
1528 3846 1832 3895 commodum
1860 3859 1930 3894 est
1949 3882 1964 3905 ,
1985 3843 2106 3894 item
2135 3842 2370 3914 inprimis

1348 3940 1504 3976 mox:
1535 3927 1776 3974 interdum
1799 3937 1868 3974 est
1889 3925 2110 3991 aliquid,
2134 3927 2270 3989 quod
2282 3942 2368 3972 nos

1351 4007 1489 4055 domi
1522 4015 1716 4067 teneat,
1745 4002 1858 4054 scil.
1887 4013 1944 4054 ut
1977 4001 2178 4054 tardius
2203 4001 2373 4054 venia-

1354 4099 1491 4135 mus.
1514 4081 1650 4133 Ean.

1428 4181 1477 4214 2.
1508 4163 1623 4210 Se‘bt'.
1641 4199 1653 4210 .
1677 4199 1688 4211 .
1712 4177 1984 4230 ‚pra-seme.
2009 4163 2126 4214 Non
2153 4171 2258 4212 tam
2283 4157 2378 4208 tibi
