<?xml version="1.0" encoding="UTF-8"?>
<!DOCTYPE html PUBLIC "-//W3C//DTD XHTML 1.0 Transitional//EN"
    "http://www.w3.org/TR/xhtml1/DTD/xhtml1-transitional.dtd">
<html xmlns="http://www.w3.org/1999/xhtml" xml:lang="en" lang="en">
 <head>
  <title>
</title>
<meta http-equiv="Content-Type" content="text/html;charset=utf-8" />
  <meta name='ocr-system' content='tesseract 3.04.00' />
  <meta name='ocr-capabilities' content='ocr_page ocr_carea ocr_par ocr_line ocrx_word'/>
</head>
<body>
  <div class='ocr_page' id='page_1' title='image "./cpliniisecundie00schgoog_0048.png"; bbox 0 0 2857 4690; ppageno 0'>
   <div class='ocr_carea' id='block_1_1' title="bbox 879 336 2339 433">
    <p class='ocr_par' dir='ltr' id='par_1_1' title="bbox 879 336 2339 433">
     <span class='ocr_line' id='line_1_1' title="bbox 879 336 2339 433; baseline -0.005 -18"><span class='ocrx_word' id='word_1_1' title='bbox 879 347 1406 416; x_wconf 86' lang='lat' dir='ltr'><strong>EPISTOLA</strong></span> <span class='ocrx_word' id='word_1_2' title='bbox 1456 346 1669 413; x_wconf 83' lang='lat' dir='ltr'><strong>xlx.</strong></span> <span class='ocrx_word' id='word_1_3' title='bbox 2244 336 2339 433; x_wconf 80' lang='lat'><strong>39</strong></span> 
     </span>
    </p>
   </div>
   <div class='ocr_carea' id='block_1_2' title="bbox 215 464 2339 1429">
    <p class='ocr_par' dir='ltr' id='par_1_2' title="bbox 215 464 2339 1429">
     <span class='ocr_line' id='line_1_2' title="bbox 225 464 2338 565; baseline -0.005 -22"><span class='ocrx_word' id='word_1_4' title='bbox 225 471 485 543; x_wconf 78' lang='lat' dir='ltr'><strong>trimonii</strong></span> <span class='ocrx_word' id='word_1_5' title='bbox 531 472 606 538; x_wconf 85' lang='lat' dir='ltr'><strong>in</strong></span> <span class='ocrx_word' id='word_1_6' title='bbox 646 468 936 564; x_wconf 77' lang='lat' dir='ltr'>gloriam</span> <span class='ocrx_word' id='word_1_7' title='bbox 976 468 1465 565; x_wconf 79' lang='lat' dir='ltr'><strong>perseverantia</strong></span> <span class='ocrx_word' id='word_1_8' title='bbox 1505 478 1811 535; x_wconf 81' lang='lat' dir='ltr'><strong>verterat.</strong></span> <span class='ocrx_word' id='word_1_9' title='bbox 1851 464 2073 533; x_wconf 84' lang='lat' dir='ltr'><strong>Habes</strong></span> <span class='ocrx_word' id='word_1_10' title='bbox 2106 486 2338 533; x_wconf 88' lang='lat' dir='ltr'><strong>omnes</strong></span> 
     </span>
     <span class='ocr_line' id='line_1_3' title="bbox 221 574 2337 668; baseline -0.004 -17"><span class='ocrx_word' id='word_1_11' title='bbox 221 583 441 651; x_wconf 79' lang='lat' dir='ltr'><strong>fabulas</strong></span> <span class='ocrx_word' id='word_1_12' title='bbox 485 581 714 653; x_wconf 77' lang='lat' dir='ltr'><strong>urbiS.</strong></span> <span class='ocrx_word' id='word_1_13' title='bbox 761 586 904 651; x_wconf 84' lang='lat' dir='ltr'><strong>Jam</strong></span> <span class='ocrx_word' id='word_1_14' title='bbox 943 596 1100 649; x_wconf 86' lang='lat' dir='ltr'><strong>sunt</strong></span> <span class='ocrx_word' id='word_1_15' title='bbox 1143 579 1404 649; x_wconf 81' lang='lat' dir='ltr'><strong>venales</strong></span> <span class='ocrx_word' id='word_1_16' title='bbox 1446 576 1687 647; x_wconf 82' lang='lat' dir='ltr'><strong>tabulae</strong></span> <span class='ocrx_word' id='word_1_17' title='bbox 1722 574 1899 645; x_wconf 87' lang='lat' dir='ltr'>Tulli</span> <span class='ocrx_word' id='word_1_18' title='bbox 1946 600 1963 643; x_wconf 75' lang='grc' dir='ltr'><em>τ</em></span> <span class='ocrx_word' id='word_1_19' title='bbox 2004 588 2337 668; x_wconf 81' lang='lat' dir='ltr'><strong>exspecta-</strong></span> 
     </span>
     <span class='ocr_line' id='line_1_4' title="bbox 221 685 2336 784; baseline -0.005 -22"><span class='ocrx_word' id='word_1_20' title='bbox 221 708 311 763; x_wconf 85' lang='lat' dir='ltr'><strong>tur</strong></span> <span class='ocrx_word' id='word_1_21' title='bbox 341 694 585 763; x_wconf 79' lang='lat' dir='ltr'><strong>auctio.</strong></span> <span class='ocrx_word' id='word_1_22' title='bbox 627 694 794 763; x_wconf 81' lang='lat' dir='ltr'><strong>Fuit</strong></span> <span class='ocrx_word' id='word_1_23' title='bbox 823 694 1002 762; x_wconf 88' lang='lat' dir='ltr'><strong>enim</strong></span> <span class='ocrx_word' id='word_1_24' title='bbox 1040 706 1177 761; x_wconf 83' lang='lat' dir='ltr'><strong>tam</strong></span> <span class='ocrx_word' id='word_1_25' title='bbox 1221 692 1565 784; x_wconf 84' lang='lat' dir='ltr'><strong>copiosus,</strong></span> <span class='ocrx_word' id='word_1_26' title='bbox 1596 703 1671 757; x_wconf 87' lang='lat' dir='ltr'><strong>ut</strong></span> <span class='ocrx_word' id='word_1_27' title='bbox 1709 685 2148 782; x_wconf 82' lang='lat' dir='ltr'><strong>amplissimos</strong></span> <span class='ocrx_word' id='word_1_28' title='bbox 2183 685 2336 754; x_wconf 87' lang='lat' dir='ltr'><strong>hor·</strong></span> 
     </span>
     <span class='ocr_line' id='line_1_5' title="bbox 221 796 2337 899; baseline -0.006 -26"><span class='ocrx_word' id='word_1_29' title='bbox 221 821 300 873; x_wconf 79' lang='lat' dir='ltr'><strong>tos</strong></span> <span class='ocrx_word' id='word_1_30' title='bbox 335 806 569 873; x_wconf 87' lang='lat' dir='ltr'><strong>eodem</strong></span> <span class='ocrx_word' id='word_1_31' title='bbox 591 858 612 887; x_wconf 78' lang='grc'><em>,</em></span> <span class='ocrx_word' id='word_1_32' title='bbox 651 828 796 899; x_wconf 88' lang='lat' dir='ltr'><strong>quo</strong></span> <span class='ocrx_word' id='word_1_33' title='bbox 829 818 1117 891; x_wconf 82' lang='lat' dir='ltr'><strong>emerat,</strong></span> <span class='ocrx_word' id='word_1_34' title='bbox 1147 802 1254 872; x_wconf 89' lang='lat' dir='ltr'><strong>die</strong></span> <span class='ocrx_word' id='word_1_35' title='bbox 1297 801 1689 870; x_wconf 78' lang='lat' dir='ltr'><strong>instruxerit</strong></span> <span class='ocrx_word' id='word_1_36' title='bbox 1728 796 2029 893; x_wconf 80' lang='lat' dir='ltr'>plurimis</span> <span class='ocrx_word' id='word_1_37' title='bbox 2064 810 2131 863; x_wconf 90' lang='lat' dir='ltr'><strong>et</strong></span> <span class='ocrx_word' id='word_1_38' title='bbox 2163 796 2337 862; x_wconf 81' lang='lat' dir='ltr'><strong>anti·</strong></span> 
     </span>
     <span class='ocr_line' id='line_1_6' title="bbox 217 907 2339 1009; baseline -0.005 -26"><span class='ocrx_word' id='word_1_39' title='bbox 217 916 521 1009; x_wconf 87' lang='lat' dir='ltr'><strong>quissimis</strong></span> <span class='ocrx_word' id='word_1_40' title='bbox 563 917 834 984; x_wconf 82' lang='lat' dir='ltr'><strong>statuis.</strong></span> <span class='ocrx_word' id='word_1_41' title='bbox 867 918 1154 983; x_wconf 85' lang='lat' dir='ltr'><strong>Tantum</strong></span> <span class='ocrx_word' id='word_1_42' title='bbox 1195 912 1286 981; x_wconf 87' lang='lat' dir='ltr'><strong>illi</strong></span> <span class='ocrx_word' id='word_1_43' title='bbox 1325 911 1929 1007; x_wconf 86' lang='lat' dir='ltr'><strong>pulcherrimorum</strong></span> <span class='ocrx_word' id='word_1_44' title='bbox 1958 930 2240 1002; x_wconf 85' lang='lat' dir='ltr'><strong>operum</strong></span> <span class='ocrx_word' id='word_1_45' title='bbox 2268 907 2339 973; x_wconf 89' lang='lat' dir='ltr'><strong>in</strong></span> 
     </span>
     <span class='ocr_line' id='line_1_7' title="bbox 215 1017 2335 1120; baseline -0.005 -28"><span class='ocrx_word' id='word_1_46' title='bbox 215 1026 482 1109; x_wconf 83' lang='lat' dir='ltr'><strong>horreis,</strong></span> <span class='ocrx_word' id='word_1_47' title='bbox 511 1052 675 1119; x_wconf 81' lang='lat' dir='ltr'><strong>quae</strong></span> <span class='ocrx_word' id='word_1_48' title='bbox 709 1024 1238 1120; x_wconf 63' lang='lat' dir='ltr'><strong>negligebantur.</strong></span> <span class='ocrx_word' id='word_1_49' title='bbox 1267 1024 1561 1092; x_wconf 86' lang='lat' dir='ltr'><strong>Invicem</strong></span> <span class='ocrx_word' id='word_1_50' title='bbox 1598 1038 1707 1108; x_wconf 88' lang='lat' dir='ltr'><strong>tu,</strong></span> <span class='ocrx_word' id='word_1_51' title='bbox 1734 1022 1787 1090; x_wconf 87' lang='lat' dir='ltr'><strong>si</strong></span> <span class='ocrx_word' id='word_1_52' title='bbox 1821 1017 1980 1114; x_wconf 89' lang='lat' dir='ltr'><strong>quid</strong></span> <span class='ocrx_word' id='word_1_53' title='bbox 2013 1018 2162 1087; x_wconf 82' lang='lat' dir='ltr'><strong>istic</strong></span> <span class='ocrx_word' id='word_1_54' title='bbox 2194 1018 2335 1108; x_wconf 88' lang='lat' dir='ltr'><strong>epi-</strong></span> 
     </span>
     <span class='ocr_line' id='line_1_8' title="bbox 215 1128 2338 1230; baseline -0.004 -27"><span class='ocrx_word' id='word_1_55' title='bbox 215 1134 360 1205; x_wconf 78' lang='lat' dir='ltr'><strong>stola</strong></span> <span class='ocrx_word' id='word_1_56' title='bbox 393 1135 734 1230; x_wconf 84' lang='lat' dir='ltr'><strong>dignum,</strong></span> <span class='ocrx_word' id='word_1_57' title='bbox 773 1162 858 1205; x_wconf 91' lang='lat' dir='ltr'><strong>ne</strong></span> <span class='ocrx_word' id='word_1_58' title='bbox 895 1154 1170 1230; x_wconf 76' lang='lat' dir='ltr'><strong>gravare</strong></span> <span class='ocrx_word' id='word_1_59' title='bbox 1202 1134 1508 1204; x_wconf 87' lang='lat' dir='ltr'><strong>scribere.</strong></span> <span class='ocrx_word' id='word_1_60' title='bbox 1532 1134 1709 1203; x_wconf 87' lang='lat' dir='ltr'><strong>Nam</strong></span> <span class='ocrx_word' id='word_1_61' title='bbox 1746 1154 1955 1226; x_wconf 86' lang='lat' dir='ltr'><strong>quum</strong></span> <span class='ocrx_word' id='word_1_62' title='bbox 1993 1153 2185 1197; x_wconf 84' lang='lat' dir='ltr'><strong>aures</strong></span> <span class='ocrx_word' id='word_1_63' title='bbox 2222 1128 2338 1195; x_wconf 88' lang='lat' dir='ltr'><strong>ho-</strong></span> 
     </span>
     <span class='ocr_line' id='line_1_9' title="bbox 217 1237 2339 1335; baseline -0.002 -22"><span class='ocrx_word' id='word_1_64' title='bbox 217 1249 445 1315; x_wconf 86' lang='lat' dir='ltr'><strong>minum</strong></span> <span class='ocrx_word' id='word_1_65' title='bbox 479 1250 800 1316; x_wconf 84' lang='lat' dir='ltr'><strong>novitate</strong></span> <span class='ocrx_word' id='word_1_66' title='bbox 830 1248 1169 1335; x_wconf 86' lang='lat' dir='ltr'><strong>laetentur,</strong></span> <span class='ocrx_word' id='word_1_67' title='bbox 1203 1262 1348 1316; x_wconf 87' lang='lat' dir='ltr'><strong>tum</strong></span> <span class='ocrx_word' id='word_1_68' title='bbox 1377 1246 1461 1315; x_wconf 85' lang='lat' dir='ltr'><strong>ad</strong></span> <span class='ocrx_word' id='word_1_69' title='bbox 1489 1246 1816 1313; x_wconf 78' lang='lat' dir='ltr'><strong>rationem</strong></span> <span class='ocrx_word' id='word_1_70' title='bbox 1844 1244 1993 1311; x_wconf 84' lang='lat' dir='ltr'><strong>vitae</strong></span> <span class='ocrx_word' id='word_1_71' title='bbox 2021 1237 2339 1333; x_wconf 82' lang='lat' dir='ltr'><strong>exemplis</strong></span> 
     </span>
     <span class='ocr_line' id='line_1_10' title="bbox 215 1357 780 1429; baseline 0.004 -5"><span class='ocrx_word' id='word_1_72' title='bbox 215 1358 558 1427; x_wconf 86' lang='lat' dir='ltr'><strong>erudimur.</strong></span> <span class='ocrx_word' id='word_1_73' title='bbox 579 1357 780 1429; x_wconf 89' lang='lat' dir='ltr'><strong>Vale.</strong></span> 
     </span>
    </p>
   </div>
   <div class='ocr_carea' id='block_1_3' title="bbox 391 2246 584 2265">
    <p class='ocr_par' dir='ltr' id='par_1_3' title="bbox 391 2246 584 2265">
     <span class='ocr_line' id='line_1_11' title="bbox 391 2246 584 2265; baseline 0 2425"><span class='ocrx_word' id='word_1_74' title='bbox 391 2246 584 2265; x_wconf 95' lang='lat' dir='ltr'><strong> </strong></span> 
     </span>
    </p>
   </div>
   <div class='ocr_carea' id='block_1_4' title="bbox 1141 2244 1414 2267">
    <p class='ocr_par' dir='ltr' id='par_1_4' title="bbox 1141 2244 1414 2267">
     <span class='ocr_line' id='line_1_12' title="bbox 1141 2244 1414 2267; baseline 0 2423"><span class='ocrx_word' id='word_1_75' title='bbox 1141 2244 1414 2267; x_wconf 95' lang='lat' dir='ltr'><strong> </strong></span> 
     </span>
    </p>
   </div>
   <div class='ocr_carea' id='block_1_5' title="bbox 215 1520 2345 2145">
    <p class='ocr_par' dir='ltr' id='par_1_5' title="bbox 215 1520 2338 1597">
     <span class='ocr_line' id='line_1_13' title="bbox 215 1520 2338 1597; baseline -0.003 -24"><span class='ocrx_word' id='word_1_76' title='bbox 215 1533 462 1593; x_wconf 76' lang='lat' dir='ltr'><strong>comparat</strong></span> <span class='ocrx_word' id='word_1_77' title='bbox 494 1522 826 1575; x_wconf 78' lang='lat' dir='ltr'><strong>Buchnerus</strong></span> <span class='ocrx_word' id='word_1_78' title='bbox 841 1562 856 1588; x_wconf 89' lang='lat'>‚</span> <span class='ocrx_word' id='word_1_79' title='bbox 889 1525 1040 1597; x_wconf 68' lang='lat' dir='ltr'><strong>cujus</strong></span> <span class='ocrx_word' id='word_1_80' title='bbox 1067 1523 1228 1575; x_wconf 79' lang='lat' dir='ltr'><strong>versi·</strong></span> <span class='ocrx_word' id='word_1_81' title='bbox 1403 1540 1486 1592; x_wconf 87' lang='lat'><strong>¹7·</strong></span> <span class='ocrx_word' id='word_1_82' title='bbox 1510 1528 1625 1573; x_wconf 75' lang='lat' dir='ltr'><strong>lam</strong></span> <span class='ocrx_word' id='word_1_83' title='bbox 1644 1534 1760 1571; x_wconf 81' lang='lat' dir='ltr'><strong>sune</strong></span> <span class='ocrx_word' id='word_1_84' title='bbox 1773 1522 1974 1570; x_wconf 79' lang='lat' dir='ltr'><strong>venales</strong></span> <span class='ocrx_word' id='word_1_85' title='bbox 1993 1522 2175 1575; x_wconf 72' lang='lat' dir='ltr'><strong>tabula·</strong></span> <span class='ocrx_word' id='word_1_86' title='bbox 2198 1520 2338 1568; x_wconf 81' lang='lat' dir='ltr'><strong>Tulli.</strong></span> 
     </span>
    </p>

    <p class='ocr_par' dir='ltr' id='par_1_6' title="bbox 215 1596 2345 2145">
     <span class='ocr_line' id='line_1_14' title="bbox 215 1596 2341 1673; baseline -0.002 -22"><span class='ocrx_word' id='word_1_87' title='bbox 215 1600 342 1653; x_wconf 68' lang='lat' dir='ltr'><strong>culos</strong></span> <span class='ocrx_word' id='word_1_88' title='bbox 359 1602 537 1655; x_wconf 80' lang='lat' dir='ltr'><strong>retulit</strong></span> <span class='ocrx_word' id='word_1_89' title='bbox 553 1604 765 1655; x_wconf 80' lang='lat' dir='ltr'><strong>Seneca</strong></span> <span class='ocrx_word' id='word_1_90' title='bbox 785 1602 934 1673; x_wconf 72' lang='lat' dir='ltr'><strong>epist.</strong></span> <span class='ocrx_word' id='word_1_91' title='bbox 971 1620 1061 1654; x_wconf 85' lang='lat'><strong>101</strong></span> <span class='ocrx_word' id='word_1_92' title='bbox 1086 1618 1100 1654; x_wconf 91' lang='lat'><strong>:</strong></span> <span class='ocrx_word' id='word_1_93' title='bbox 1325 1602 1575 1673; x_wconf 80' lang='lat' dir='ltr'><strong>Argutior</strong></span> <span class='ocrx_word' id='word_1_94' title='bbox 1606 1598 1844 1671; x_wconf 74' lang='lat' dir='ltr'><strong>adeoque</strong></span> <span class='ocrx_word' id='word_1_95' title='bbox 1875 1596 2103 1652; x_wconf 85' lang='lat' dir='ltr'><strong>Secundi</strong></span> <span class='ocrx_word' id='word_1_96' title='bbox 2131 1596 2341 1667; x_wconf 79' lang='lat' dir='ltr'><strong>ingenio</strong></span> 
     </span>
     <span class='ocr_line' id='line_1_15' title="bbox 377 1677 2343 1763; baseline -0.004 -26"><span class='ocrx_word' id='word_1_97' title='bbox 377 1723 560 1762; x_wconf 67' lang='lat' dir='ltr'><strong>Debilem</strong></span> <span class='ocrx_word' id='word_1_98' title='bbox 589 1722 716 1763; x_wconf 64' lang='lat' dir='ltr'><strong>{adzo</strong></span> <span class='ocrx_word' id='word_1_99' title='bbox 739 1738 860 1762; x_wconf 72' lang='lat' dir='ltr'><strong>nanu</strong></span> <span class='ocrx_word' id='word_1_100' title='bbox 1325 1679 1539 1753; x_wconf 75' lang='lat' dir='ltr'><strong>dignior</strong></span> <span class='ocrx_word' id='word_1_101' title='bbox 1566 1682 1723 1733; x_wconf 77' lang='lat' dir='ltr'><strong>lectio</strong></span> <span class='ocrx_word' id='word_1_102' title='bbox 1744 1677 1969 1732; x_wconf 83' lang='lat' dir='ltr'><strong>Medicei</strong></span> <span class='ocrx_word' id='word_1_103' title='bbox 1998 1677 2152 1740; x_wconf 77' lang='lat' dir='ltr'><strong>libri,</strong></span> <span class='ocrx_word' id='word_1_104' title='bbox 2180 1694 2343 1747; x_wconf 85' lang='lat' dir='ltr'><strong>quam</strong></span> 
     </span>
     <span class='ocr_line' id='line_1_16' title="bbox 375 1750 2341 1839; baseline -0.009 -15"><span class='ocrx_word' id='word_1_105' title='bbox 375 1784 564 1825; x_wconf 67' lang='lat' dir='ltr'><strong>nabilem</strong></span> <span class='ocrx_word' id='word_1_106' title='bbox 591 1786 700 1839; x_wconf 64' lang='lat' dir='ltr'><strong>pedo</strong></span> <span class='ocrx_word' id='word_1_107' title='bbox 713 1813 727 1833; x_wconf 82' lang='lat'>,</span> <span class='ocrx_word' id='word_1_108' title='bbox 753 1798 847 1825; x_wconf 73' lang='lat' dir='ltr'><strong>eon</strong></span> <span class='ocrx_word' id='word_1_109' title='bbox 865 1750 888 1822; x_wconf 67' lang='grc' dir='ltr'><strong>ι’</strong></span> <span class='ocrx_word' id='word_1_110' title='bbox 1326 1762 1537 1815; x_wconf 76' lang='lat' dir='ltr'><strong>Cortius</strong></span> <span class='ocrx_word' id='word_1_111' title='bbox 1568 1758 1786 1813; x_wconf 80' lang='lat' dir='ltr'><strong>adscivit</strong></span> <span class='ocrx_word' id='word_1_112' title='bbox 1815 1776 1828 1810; x_wconf 90' lang='lat'>:</span> <span class='ocrx_word' id='word_1_113' title='bbox 1864 1758 2040 1810; x_wconf 77' lang='lat' dir='ltr'><strong>Habes</strong></span> <span class='ocrx_word' id='word_1_114' title='bbox 2074 1758 2341 1825; x_wconf 81' lang='lat' dir='ltr'><strong>omnessa-</strong></span> 
     </span>
     <span class='ocr_line' id='line_1_17' title="bbox 371 1838 2345 1905; baseline -0.004 -13"><span class='ocrx_word' id='word_1_115' title='bbox 371 1848 508 1887; x_wconf 60' lang='lat' dir='ltr'><strong>‘lua</strong></span> <span class='ocrx_word' id='word_1_116' title='bbox 535 1848 705 1886; x_wconf 70' lang='lat' dir='ltr'><strong>adstrue</strong></span> <span class='ocrx_word' id='word_1_117' title='bbox 731 1847 940 1899; x_wconf 68' lang='lat' dir='ltr'><strong>gibbenn</strong></span> <span class='ocrx_word' id='word_1_118' title='bbox 958 1872 970 1891; x_wconf 70' lang='lat'><em>2</em></span> <span class='ocrx_word' id='word_1_119' title='bbox 1325 1844 1463 1891; x_wconf 77' lang='lat' dir='ltr'><strong>bulas</strong></span> <span class='ocrx_word' id='word_1_120' title='bbox 1491 1844 1620 1891; x_wconf 82' lang='lat' dir='ltr'><strong>urbis</strong></span> <span class='ocrx_word' id='word_1_121' title='bbox 1636 1860 1655 1891; x_wconf 87' lang='grc'><strong>.·</strong></span> <span class='ocrx_word' id='word_1_122' title='bbox 1686 1858 1803 1889; x_wconf 81' lang='lat' dir='ltr'><strong>nam</strong></span> <span class='ocrx_word' id='word_1_123' title='bbox 1833 1853 1949 1889; x_wconf 80' lang='lat' dir='ltr'><strong>sunt</strong></span> <span class='ocrx_word' id='word_1_124' title='bbox 1972 1854 2139 1887; x_wconf 79' lang='lat' dir='ltr'><strong>omnes</strong></span> <span class='ocrx_word' id='word_1_125' title='bbox 2149 1838 2345 1905; x_wconf 80' lang='lat' dir='ltr'><strong>sabula.-</strong></span> 
     </span>
     <span class='ocr_line' id='line_1_18' title="bbox 373 1908 1590 1973; baseline -0.003 1"><span class='ocrx_word' id='word_1_126' title='bbox 373 1908 578 1949; x_wconf 62' lang='lat' dir='ltr'><strong>lubrico·</strong></span> <span class='ocrx_word' id='word_1_127' title='bbox 601 1918 720 1962; x_wconf 56' lang='grc' dir='ltr'><strong>φ’*</strong></span> <span class='ocrx_word' id='word_1_128' title='bbox 739 1910 898 1951; x_wconf 47' lang='grc' dir='ltr'><strong>δ’·ἠ</strong></span> <span class='ocrx_word' id='word_1_129' title='bbox 1331 1924 1512 1973; x_wconf 76' lang='lat' dir='ltr'><strong>Tullus.</strong></span> <span class='ocrx_word' id='word_1_130' title='bbox 1538 1921 1590 1973; x_wconf 91' lang='lat' dir='ltr'><strong>S.</strong></span> 
     </span>
     <span class='ocr_line' id='line_1_19' title="bbox 373 1970 2343 2073; baseline -0.007 -18"><span class='ocrx_word' id='word_1_131' title='bbox 373 1970 490 2073; x_wconf 54' lang='lat' dir='ltr'><strong>gi:</strong></span> <span class='ocrx_word' id='word_1_132' title='bbox 498 1972 964 2073; x_wconf 41' lang='lat' dir='ltr'><strong>tax-utgzzttene</strong></span> <span class='ocrx_word' id='word_1_133' title='bbox 986 1981 1055 2011; x_wconf 56' lang='grc' dir='ltr'><strong>ω’</strong></span> <span class='ocrx_word' id='word_1_134' title='bbox 1404 2018 1424 2051; x_wconf 88' lang='lat'>1</span> <span class='ocrx_word' id='word_1_135' title='bbox 1438 2019 1487 2052; x_wconf 78' lang='lat'><strong>2.</strong></span> <span class='ocrx_word' id='word_1_136' title='bbox 1532 2005 1795 2051; x_wconf 74' lang='lat' dir='ltr'><strong>Loetenmr.</strong></span> <span class='ocrx_word' id='word_1_137' title='bbox 1841 1994 2051 2049; x_wconf 69' lang='lat' dir='ltr'><strong>Cottius</strong></span> <span class='ocrx_word' id='word_1_138' title='bbox 2097 1998 2343 2045; x_wconf 73' lang='lat' dir='ltr'><strong>laetantur.</strong></span> 
     </span>
     <span class='ocr_line' id='line_1_20' title="bbox 375 2062 1963 2145; baseline -0.006 -11"><span class='ocrx_word' id='word_1_139' title='bbox 375 2093 420 2134; x_wconf 60' lang='lat' dir='ltr'><strong>aa</strong></span> <span class='ocrx_word' id='word_1_140' title='bbox 447 2096 614 2134; x_wconf 63' lang='lat' dir='ltr'><strong>..am</strong></span> <span class='ocrx_word' id='word_1_141' title='bbox 639 2062 784 2141; x_wconf 63' lang='lat' dir='ltr'><strong>im..</strong></span> <span class='ocrx_word' id='word_1_142' title='bbox 811 2096 977 2135; x_wconf 60' lang='lat' dir='ltr'><strong>ma...</strong></span> <span class='ocrx_word' id='word_1_143' title='bbox 1084 2096 1136 2136; x_wconf 70' lang='lat' dir='ltr'><strong>a.</strong></span> <span class='ocrx_word' id='word_1_144' title='bbox 1325 2077 1455 2131; x_wconf 68' lang='lat' dir='ltr'><strong>vad.</strong></span> <span class='ocrx_word' id='word_1_145' title='bbox 1478 2077 1547 2131; x_wconf 72' lang='lat' dir='ltr'><strong>ad</strong></span> <span class='ocrx_word' id='word_1_146' title='bbox 1570 2077 1709 2144; x_wconf 86' lang='lat' dir='ltr'><strong>vn,</strong></span> <span class='ocrx_word' id='word_1_147' title='bbox 1738 2076 1801 2145; x_wconf 88' lang='lat'><strong>8,</strong></span> <span class='ocrx_word' id='word_1_148' title='bbox 1832 2076 1883 2129; x_wconf 85' lang='lat'><strong>3.</strong></span> <span class='ocrx_word' id='word_1_149' title='bbox 1910 2074 1963 2127; x_wconf 92' lang='lat' dir='ltr'><strong>s.</strong></span> 
     </span>
    </p>
   </div>
   <div class='ocr_carea' id='block_1_6' title="bbox 223 2597 2345 2756">
    <p class='ocr_par' dir='ltr' id='par_1_7' title="bbox 223 2597 2345 2756">
     <span class='ocr_line' id='line_1_21' title="bbox 223 2597 2345 2676; baseline 0 -21"><span class='ocrx_word' id='word_1_150' title='bbox 223 2599 548 2660; x_wconf 74' lang='lat' dir='ltr'><strong>infirmitate</strong></span> <span class='ocrx_word' id='word_1_151' title='bbox 569 2613 630 2658; x_wconf 90' lang='lat' dir='ltr'><strong>et</strong></span> <span class='ocrx_word' id='word_1_152' title='bbox 647 2599 938 2659; x_wconf 83' lang='lat' dir='ltr'><strong>mortibus</strong></span> <span class='ocrx_word' id='word_1_153' title='bbox 961 2619 1198 2658; x_wconf 81' lang='lat' dir='ltr'><strong>suorum</strong></span> <span class='ocrx_word' id='word_1_154' title='bbox 1223 2598 1515 2672; x_wconf 80' lang='lat' dir='ltr'><strong>turbatus,</strong></span> <span class='ocrx_word' id='word_1_155' title='bbox 1540 2600 1807 2658; x_wconf 77' lang='lat' dir='ltr'><strong>solatium</strong></span> <span class='ocrx_word' id='word_1_156' title='bbox 1824 2600 1887 2657; x_wconf 87' lang='lat' dir='ltr'><strong>in</strong></span> <span class='ocrx_word' id='word_1_157' title='bbox 1906 2599 2087 2657; x_wconf 86' lang='lat' dir='ltr'><strong>literis</strong></span> <span class='ocrx_word' id='word_1_158' title='bbox 2110 2597 2345 2676; x_wconf 81' lang='lat' dir='ltr'><strong>quaerit,</strong></span> 
     </span>
     <span class='ocr_line' id='line_1_22' title="bbox 797 2695 1773 2756; baseline -0.001 -1"><span class='ocrx_word' id='word_1_159' title='bbox 797 2709 856 2755; x_wconf 84' lang='lat' dir='ltr'><strong>et</strong></span> <span class='ocrx_word' id='word_1_160' title='bbox 885 2695 1098 2755; x_wconf 84' lang='lat' dir='ltr'><strong>librum</strong></span> <span class='ocrx_word' id='word_1_161' title='bbox 1126 2695 1551 2756; x_wconf 79' lang='lat' dir='ltr'><strong>emendandum</strong></span> <span class='ocrx_word' id='word_1_162' title='bbox 1582 2695 1773 2754; x_wconf 83' lang='lat' dir='ltr'><strong>mittit.</strong></span> 
     </span>
    </p>
   </div>
   <div class='ocr_carea' id='block_1_7' title="bbox 662 2853 1928 2928">
    <p class='ocr_par' dir='ltr' id='par_1_8' title="bbox 662 2853 1928 2928">
     <span class='ocr_line' id='line_1_23' title="bbox 662 2853 1928 2928; baseline -0.002 0"><span class='ocrx_word' id='word_1_163' title='bbox 662 2881 724 2928; x_wconf 90' lang='lat' dir='ltr'><strong>c.</strong></span> <span class='ocrx_word' id='word_1_164' title='bbox 783 2880 1143 2928; x_wconf 74' lang='lat' dir='ltr'><strong>Pmmus</strong></span> <span class='ocrx_word' id='word_1_165' title='bbox 1193 2880 1549 2927; x_wconf 63' lang='lat' dir='ltr'><strong>»uxum</strong></span> <span class='ocrx_word' id='word_1_166' title='bbox 1587 2853 1617 2886; x_wconf 63' lang='lat'><strong>⁴</strong></span> <span class='ocrx_word' id='word_1_167' title='bbox 1666 2879 1825 2926; x_wconf 80' lang='lat' dir='ltr'><strong>suo</strong></span> <span class='ocrx_word' id='word_1_168' title='bbox 1876 2881 1928 2926; x_wconf 85' lang='lat' dir='ltr'><strong>s.</strong></span> 
     </span>
    </p>
   </div>
   <div class='ocr_carea' id='block_1_8' title="bbox 219 3017 2355 3892">
    <p class='ocr_par' dir='ltr' id='par_1_9' title="bbox 219 3017 2355 3892">
     <span class='ocr_line' id='line_1_24' title="bbox 303 3017 2350 3115; baseline 0 -25"><span class='ocrx_word' id='word_1_169' title='bbox 303 3023 420 3090; x_wconf 81' lang='grc' dir='ltr'><strong>Εἰ·</strong></span> <span class='ocrx_word' id='word_1_170' title='bbox 463 3019 784 3113; x_wconf 82' lang='lat' dir='ltr'><strong>gaudium</strong></span> <span class='ocrx_word' id='word_1_171' title='bbox 821 3019 986 3087; x_wconf 82' lang='lat' dir='ltr'><strong>mihi</strong></span> <span class='ocrx_word' id='word_1_172' title='bbox 1027 3032 1095 3088; x_wconf 87' lang='lat' dir='ltr'><strong>et</strong></span> <span class='ocrx_word' id='word_1_173' title='bbox 1131 3017 1440 3088; x_wconf 84' lang='lat' dir='ltr'><strong>solatium</strong></span> <span class='ocrx_word' id='word_1_174' title='bbox 1482 3020 1553 3088; x_wconf 89' lang='lat' dir='ltr'><strong>in</strong></span> <span class='ocrx_word' id='word_1_175' title='bbox 1591 3019 1838 3110; x_wconf 82' lang='lat' dir='ltr'><strong>literis3</strong></span> <span class='ocrx_word' id='word_1_176' title='bbox 1874 3021 2175 3115; x_wconf 81' lang='lat' dir='ltr'><strong>nihilque</strong></span> <span class='ocrx_word' id='word_1_177' title='bbox 2212 3036 2350 3090; x_wconf 83' lang='lat' dir='ltr'><strong>tam</strong></span> 
     </span>
     <span class='ocr_line' id='line_1_25' title="bbox 221 3129 2351 3226; baseline 0.001 -30"><span class='ocrx_word' id='word_1_178' title='bbox 221 3129 478 3217; x_wconf 81' lang='lat' dir='ltr'><strong>laetum,</strong></span> <span class='ocrx_word' id='word_1_179' title='bbox 521 3130 704 3224; x_wconf 87' lang='lat' dir='ltr'><strong>quod</strong></span> <span class='ocrx_word' id='word_1_180' title='bbox 746 3129 850 3198; x_wconf 90' lang='lat' dir='ltr'><strong>his</strong></span> <span class='ocrx_word' id='word_1_181' title='bbox 893 3129 1141 3217; x_wconf 83' lang='lat' dir='ltr'><strong>laetius;</strong></span> <span class='ocrx_word' id='word_1_182' title='bbox 1177 3129 1346 3201; x_wconf 87' lang='lat' dir='ltr'><strong>nihil</strong></span> <span class='ocrx_word' id='word_1_183' title='bbox 1390 3145 1525 3199; x_wconf 87' lang='lat' dir='ltr'><strong>tam</strong></span> <span class='ocrx_word' id='word_1_184' title='bbox 1568 3132 1755 3200; x_wconf 76' lang='lat' dir='ltr'><strong>triste</strong></span> <span class='ocrx_word' id='word_1_185' title='bbox 1778 3185 1797 3216; x_wconf 90' lang='lat'>‚</span> <span class='ocrx_word' id='word_1_186' title='bbox 1837 3131 2017 3226; x_wconf 91' lang='lat' dir='ltr'><strong>quod</strong></span> <span class='ocrx_word' id='word_1_187' title='bbox 2056 3155 2192 3200; x_wconf 88' lang='lat' dir='ltr'><strong>non</strong></span> <span class='ocrx_word' id='word_1_188' title='bbox 2231 3155 2351 3224; x_wconf 88' lang='lat' dir='ltr'><strong>per</strong></span> 
     </span>
     <span class='ocr_line' id='line_1_26' title="bbox 219 3239 2353 3335; baseline 0.001 -29"><span class='ocrx_word' id='word_1_189' title='bbox 219 3239 330 3308; x_wconf 84' lang='lat' dir='ltr'><strong>has</strong></span> <span class='ocrx_word' id='word_1_190' title='bbox 365 3242 458 3309; x_wconf 79' lang='lat' dir='ltr'><strong>sit</strong></span> <span class='ocrx_word' id='word_1_191' title='bbox 491 3241 717 3308; x_wconf 88' lang='lat' dir='ltr'><strong>minus</strong></span> <span class='ocrx_word' id='word_1_192' title='bbox 755 3241 964 3308; x_wconf 84' lang='lat' dir='ltr'><strong>triste.</strong></span> <span class='ocrx_word' id='word_1_193' title='bbox 1001 3245 1236 3335; x_wconf 82' lang='lat' dir='ltr'><strong>Itaque</strong></span> <span class='ocrx_word' id='word_1_194' title='bbox 1272 3255 1340 3309; x_wconf 84' lang='lat' dir='ltr'><strong>et</strong></span> <span class='ocrx_word' id='word_1_195' title='bbox 1376 3239 1767 3312; x_wconf 85' lang='lat' dir='ltr'><strong>infirmitate</strong></span> <span class='ocrx_word' id='word_1_196' title='bbox 1796 3244 2057 3324; x_wconf 83' lang='lat' dir='ltr'><strong>uxoris,</strong></span> <span class='ocrx_word' id='word_1_197' title='bbox 2082 3255 2148 3308; x_wconf 89' lang='lat' dir='ltr'><strong>et</strong></span> <span class='ocrx_word' id='word_1_198' title='bbox 2180 3263 2353 3309; x_wconf 89' lang='lat' dir='ltr'><strong>meo-</strong></span> 
     </span>
     <span class='ocr_line' id='line_1_27' title="bbox 221 3348 2353 3444; baseline 0.001 -26"><span class='ocrx_word' id='word_1_199' title='bbox 221 3373 364 3418; x_wconf 84' lang='lat' dir='ltr'><strong>rum</strong></span> <span class='ocrx_word' id='word_1_200' title='bbox 403 3348 706 3444; x_wconf 84' lang='lat' dir='ltr'><strong>periculo</strong></span> <span class='ocrx_word' id='word_1_201' title='bbox 729 3403 750 3430; x_wconf 81' lang='grc'><em>,</em></span> <span class='ocrx_word' id='word_1_202' title='bbox 773 3350 1216 3444; x_wconf 83' lang='lat' dir='ltr'><strong>quorumdam</strong></span> <span class='ocrx_word' id='word_1_203' title='bbox 1247 3375 1404 3420; x_wconf 88' lang='lat' dir='ltr'><strong>vero</strong></span> <span class='ocrx_word' id='word_1_204' title='bbox 1430 3353 1626 3420; x_wconf 86' lang='lat' dir='ltr'><strong>etiam</strong></span> <span class='ocrx_word' id='word_1_205' title='bbox 1656 3365 1873 3421; x_wconf 84' lang='lat' dir='ltr'><strong>morte</strong></span> <span class='ocrx_word' id='word_1_206' title='bbox 1904 3352 2247 3433; x_wconf 81' lang='lat' dir='ltr'><strong>turbatus,</strong></span> <span class='ocrx_word' id='word_1_207' title='bbox 2267 3349 2353 3420; x_wconf 86' lang='lat' dir='ltr'><strong>ad</strong></span> 
     </span>
     <span class='ocr_line' id='line_1_28' title="bbox 221 3459 2353 3558; baseline 0.001 -30"><span class='ocrx_word' id='word_1_208' title='bbox 221 3463 494 3530; x_wconf 88' lang='lat' dir='ltr'><strong>unicum</strong></span> <span class='ocrx_word' id='word_1_209' title='bbox 512 3459 764 3529; x_wconf 86' lang='lat' dir='ltr'><strong>doloris</strong></span> <span class='ocrx_word' id='word_1_210' title='bbox 781 3459 1226 3530; x_wconf 81' lang='lat' dir='ltr'><strong>levamentum</strong></span> <span class='ocrx_word' id='word_1_211' title='bbox 1246 3462 1465 3532; x_wconf 85' lang='lat' dir='ltr'><strong>studia</strong></span> <span class='ocrx_word' id='word_1_212' title='bbox 1478 3463 1675 3532; x_wconf 82' lang='lat' dir='ltr'><strong>consu</strong></span> <span class='ocrx_word' id='word_1_213' title='bbox 1683 3465 1793 3558; x_wconf 86' lang='lat' dir='ltr'><strong>gio</strong></span> <span class='ocrx_word' id='word_1_214' title='bbox 1808 3488 1827 3545; x_wconf 75' lang='grc' dir='ltr'><strong>ς</strong></span> <span class='ocrx_word' id='word_1_215' title='bbox 1846 3487 1994 3557; x_wconf 85' lang='lat' dir='ltr'><strong>quae</strong></span> <span class='ocrx_word' id='word_1_216' title='bbox 2008 3475 2353 3555; x_wconf 84' lang='lat' dir='ltr'><strong>praestant‚</strong></span> 
     </span>
     <span class='ocr_line' id='line_1_29' title="bbox 223 3569 2355 3667; baseline 0.002 -29"><span class='ocrx_word' id='word_1_217' title='bbox 223 3583 294 3638; x_wconf 89' lang='lat' dir='ltr'><strong>ut</strong></span> <span class='ocrx_word' id='word_1_218' title='bbox 339 3569 617 3638; x_wconf 79' lang='lat' dir='ltr'><strong>adversa</strong></span> <span class='ocrx_word' id='word_1_219' title='bbox 667 3572 879 3664; x_wconf 84' lang='lat' dir='ltr'><strong>magis</strong></span> <span class='ocrx_word' id='word_1_220' title='bbox 933 3570 1296 3667; x_wconf 81' lang='lat' dir='ltr'><strong>intelligam</strong></span> <span class='ocrx_word' id='word_1_221' title='bbox 1325 3625 1344 3657; x_wconf 87' lang='lat'>‚</span> <span class='ocrx_word' id='word_1_222' title='bbox 1381 3572 1497 3642; x_wconf 88' lang='lat' dir='ltr'><strong>sed</strong></span> <span class='ocrx_word' id='word_1_223' title='bbox 1546 3573 1911 3666; x_wconf 83' lang='lat' dir='ltr'><strong>patientius</strong></span> <span class='ocrx_word' id='word_1_224' title='bbox 1958 3571 2187 3642; x_wconf 81' lang='lat' dir='ltr'><strong>feram.</strong></span> <span class='ocrx_word' id='word_1_225' title='bbox 2237 3577 2355 3642; x_wconf 88' lang='lat' dir='ltr'><strong>Est</strong></span> 
     </span>
     <span class='ocr_line' id='line_1_30' title="bbox 221 3680 2354 3780; baseline 0.002 -31"><span class='ocrx_word' id='word_1_226' title='bbox 221 3696 446 3750; x_wconf 86' lang='lat' dir='ltr'><strong>autem</strong></span> <span class='ocrx_word' id='word_1_227' title='bbox 493 3680 662 3750; x_wconf 88' lang='lat' dir='ltr'><strong>mihi</strong></span> <span class='ocrx_word' id='word_1_228' title='bbox 708 3681 951 3780; x_wconf 54' lang='lat' dir='ltr'><strong>mol-isa,</strong></span> <span class='ocrx_word' id='word_1_229' title='bbox 989 3682 1172 3776; x_wconf 90' lang='lat' dir='ltr'><strong>quod</strong></span> <span class='ocrx_word' id='word_1_230' title='bbox 1217 3707 1364 3752; x_wconf 89' lang='lat' dir='ltr'><strong>sum</strong></span> <span class='ocrx_word' id='word_1_231' title='bbox 1410 3683 1688 3754; x_wconf 79' lang='lat' dir='ltr'><strong>daturus</strong></span> <span class='ocrx_word' id='word_1_232' title='bbox 1732 3683 1805 3752; x_wconf 84' lang='lat' dir='ltr'><strong>in</strong></span> <span class='ocrx_word' id='word_1_233' title='bbox 1850 3707 2087 3754; x_wconf 82' lang='lat' dir='ltr'><strong>manus</strong></span> <span class='ocrx_word' id='word_1_234' title='bbox 2131 3685 2354 3755; x_wconf 85' lang='lat' dir='ltr'><strong>homi-</strong></span> 
     </span>
     <span class='ocr_line' id='line_1_31' title="bbox 223 3793 2351 3892; baseline 0.002 -34"><span class='ocrx_word' id='word_1_235' title='bbox 223 3815 420 3876; x_wconf 83' lang='lat' dir='ltr'><strong>nnm,</strong></span> <span class='ocrx_word' id='word_1_236' title='bbox 461 3807 620 3862; x_wconf 84' lang='lat' dir='ltr'><strong>ante</strong></span> <span class='ocrx_word' id='word_1_237' title='bbox 663 3793 1034 3862; x_wconf 82' lang='lat' dir='ltr'><strong>amicorum</strong></span> <span class='ocrx_word' id='word_1_238' title='bbox 1071 3794 1328 3888; x_wconf 88' lang='lat' dir='ltr'><strong>judicio</strong></span> <span class='ocrx_word' id='word_1_239' title='bbox 1365 3795 1775 3880; x_wconf 84' lang='lat' dir='ltr'><strong>examinare,</strong></span> <span class='ocrx_word' id='word_1_240' title='bbox 1814 3795 1885 3863; x_wconf 87' lang='lat' dir='ltr'><strong>in</strong></span> <span class='ocrx_word' id='word_1_241' title='bbox 1932 3797 2169 3892; x_wconf 86' lang='lat' dir='ltr'><strong>primis</strong></span> <span class='ocrx_word' id='word_1_242' title='bbox 2211 3812 2351 3865; x_wconf 90' lang='lat' dir='ltr'><strong>tuo.</strong></span> 
     </span>
    </p>
   </div>
   <div class='ocr_carea' id='block_1_9' title="bbox 229 3949 2358 4214">
    <p class='ocr_par' dir='ltr' id='par_1_10' title="bbox 229 3949 2358 4214">
     <span class='ocr_line' id='line_1_32' title="bbox 287 3949 2358 4057; baseline 0.003 -25"><span class='ocrx_word' id='word_1_243' title='bbox 287 3979 430 4033; x_wconf 78' lang='lat' dir='ltr'><strong>nx.</strong></span> <span class='ocrx_word' id='word_1_244' title='bbox 453 3981 480 4008; x_wconf 77' lang='lat'><strong>¹*</strong></span> <span class='ocrx_word' id='word_1_245' title='bbox 513 3981 594 4034; x_wconf 86' lang='lat' dir='ltr'><strong>De</strong></span> <span class='ocrx_word' id='word_1_246' title='bbox 621 3983 852 4034; x_wconf 61' lang='lat' dir='ltr'><strong>Maximo</strong></span> <span class='ocrx_word' id='word_1_247' title='bbox 887 3979 994 4034; x_wconf 80' lang='lat' dir='ltr'><strong>vid.</strong></span> <span class='ocrx_word' id='word_1_248' title='bbox 1034 3979 1104 4035; x_wconf 81' lang='lat' dir='ltr'><strong>ad</strong></span> <span class='ocrx_word' id='word_1_249' title='bbox 1149 3983 1204 4034; x_wconf 88' lang='lat'><strong>11</strong></span> <span class='ocrx_word' id='word_1_250' title='bbox 1222 4019 1239 4046; x_wconf 88' lang='lat'><em>,</em></span> <span class='ocrx_word' id='word_1_251' title='bbox 1339 3988 1489 4036; x_wconf 77' lang='lat' dir='ltr'><strong>triste.</strong></span> <span class='ocrx_word' id='word_1_252' title='bbox 1507 3983 1708 4057; x_wconf 77' lang='lat' dir='ltr'><strong>Repetit</strong></span> <span class='ocrx_word' id='word_1_253' title='bbox 1723 3949 2035 4038; x_wconf 69' lang='lat' dir='ltr'><strong>sententiam</strong></span> <span class='ocrx_word' id='word_1_254' title='bbox 2049 3984 2358 4040; x_wconf 74' lang='lat' dir='ltr'><strong>anteceden-</strong></span> 
     </span>
     <span class='ocr_line' id='line_1_33' title="bbox 229 4061 2356 4136; baseline 0.003 -26"><span class='ocrx_word' id='word_1_255' title='bbox 229 4077 307 4130; x_wconf 80' lang='lat' dir='ltr'><strong>ep.</strong></span> <span class='ocrx_word' id='word_1_256' title='bbox 336 4069 416 4127; x_wconf 68' lang='lat'><strong>¹4·</strong></span> <span class='ocrx_word' id='word_1_257' title='bbox 443 4061 546 4116; x_wconf 76' lang='lat' dir='ltr'><strong>En.</strong></span> <span class='ocrx_word' id='word_1_258' title='bbox 1336 4061 2356 4136; x_wconf 72' lang='lat' dir='ltr'><strong>tem3sedgraviuszsummumgaudium,</strong></span> 
     </span>
     <span class='ocr_line' id='line_1_34' title="bbox 293 4143 2233 4214; baseline 0.001 -21"><span class='ocrx_word' id='word_1_259' title='bbox 293 4157 338 4193; x_wconf 83' lang='lat'><strong>1.</strong></span> <span class='ocrx_word' id='word_1_260' title='bbox 350 4145 602 4214; x_wconf 67' lang='lat' dir='ltr'><strong>Nihilque</strong></span> <span class='ocrx_word' id='word_1_261' title='bbox 620 4155 728 4194; x_wconf 82' lang='lat' dir='ltr'><strong>eam</strong></span> <span class='ocrx_word' id='word_1_262' title='bbox 744 4145 910 4195; x_wconf 79' lang='lat' dir='ltr'><em>Iaemm</em></span> <span class='ocrx_word' id='word_1_263' title='bbox 920 4179 1073 4196; x_wconf 92' lang='grc'><strong>.....</strong></span> <span class='ocrx_word' id='word_1_264' title='bbox 1083 4147 1240 4197; x_wconf 79' lang='lat' dir='ltr'><strong>minus</strong></span> <span class='ocrx_word' id='word_1_265' title='bbox 1337 4164 1575 4199; x_wconf 81' lang='lat' dir='ltr'><strong>summum</strong></span> <span class='ocrx_word' id='word_1_266' title='bbox 1596 4145 1842 4201; x_wconf 72' lang='lat' dir='ltr'><strong>solatium</strong></span> <span class='ocrx_word' id='word_1_267' title='bbox 1860 4155 1939 4200; x_wconf 75' lang='lat' dir='ltr'><strong>est</strong></span> <span class='ocrx_word' id='word_1_268' title='bbox 1954 4145 2011 4198; x_wconf 86' lang='lat' dir='ltr'><strong>in</strong></span> <span class='ocrx_word' id='word_1_269' title='bbox 2029 4143 2109 4198; x_wconf 73' lang='lat' dir='ltr'><strong>iis.</strong></span> <span class='ocrx_word' id='word_1_270' title='bbox 2129 4145 2233 4196; x_wconf 83' lang='lat' dir='ltr'><strong>En.</strong></span> 
     </span>
    </p>
   </div>
   <div class='ocr_carea' id='block_1_10' title="bbox 2381 492 2437 527">
    <p class='ocr_par' dir='ltr' id='par_1_11' title="bbox 2381 492 2437 527">
     <span class='ocr_line' id='line_1_35' title="bbox 2381 492 2437 527; baseline 0.036 -2"><span class='ocrx_word' id='word_1_271' title='bbox 2381 492 2437 527; x_wconf 80' lang='lat'><strong>11</strong></span> 
     </span>
    </p>
   </div>
   <div class='ocr_carea' id='block_1_11' title="bbox 2379 1162 2491 1201">
    <p class='ocr_par' dir='ltr' id='par_1_12' title="bbox 2379 1162 2491 1201">
     <span class='ocr_line' id='line_1_36' title="bbox 2379 1162 2491 1201; baseline 0.018 -2"><span class='ocrx_word' id='word_1_272' title='bbox 2379 1162 2491 1201; x_wconf 76' lang='lat'><strong>12·</strong></span> 
     </span>
    </p>
   </div>
  </div>
 </body>
</html>
