2857 4690
850 363 1379 435 EptsTOLA
1432 362 1714 430 Lxlv.
2215 357 2347 455 169

230 572 778 591 §mmmssu
784 572 1325 592 mmvmm
1332 572 1783 592 “Smmmm
1787 570 2328 589 mssummmm

932 758 1249 846 LXIV.
1314 760 1628 877 (LVII)

1906 851 1928 880 ἓ·

729 992 819 1046 De
848 986 1112 1065 relegatis
1140 991 1556 1065 Imperatorem
1584 989 1847 1045 consulit.

652 1196 717 1242 C.
774 1194 1124 1242 PLINIUS
1174 1196 1567 1241 TRAJANO
1615 1196 1797 1242 IMP.
1853 1198 1907 1242 S.

304 1380 659 1463 SUMAS,
710 1378 1031 1463 Domine,
1069 1378 1315 1471 gratias·
1368 1402 1532 1472 ag0‚
1573 1379 1755 1473 quod
1809 1382 1986 1448 inter
2027 1374 2346 1451 maximas

214 1488 687 1582 occupationes
716 1488 830 1572 iis,
854 1487 936 1557 de
962 1487 1207 1582 quibus
1237 1501 1303 1556 te
1321 1488 1659 1575 consului,
1689 1515 1794 1557 me
1822 1514 2090 1585 quoque
2117 1514 2346 1586 regere

215 1596 523 1693 dignatus
560 1620 675 1665 es:
715 1596 897 1690 quod
934 1622 1115 1666 nunc
1151 1622 1420 1692 quoque
1456 1597 1656 1667 facias
1701 1622 1888 1693 rogo,
1941 1598 2125 1667 Adiit
2164 1600 2343 1668 enim
2386 1622 2412 1654 ²

214 1732 317 1777 me
363 1706 639 1802 quidam
668 1761 687 1793 ‚
732 1708 1221 1801 indicavitque,
1277 1708 1688 1777 adversarios
1753 1734 1906 1777 suos
1967 1734 2004 1777 a
2061 1710 2345 1780 Servilio

216 1817 446 1903 Calvo,
466 1817 832 1888 clarissimo
855 1820 999 1886 viro
1016 1870 1035 1902 ,
1059 1819 1127 1885 in
1154 1816 1976 1915 trienniumrelegatijn
2001 1820 2344 1913 provincia

216 1928 463 1995 morari
490 1954 505 1995 :
537 1926 633 1995 illi
660 1941 892 1996 contra
910 1982 929 2015 ,
950 1928 1033 1995 ab
1058 1928 1293 1997 eodem
1322 1952 1391 1995 se
1418 1927 1760 1995 restitutos
1785 1927 2343 2013 adfirmaverunt,

216 2038 641 2131 edictumque
668 2039 1116 2107 recitaverunt
1148 2063 1164 2105 τ
1193 2063 1326 2132 qua
1346 2062 1574 2107 caussa
1595 2039 2036 2106 necessarium
2063 2038 2346 2127 credidi,

218 2172 352 2215 rem
386 2150 718 2243 integram
759 2148 845 2217 ad
878 2164 941 2217 te
980 2149 1245 2217 referre.
1282 2150 1458 2219 Nam
1492 2148 1661 2217 sicut
1687 2147 2018 2216 mandatis
2035 2150 2168 2217 tuis
2189 2173 2344 2218 cau·
2381 2168 2412 2219 3

218 2272 361 2325 tum
392 2272 493 2327 est
515 2312 535 2345 ‚
574 2282 659 2325 ne
686 2259 1029 2326 restituam
1068 2257 1355 2345 abalio,
1389 2274 1506 2327 aut
1543 2283 1580 2326 a
1601 2258 2096 2354 merelegatos3
2135 2260 2226 2328 ita
2261 2259 2344 2329 de

222 2371 326 2456 iis,
350 2394 523 2464 quos
548 2369 719 2439 alius
748 2367 1173 2464 relega-verit,
1203 2385 1272 2439 et
1294 2371 1688 2455 restituerit,
1717 2369 1883 2438 nihil
1916 2371 2344 2466 comprehen-

220 2505 363 2550 sum
402 2495 520 2550 est.
570 2479 731 2549 ldeo
766 2495 875 2568 tu,
914 2481 1243 2566 Domine,
1286 2478 1730 2550 consulendus
1767 2481 1988 2568 fuisti,
2019 2482 2182 2576 quid
2219 2484 2342 2551 ob-

218 2613 481 2658 servare
514 2615 623 2658 me
658 2588 857 2660 velles
881 2644 900 2677 ‚
939 2605 1112 2676 tam,
1152 2592 1478 2679 Hercule,
1511 2591 1596 2660 de
1633 2593 1771 2677 his,
1815 2617 2016 2687 quam
2062 2593 2145 2662 de
2183 2592 2344 2680 illis,

218 2701 331 2794 qui
358 2702 431 2768 in
463 2716 861 2796 perpetuum
894 2701 1201 2796 relegati,
1236 2727 1359 2770 nec
1391 2704 1718 2788 restituti,
1759 2702 1828 2771 in
1858 2704 2202 2796 provincia
2228 2704 2342 2772 de-

220 2811 747 2904 prehenduntur.
788 2813 965 2882 Nam
984 2813 1137 2881 'haec
1164 2837 1431 2907 quoque
1465 2815 1714 2906 species
1740 2811 2082 2916 incidit-in
2111 2816 2344 2908 cogni·
2380 2814 2408 2869 4

220 2924 471 2992 tionem
516 2947 755 2992 meam.
805 2926 925 2991 Est
966 2923 1148 2991 enim
1185 2921 1514 2991 adductus
1557 2921 1642 2990 ad
1685 2945 1793 2989 me
1831 2923 1902 2988 in
1944 2937 2344 3016 perpetuum

283 3109 482 3162 LXIV.
511 3127 560 3162 1.
592 3113 739 3175 Quod
745 3145 899 3158 .....
910 3112 1137 3176 dignatus
1164 3127 1229 3158 es.
1327 3107 1521 3158 Noster
1553 3105 1656 3170 lv,
1680 3125 1764 3177 ep.
1792 3124 1826 3174 9
1846 3125 1862 3169 ς
1882 3106 1956 3170 V,
1983 3125 2068 3178 ep.
2103 3125 2203 3169 203
2232 3107 2342 3170 VI,

222 3193 315 3252 Qui
326 3207 441 3242 ense
452 3190 605 3242 aiunt
623 3189 679 3239 in
699 3187 845 3240 libris
861 3205 875 3238 :
890 3185 984 3239 sed
997 3187 1071 3238 sic
1088 3203 1232 3238 com·
1329 3204 1416 3256 ep.
1445 3186 1496 3239 5.
1519 3185 1622 3238 En.

218 3266 427 3320 modius
438 3265 756 3340 respondeat
765 3265 958 3319 deinde
966 3269 1029 3317 se's
1038 3283 1137 3336 pro
1146 3283 1229 3327 eo,
1400 3265 1982 3320 &Mandaeismandata
1993 3277 2116 3318 sunt
2127 3282 2212 3328 ea,
2227 3283 2344 3334 queo

216 3346 357 3418 quod
386 3359 689 3400 constanter
716 3346 929 3418 legitur,
965 3365 1031 3397 es.
1066 3343 1133 3407 G,
1160 3375 1230 3384 --
1327 3346 1591 3418 principes
1637 3344 2022 3418 magistratibus
2049 3343 2344 3414 provincias

218 3428 301 3477 Iis.
322 3425 601 3480 Desidet-es
616 3429 667 3476 in
683 3429 757 3478 iis.
780 3425 1103 3477 Monuerunt
1117 3425 1229 3494 jam

218 3504 265 3556 1.
294 3506 360 3557 A.
390 3505 665 3558 Ernestius
695 3516 747 3557 et
775 3503 1055 3575 Gierigins.
1088 3502 1143 3555 S.
1161 3533 1229 3541 —

218 3584 373 3649 Quod
396 3585 535 3638 inter
556 3584 813 3638 maximas
838 3581 1229 3655 occupationes,

220 3665 303 3724 iis,
326 3663 393 3716 de
417 3664 615 3735 quibu·
626 3699 780 3714 .....
792 3681 877 3716 me
888 3699 1041 3713 .....
1052 3679 1232 3733 regere

220 3739 460 3814 dignatus
478 3761 557 3795 en.
584 3743 693 3794 Aut
716 3739 1115 3812 intelligendum
1143 3751 1233 3792 aut

222 3819 519 3874 addendum
546 3825 616 3873 iu.
636 3821 775 3874 En.

294 3921 341 3953 ιι.
365 3905 588 3954 Servilius
618 3904 791 3952 Calvus
816 3901 1063 3952 successit
1080 3907 1232 3952 Basso

222 3982 524 4054 a.¹oo;ipee
550 3991 727 4032 autem
749 3983 1117 4049 a.101,121fim:
1140 3985 1235 4031 Va-

224 4081 379 4112 renum
400 4075 760 4114 successorem
775 4058 976 4112 habuit.
990 4061 1069 4112 De
1082 4067 1233 4112 Basso

223 4151 271 4190 et
317 4148 509 4194 Vareno
560 4161 593 4192 a
640 4139 897 4208 Bithyniis
946 4140 1231 4202 accusatis,

1324 3423 1777 3496 proficiscentibus
1800 3423 2124 3495 precipiunt.
2153 3421 2258 3476 En.
2273 3453 2346 3463 —-

1326 3508 1642 3574 Relegaven'c,
1657 3521 1708 3556 ee
1715 3505 1988 3556 restituerit.
1999 3503 2211 3555 Praestat
2221 3521 2342 3556 cum

1324 3583 1573 3636 Cot-tiana
1590 3595 1642 3634 et
1659 3581 1962 3652 Gierigiana
1977 3581 2180 3653 legere:
2207 3598 2255 3634 ee
2271 3603 2344 3634 re·

1326 3665 1577 3732 legaverit,
1598 3677 1650 3711 et
1668 3663 1945 3713 restituerit.
1959 3661 2012 3714 S.

1398 3773 1467 3781 —-
1486 3746 1700 3792 Hercule.
1737 3739 2022 3805 Quomodo
2061 3740 2188 3793 huic
2225 3741 2343 3793 voci

1332 3839 1456 3872 suus
1476 3819 1562 3873 hic
1581 3819 1728 3873 locus
1746 3819 1814 3873 sit
1830 3858 1846 3883 ,
1867 3820 2130 3892 Gierigius
2149 3820 2274 3874 satis
2287 3839 2344 3874 se

1328 3899 1508 3953 videre
1519 3911 1692 3971 negat.
1704 3901 1773 3953 At
1782 3899 2020 3953 similiter
2032 3901 2231 3954 Plinius
2241 3901 2317 3952 Vt
2324 3940 2338 3959 ,

1338 3998 1421 4047 19,
1451 3983 1482 4030 6
1507 3996 1558 4031 :u
1579 3977 1831 4044 Proinde,
1861 3979 1901 4034 si
1922 3982 2130 4052 poenitet
2159 3993 2209 4032 te
2236 3979 2341 4032 Ita-

1330 4059 1552 4112 licorum
1577 4059 1892 4128 praediorum
1909 4099 1924 4124 ,
1949 4059 2052 4113 hoc
2079 4059 2341 4112 vendendi

1332 4152 1560 4208 tempus,
1573 4150 1706 4202 tum,
1721 4139 1965 4203 Hercule,
1981 4159 2144 4210 quam
2161 4139 2214 4192 in
2226 4156 2344 4209 pro-
