2857 4690
424 343 439 354 ‘
497 365 581 445 14
1048 363 1122 431 c.
1178 364 1517 432 PLINII
1568 363 1765 432 LIB.
1817 364 2042 432 vm.

512 514 2128 547 §Qmwmmmmmmmmmmm
2133 527 2602 548 mmmmm

1433 647 1696 784 vn.

480 903 531 956 A
566 897 769 955 Tacito
802 909 1068 974 rogatuS‚
1100 909 1163 952 ut
1195 895 1407 954 librum
1445 915 1612 953 suum
1646 908 1921 972 tanquam
1955 898 2224 974 magister
2263 901 2621 978 corrigeret,

556 994 633 1052 ita
682 993 996 1071 promittit,
1036 993 1193 1070 quod
1240 994 1287 1050 is
1312 993 1596 1076 petierat,
1635 1005 1700 1050 ut
1745 992 2076 1070 hyperbato
2117 994 2348 1053 titulum
2389 997 2620 1075 depre-

558 1105 739 1149 cetur.

968 1193 1031 1240 c.
1088 1183 1444 1240 prmius
1494 1193 1806 1240 rAcrro
1859 1195 2017 1243 suo
2067 1195 2118 1240 s,

572 1346 805 1427 NnQn
818 1370 857 1412 Ε
875 1358 952 1412 ut
964 1345 1282 1437 magistro
1298 1344 1644 1436 magister,
1664 1368 1879 1436 neque
1895 1357 1969 1412 ut
1988 1343 2312 1439 discipulo
2330 1346 2618 1442 discipu-

476 1455 577 1524 lus
604 1456 729 1550 (sic
753 1458 930 1525 enim
954 1455 1215 1550 scribis)
1236 1454 1351 1524 sed
1374 1469 1448 1522 ut
1479 1453 1805 1547 discipulo
1837 1455 2151 1548 magister
2181 1458 2362 1542 (nam
2385 1471 2462 1526 tu
2481 1483 2620 1528 ma·

474 1566 708 1659 gister,
736 1591 861 1661 ego
896 1580 1171 1650 contra}
1205 1580 1407 1659 atque
1441 1563 1589 1633 ideo
1623 1578 1694 1632 tu
1728 1565 1798 1632 in
1827 1563 2123 1634 scholam
2150 1591 2448 1652 revocem,
2483 1591 2614 1663 ego

473 1675 692 1745 adhuc
719 1675 1099 1746 Saturnalia
1126 1673 1718 1768 extendo)‚librum
1747 1674 2005 1743 misisti.
2031 1677 2214 1744 Num
2240 1678 2433 1770 potui
2463 1675 2612 1744 lon-

473 1788 620 1881 gius
633 1788 1049 1882 hyperbaton
1064 1787 1301 1870 facere,
1312 1800 1514 1879 atque
1531 1784 1658 1854 hoc
1673 1783 1820 1878 ipso
1833 1784 2146 1878 probare,
2161 1811 2314 1854 eum
2332 1809 2610 1874 meense,

472 1899 586 1992 qui
616 1924 755 1968 non
784 1898 989 1986 modo·
1007 1898 1323 1993 magister
1345 1911 1537 1980 tum,
1559 1893 1674 1963 sed
1699 1918 1784 1962 ne
1811 1893 2176 1988 dis'cipulus
2201 1895 2469 1988 quidem
2491 1897 2608 1964 de-

470 2008 660 2077 beam
682 2009 854 2079 dici?
882 2011 1157 2078 Sumam
1183 2023 1405 2077 tamen
1431 2029 1786 2101 personam
1811 2006 2147 2100 magistri,
2175 2031 2606 2102 exseramque

469 2121 539 2186 in
574 2119 817 2189 librum
847 2135 1039 2189 tuum
1065 2121 1197 2212 jus,
1225 2117 1406 2213 quod
1430 2114 1705 2203 dedisti3
1736 2141 1816 2185 eo
1847 2114 2140 2200 liberiuS‚
2158 2142 2294 2210 quo
2324 2117 2490 2186 nihil
2521 2143 2604 2187 ex

470 2232 633 2299 meis
662 2232 928 2324 interim
958 2229 1283 2298 missurus
1320 2249 1470 2296 sum
1496 2226 1618 2293 tibi
1636 2277 1655 2312 ‚
1685 2228 1754 2294 in
1781 2251 1919 2321 quo
1946 2242 2012 2295 te
2039 2227 2392 2300 ulciscaris,
2409 2228 2598 2298 Vale.
2669 2281 2680 2294 .

542 2424 588 2454 1.
608 2408 687 2453 -In
727 2404 943 2453 scholam
984 2420 1196 2451 revocas.
1236 2397 1483 2473 Apposite

463 2482 571 2536 huc
589 2480 868 2551 adscripsit
888 2478 1140 2531 Cellarius
1159 2478 1393 2531 Martial.
1408 2478 1484 2538 V,
1578 2496 1675 2527 non
1696 2481 1840 2529 modo
1855 2482 2101 2540 retardat,
2121 2498 2294 2530 verum
2314 2484 2463 2530 etiam
2483 2483 2600 2531 invi-

1578 2395 1646 2449 de
1661 2398 1866 2451 Senect.
1895 2398 2044 2451 XVI.
2070 2402 2159 2450 Ad
2179 2403 2599 2469 quernftuendum
2663 2439 2674 2454 .

464 2572 593 2613 extr.
622 2566 739 2611 Jam
766 2561 911 2611 crist&
937 2562 1139 2610 nucibus
1160 2578 1291 2627 puer
1306 2560 1486 2609 relicta}

466 2645 689 2692 Clamoso
708 2650 989 2691 revocatur
1013 2659 1047 2689 a
1071 2642 1303 2706 magistro
1317 2673 1471 2688 .....

462 2722 749 2771 Saturnalia
780 2720 1016 2771 transiere
1045 2732 1170 2769 tota.
1205 2720 1484 2767 Extendere

460 2811 643 2853 amant
656 2799 803 2870 pueri
818 2834 833 2860 ‚
852 2798 909 2851 id
922 2810 999 2851 est
1012 2836 1027 2862 ‚
1046 2799 1355 2850 continuare
1374 2798 1484 2849 lon-

461 2879 577 2950 gius
601 2882 919 2938 Saturnalia,
950 2892 1240 2930 revocantur
1259 2896 1291 2930 a
1312 2878 1481 2948 magi·

462 2970 590 3011 stro.
606 2956 813 3011 Plinius
825 2957 1051 3010 otiosum
1072 2974 1127 3009 se
1148 2957 1307 3010 fuisse
1326 2955 1484 3027 signi·

462 3038 586 3091 ficut
609 3054 704 3107 per
732 3038 1063 3089 occasionem
1085 3035 1448 3089 Saturnalium
1465 3073 1480 3099 ,

460 3116 849 3188 interpellatum
870 3134 901 3167 a
922 3116 1125 3169 Tacito.
1146 3116 1214 3168 G.

536 3217 563 3249 2
576 3236 590 3248 .
619 3200 751 3247 Num
768 3200 917 3263 potui
940 3198 1129 3263 longius
1159 3197 1476 3263 hyperbaton.

459 3274 647 3330 Studio
670 3276 831 3347 igitur
860 3278 1165 3344 hyperbaton
1186 3274 1448 3327 commisit
1463 3312 1480 3338 ,

458 3356 563 3410 hoe
594 3366 702 3420 eat,
739 3356 981 3427 longiore
1013 3353 1316 3427 parenthesi
1348 3372 1482 3406 con-

460 3434 758 3487 structionis
824 3434 1173 3507 grammatica
1238 3432 1480 3487 ordinem

460 3532 695 3585 egres-us
716 3513 1097 3567 esea—VM.
1123 3513 1165 3565 1.
1186 3512 1355 3568 C-Th.
1377 3512 1476 3565 Er-

458 3595 615 3647 nestii
632 3593 807 3647 Ledo.
827 3592 1031 3647 Techn.
1052 3593 1148 3645 Gr.
1174 3593 1324 3645 Rhet.
1346 3611 1478 3646 voce

458 3674 753 3748 ὑπιρέατόν.
766 3674 820 3728 S.
834 3701 907 3713 --
921 3677 1035 3725 Non
1052 3678 1200 3725 modo
1226 3676 1474 3741 magister.

458 3752 683 3807 Solenne
694 3770 807 3806 esse
818 3772 915 3804 non
928 3764 1045 3823 post
1056 3774 1155 3805 non
1166 3756 1311 3805 modo
1326 3752 1479 3805 omit-

454 3842 597 3898 tere,
630 3834 837 3906 quoties
862 3848 1000 3885 nova
1032 3844 1283 3905 sequatur
1312 3848 1475 3901 nega-

456 3913 533 3966 tio
548 3950 565 3977 ,
590 3926 649 3965 ut
666 3914 756 3967 hic
776 3932 839 3965 ne
858 3915 1079 3981 quidem,
1106 3914 1475 3985 pervulgatum

458 3988 619 4046 hodie
634 4004 711 4047 eet
730 4030 745 4056 ,
777 4004 829 4046 et
858 3992 915 4045 in
946 3993 1086 4045 bona
1117 3992 1307 4045 Lexiea
1334 3991 1473 4043 rela-

457 4083 590 4126 tum.
617 4072 719 4129 ssd
744 4073 1033 4127 attentione
1057 4070 1249 4143 dignus
1268 4110 1283 4135 ,
1312 4086 1474 4143 quem

1579 2572 1657 2607 eat
1669 2573 1821 2625 aeque
1836 2562 2040 2610 allectae
2052 2574 2284 2611 senectus.
2303 2559 2387 2613 Sic
2407 2578 2595 2631 nempe

1579 2635 1680 2705 legi
1699 2635 1851 2689 docet
1867 2638 2010 2691 hunc
2029 2638 2204 2690 locum
2226 2639 2284 2689 in
2304 2639 2592 2695 veterrimis

1579 2716 1899 2769 membranis
1931 2718 2088 2770 Nonii
2123 2717 2212 2783 11,
2253 2719 2320 2771 68
2340 2756 2355 2781 ,
2400 2730 2452 2771 et
2491 2720 2591 2784 IV,

1583 2796 1680 2848 232
1720 2814 1733 2848 :
1781 2809 1834 2848 et
1871 2796 2024 2850 video
2067 2798 2141 2850 ita
2187 2798 2344 2850 etiam
2390 2797 2592 2853 dedisse

1580 2888 1804 2947 utroque
1828 2877 1947 2929 loco
1976 2877 2293 2930 Mercerum.
2324 2877 2592 2951 Sed-apud

1579 2956 1749 3027 ipsum
1769 2956 2080 3010 Ciceronem
2105 2975 2212 3009 non
2235 2956 2410 3011 minus
2432 2976 2590 3029 quam

1578 3036 1634 3088 in
1669 3036 1783 3088 aliis
1819 3035 1980 3088 Nonii
2017 3034 2336 3089 editionibus
2373 3056 2553 3091 omnes
2573 3078 2585 3102 ,

1577 3113 1723 3187 quod
1753 3115 1915 3169 sciam
1934 3155 1948 3180 ,
1981 3135 2079 3168 non
2111 3116 2445 3169 interserunt.
2472 3118 2588 3170 Utri

1577 3194 1700 3246 libri
1735 3195 1837 3247 sint
1872 3196 2180 3249 sinceriores
2199 3234 2214 3257 ,
2251 3214 2358 3247 non
2397 3209 2586 3250 temere

1577 3272 1797 3328 dixerim
1813 3294 1826 3328 :
1840 3275 1941 3328 nisi
1955 3274 2100 3347 quod
2113 3273 2275 3327 nolim
2293 3284 2399 3333 tam
2414 3286 2585 3349 aperte

1576 3354 1748 3407 vitiari
1767 3373 2026 3409 canonem
2051 3366 2130 3406 tot
2147 3356 2396 3427 exemplis
2417 3356 2586 3409 firma·

1575 3445 1687 3485 tum
1729 3434 1797 3488 de
1833 3452 1942 3487 non
1986 3433 2277 3487 omittenda
2318 3436 2584 3506 negatione

1573 3526 1691 3585 post
1713 3534 1812 3567 non
1840 3530 2058 3575 cantum,
2089 3514 2194 3567 nisi
2215 3515 2308 3567 ubi
2330 3532 2466 3567 nova
2492 3532 2581 3567 ne·

1573 3596 1713 3666 gratio
1737 3606 2008 3667 sequatur.
2031 3594 2102 3647 G.

1643 3704 1714 3716 -—
1737 3680 1844 3741 Quo
1868 3678 2007 3728 nihil.
2037 3676 2183 3741 Quod
2196 3676 2324 3725 nihil
2342 3673 2453 3728 MS.
2474 3672 2580 3725 Me·

1572 3753 1672 3815 die.
1696 3753 2042 3809 G.--Verum
2063 3754 2164 3807 hoc
2185 3770 2200 3817 3
2225 3754 2578 3826 legereturque

1572 3834 1629 3887 in
1653 3846 1800 3887 textu
1825 3836 2112 3903 Cor-tianae,
2146 3834 2190 3887 si
2213 3850 2386 3906 operae
2405 3831 2580 3884 Cortio

1571 3914 2031 3995 obtemperassent.
2055 3914 2109 3968 S.
2133 3944 2204 3955 -
2224 3920 2286 3965 In
2313 3930 2410 3981 qao
2439 3922 2488 3960 te
2503 3914 2573 3969 ul·

1569 3995 1785 4047 cevatis.
1807 3994 1876 4048 Et
1901 4008 1986 4047 me
2013 3995 2148 4048 forte
2172 3990 2574 4045 calumniantem

1569 4072 1796 4127 vicissim
1814 4072 1821 4077 ’
1837 4074 2192 4130 calumnieris.
2234 4069 2574 4127 suavissimus

452 4150 548 4207 hic
562 4154 769 4215 Cottius
781 4153 1015 4226 profert,
1032 4151 1182 4206 locus
1202 4151 1471 4206 Ciceronis
1555 4154 1731 4226 J‘oeus.
1759 4152 1828 4205 G.

2822 1437 2823 1486 ἰ

2822 1525 2823 1576 1

2821 1589 2824 1642 A
