2857 4690
735 399 1249 471 PANEGYR.

1304 401 1528 470 CAP.
1582 403 1818 470 LXX.
2127 455 2132 464 -
2197 407 2336 480 353

225 534 333 618 rit,
358 533 809 604 testimonium
830 557 966 602 non
988 522 1241 602 reddet.
1266 535 1371 600 Ita
1392 532 1622 602 eadem
1639 532 1748 602 illa
1767 559 1880 605 seu
1905 535 2336 634 negligentia,
2375 567 2406 621 7

220 662 331 708 seu
369 637 745 734 malignitas
780 641 1189 734 principum,
1230 661 1436 732 quum
1477 637 1648 709 male
1689 641 2003 713 consultis
2045 645 2337 740 impuni-

216 759 415 815 tatem
432 798 455 832 ‚
484 759 664 815 recte
690 745 878 814 factis
906 743 1163 814 nullum
1190 745 1534 840 praemium
1562 745 2012 840 polliceretur,
2040 775 2164 821 nec
2191 749 2336 822 illos

212 875 249 920 a
289 852 570 921 crimine
589 905 609 939 ,
654 865 723 920 et
763 851 889 920 hos
932 849 1307 920 deterrebat
1344 875 1383 918 a
1425 849 1636 920 laude.
1684 857 1772 922 At
1812 877 2026 941 nunc,
2073 857 2126 926 si
2168 856 2336 927 bene
2371 865 2406 919 8

212 955 447 1051 aliquis
492 958 899 1052 provinciam
946 958 1219 1044 rexerit,
1260 956 1415 1025 huic
1451 959 1722 1050 quaesita
1769 961 2011 1030 virtute
2053 961 2336 1058 dignitas

208 1063 541 1135 offertur:
571 1077 756 1158 patet
788 1064 963 1132 enim
998 1061 1303 1132 omnibus
1340 1062 1614 1132 honoris
1649 1079 1714 1133 et
1745 1064 1968 1160 gloriae
2011 1091 2284 1163 campus
2317 1097 2334 1138 :

209 1193 289 1238 ex
314 1169 453 1239 hoc
486 1171 795 1264 quisque,
826 1168 1007 1263 quod
1038 1170 1255 1262 cupit,
1274 1182 1485 1262 petat,
1513 1183 1582 1238 et
1615 1186 2000 1264 assequutus
2020 1227 2040 1262 ,
2067 1174 2188 1243 sibi
2224 1173 2338 1245 dc-

207 1275 383 1344 beat.
422 1275 791 1345 Provinciis
830 1295 1095 1370 quoque
1135 1276 1203 1342 in
1247 1287 1624 1368 posterum,
1663 1289 1732 1346 et
1763 1277 2148 1370 injuriarum
2193 1305 2332 1349 me..

207 1395 387 1466 tum,
422 1395 491 1449 et
528 1380 879 1452 accusandi
916 1381 1371 1450 necessitatem
1410 1382 1751 1451 remisisti:
1787 1408 1940 1452 nam
1973 1387 2026 1453 si
2062 1386 2334 1480 profue-

206 1489 377 1574 rint,
412 1487 653 1581 quihus
688 1488 931 1581 gratias
968 1487 1223 1580 egerint
1241 1539 1260 1573 ‚

1301 1483 1385 1554 de
1424 1485 1609 1556 nullo
1645 1489 1828 1581 queri
1871 1505 2236 1585 cogentur3
2269 1505 2336 1560 et

206 1592 455 1687 alioqui
482 1591 715 1688 liquet,
742 1591 907 1662 nihil
931 1593 1141 1687 magis
1166 1590 1478 1686 prodesse
1505 1591 1854 1664 candidato
1877 1593 1960 1664 ad
1989 1613 2336 1691 sequentes

203 1795 333 1844 enim
352 1827 369 1854 ,
398 1803 503 1845 etc.
530 1789 635 1845 Sed
661 1791 861 1854 fateor,
886 1807 975 1842 me
990 1787 1231 1842 nondum

202 1888 543 1942 concoquere
566 1867 703 1923 illud
726 1870 866 1922 vides
894 1873 1023 1920 enim
1038 1885 1193 1940 posse
1214 1903 1231 1930 ,

205 1961 255 2002 et
314 1948 579 2022 suspicari
601 1986 617 2012 ,
656 1947 833 2021 primo
878 1959 998 2020 post
1034 1965 1231 2000 nomen

200 2031 451 2094 reputatio
491 2027 723 2094 positum
757 2044 870 2080 esse
911 2027 981 2080 ab
1018 2026 1195 2096 aliquo
1212 2061 1229 2087 ,

202 2107 333 2178 quin
360 2107 435 2160 ab
470 2107 587 2176 ipso
610 2105 749 2159 forte
772 2117 989 2159 auctore
1006 2142 1023 2169 ‚
1048 2107 1231 2158 wideli-

202 2202 313 2238 eet.-
333 2183 470 2238 illud
484 2181 676 2238 deinde
694 2185 765 2237 ita
786 2195 1112 2254 corruptum.
1128 2182 1231 2237 sed

204 2283 383 2338 neque
401 2263 477 2316 sic
492 2261 623 2315 mihi
636 2261 916 2316 satisfacio.
931 2263 1076 2315 G.-
1086 2261 1227 2315 Add.

199 2343 427 2399 Gesneri
450 2341 519 2397 ad
534 2343 589 2396 J.
606 2348 673 2395 A.
690 2341 992 2396 Ernestium
1010 2340 1230 2415 epistola

199 2423 419 2495 ipseque
440 2424 493 2476 J.
521 2422 588 2475 A.
616 2422 892 2476 Ernestius
922 2421 991 2475 ad
1016 2422 1071 2474 h.
1100 2422 1140 2476 1.
1172 2423 1227 2477 S.

200 2533 269 2543 —
296 2504 447 2553 Vides
479 2504 626 2554 enim.
664 2502 890 2554 Torsere
924 2520 978 2555 se
1025 2502 1080 2554 in
1125 2499 1229 2556 hoc

200 2582 301 2635 viri
319 2580 489 2635 docti.
510 2582 693 2633 Putem
713 2586 917 2633 rectum
934 2598 1065 2633 esse.
1081 2584 1229 2633 Enim

206 2673 285 2713 est
312 2659 603 2715 dubitantis
628 2672 680 2713 et
705 2660 998 2733 objicientis
1028 2659 1229 2731 aliquid

208 2740 287 2792 vel
324 2740 427 2793 sihi
474 2741 555 2793 vel
585 2738 718 2793 aliis.
746 2738 1025 2791 Inducitur
1066 2738 1231 2791 veluti

206 2819 487 2893 disputans
502 2819 713 2895 juvenis
742 2836 863 2870 cum
884 2817 988 2870 alio
1001 2856 1015 2879 ‚
1036 2816 1104 2870 ad
1116 2818 1229 2872 lau-

206 2896 330 2953 dem
348 2898 599 2951 hortante
616 2936 632 2961 ‚
651 2908 701 2951 et
718 2898 766 2950 ei
790 2895 893 2950 hoc
914 2896 1192 2970 obiiciente
1205 2935 1224 2962 ‚

204 2977 351 3049 qnod
370 2978 585 3050 praemia
599 2975 882 3047 aPrineipe
900 2994 1106 3047 sperare
1114 2994 1227 3029 non

204 3057 391 3129 possit.
430 3056 691 3109 Caeterum
733 3053 1007 3125 sequentia
1034 3055 1107 3107 ita
1141 3055 1227 3106 in·

204 3148 353 3189 certa
380 3145 505 3189 sunt
526 3134 580 3185 in
608 3134 752 3187 libris
769 3170 785 3197 ,
808 3143 868 3184 ut
889 3131 1020 3185 nihil
1048 3150 1226 3203 supra.

206 3218 415 3269 Interea
446 3226 749 3277 teneamus,
772 3210 921 3283 quod
944 3221 1022 3263 est
1044 3210 1101 3264 in
1126 3210 1229 3266 hac

202 3294 437 3349 editione
458 3310 476 3357 ;
517 3310 643 3345 nam
680 3291 739 3343 id
790 3291 975 3344 saltem
1007 3290 1229 3363 intelligi

207 3388 399 3445 potest,
418 3386 473 3427 et
496 3384 677 3445 aptum
697 3383 774 3423 est
790 3372 886 3424 rei.
906 3368 1230 3424 Schwarzius

203 3452 353 3507 dedit
376 3470 392 3506 ε
426 3456 476 3505 si
496 3455 623 3519 quid
646 3452 782 3504 bene
818 3450 1025 3513 fecer-03
1051 3454 1232 3501 seieme

206 3532 419 3587 Caesar?
435 3544 531 3584 aut
548 3567 565 3594 ,
580 3530 624 3582 si
642 3531 817 3583 scierit
838 3567 855 3593 ,
873 3527 1231 3582 testimonium

204 3612 391 3665 reddet
408 3612 433 3664 ?
460 3610 583 3661 Haec
607 3608 773 3679 magis
807 3608 1138 3661 consentiunt
1164 3607 1229 3659 li·

206 3690 315 3743 bris
338 3689 547 3761 scriptis
562 3726 578 3752 ,
599 3698 652 3742 et
675 3686 922 3739 similiora
942 3685 1118 3739 act-ius
1130 3682 1231 3737 dis-

204 3770 415 3845 putanti
434 3787 449 3822 :
466 3768 561 3820 illa
577 3766 831 3837 quaerenti
848 3777 899 3819 et
912 3764 1228 3837 desperanti.

206 3848 444 3901 Enuzst.
463 3878 535 3887 —-
560 3846 885 3899 Schwarzius
920 3846 995 3898 ita
1023 3842 1227 3896 edidit:

212 3954 235 3975 ι
250 3925 418 3981 Vides
442 3926 585 3979 enim
610 3924 625 3977 !
647 3925 692 3977 si
718 3923 847 3996 quid
858 3925 992 3978 bene
1017 3924 1227 3987 fecero,

205 4006 400 4060 scietne
427 4002 635 4058 Caesar?
660 4017 750 4057 aut
779 4004 822 4056 si
851 4003 1023 4057 scierit
1041 4040 1058 4068 ,
1082 4002 1230 4057 testi·

204 4086 445 4139 monium
469 4082 657 4137 reddet
674 4082 699 4134 i'
714 4110 739 4131 a·
756 4084 842 4138 sic
859 4095 911 4137 et
933 4081 1195 4157 Gierigius
1213 4120 1230 4148 ,

203 4166 305 4218 nisi
329 4160 481 4237 quod
494 4180 593 4234 pro
613 4165 817 4225 scit-ene,
844 4164 962 4215 sciet
978 4162 1229 4235 reposuit.

510 4274 609 4337 ΙΙ.

1314 1789 1508 1843 Sensus
1535 1789 1676 1843 idem
1697 1801 1774 1846 est
1795 1807 1811 1843 ε
1835 1811 1958 1846 nam
1979 1807 2034 1850 et
2049 1796 2152 1849 ino
2171 1798 2334 1852 inter-

1314 1868 1612 1940 rogationes
1629 1888 1772 1924 nunc
1791 1885 2003 1944 negant.
2021 1876 2088 1928 E.

1386 1947 1440 1998 8.
1464 1949 1823 2018 Sipmfherinc.
1844 1955 1898 2003 Si
1913 1953 2198 2024 provincioe
2209 1955 2293 2009 his
2317 1996 2333 2021 ,

1314 2027 1490 2092 quibus
1523 2025 1656 2078 hene
1691 2026 1760 2080 de
1797 2047 1852 2082 se
1903 2031 2103 2083 meritis
2140 2039 2334 2100 gratias

1316 2108 1505 2172 egerim
1519 2141 1536 2168 ,
1581 2104 1674 2158 illo
1717 2107 1834 2177 ipso
1877 2123 1975 2162 suo
2029 2109 2330 2168 testimonio

1314 2183 1458 2254 apud
1473 2185 1852 2254 Imperatorem
1860 2189 2140 2258 profiter-int
2148 2210 2169 2250 ,·
2189 2191 2240 2242 in
2247 2194 2293 2246 ci
2299 2223 2324 2235 -

1314 2261 1568 2314 tabuntur
1601 2261 1668 2315 ad
1705 2263 1930 2318 similem
1959 2267 2179 2338 gloriam
2198 2269 2287 2322 alii
2313 2309 2330 2336 ,

1313 2360 1482 2415 eaque
1518 2362 1704 2397 caussa
1742 2340 1815 2397 ita
1851 2366 1905 2399 se
1937 2354 2118 2418 gerent
2137 2386 2151 2412 ,
2185 2362 2245 2403 nt
2269 2354 2332 2401 de

1313 2426 1448 2473 nullo
1486 2426 1628 2491 queri
1669 2441 1909 2493 cogantur
1959 2426 2014 2479 in
2065 2440 2332 2499 posterum

1314 2502 1618 2571 provinciae.
1633 2502 1788 2556 Serva
1794 2504 1844 2556 vi
1865 2503 2022 2575 igitur
2026 2511 2176 2578 profi
2159 2514 2324 2574 aerim,

1312 2580 1899 2657 quodhabentantiquae
1912 2584 2182 2641 editiones.
2199 2594 2334 2641 Prae-

1298 2660 1496 2727 fiaerine
1527 2662 1738 2733 praefert
1769 2682 1832 2715 ex
1863 2667 2230 2739 manuscriptis
2256 2670 2326 2723 cl.

1310 2736 1665 2804 Schwarzius,
1694 2760 1852 2813 quem
1882 2743 2157 2815 alioquin
2141 2767 2196 2799 m
2225 2748 2326 2802 hoc

1311 2816 1432 2870 loco
1445 2820 1812 2875 constituendo
1829 2822 2054 2876 libenter
2069 2840 2322 2896 sequutus

1308 2914 1447 2951 sum.
1466 2896 1550 2953 G..

1378 3006 1453 3017 —
1481 2980 1617 3027 Nam
1646 2978 1692 3027 si
1703 2980 1993 3046 profiter-ine.
2029 2978 2204 3034 Probo
2241 2984 2328 3039 hic

1308 3052 1530 3106 Gesneri
1535 3052 1817 3125 judicium,
1830 3058 2148 3126 preferentis
2155 3061 2326 3126 alteri,

1310 3130 1456 3204 quod
1485 3132 1722 3205 sequitur
1749 3133 2071 3189 Schwarzius
2087 3178 2107 3203 ,
2135 3144 2327 3209 pra-fia-

1312 3214 1453 3263 en'nc.
1479 3210 1619 3264 lund
1647 3212 1862 3283 quidem
1881 3252 1896 3277 ‚
1923 3216 2070 3289 quod
2091 3230 2140 3270 et
2164 3231 2329 3273 veter-

1312 3290 1451 3343 rima
1463 3308 1579 3343 mea
1589 3290 1770 3345 Germ.
1784 3291 1870 3345 ed.
1879 3292 2056 3357 habet,
2064 3300 2328 3353 contextui

1315 3368 1524 3441 aptius:
1545 3370 1590 3423 si
1621 3368 1806 3424 laudes
1832 3385 1882 3425 et
1907 3374 2086 3444 gratim
2121 3378 2328 3445 provin-

1314 3448 1527 3503 cialium
1583 3448 1875 3521 profuerint
1939 3452 2326 3523 magistratibus

1314 3526 1458 3598 apud
1485 3530 1738 3581 Caesarem
1753 3564 1770 3591 ,
1807 3528 1944 3581 sicut
1967 3532 2212 3602 profuere
2247 3534 2323 3588 illi

1312 3608 1596 3680 questori,
1579 3628 1593 3641 ·
1639 3626 1796 3660 nemo
1839 3620 1960 3679 post
1995 3612 2324 3687 magistratus
2359 3599 2366 3614 ¹

1289 3687 1637 3751 'committet,
1666 3698 1722 3738 ut
1751 3698 2054 3758 querantur.
2088 3690 2321 3747 Eunu.

1316 3796 1383 3806 .-
1402 3764 1561 3817 Mox:
1591 3764 2064 3823 «Efficacissimum
2079 3788 2179 3843 pro
2198 3790 2326 3826 can-

1314 3842 1499 3897 didato
1537 3862 1697 3911 genus
1733 3855 1812 3897 est
1844 3844 2102 3917 rogandi,
2132 3853 2327 3922 gratias

1314 3942 1488 3995 agere.
1513 3921 1764 3976 Prodesse
1783 3923 2122 3981 candidatoi.
2141 3948 2194 4001 q.
2209 3932 2328 3986 effi-

1314 4002 1508 4057 caciter
1531 4020 1628 4073 pro
1651 4002 1930 4057 candidato
1950 4024 2138 4077 rogare
2153 4034 2195 4059 a..
2213 4010 2272 4065 S.

1385 4112 1456 4123 --
1491 4084 1682 4149 Liquet.
1717 4084 1950 4137 Verbum
1981 4087 2099 4141 loco
2134 4107 2327 4145 manco

1318 4158 1558 4213 sanando
1597 4160 1852 4216 insertum
1899 4184 1932 4218 a
1975 4165 2156 4239 Lipsio
2187 4186 2202 4219 :
2239 4167 2326 4223 cui

1949 4271 2038 4343 23
