2857 4690
944 367 1083 434 DE
1139 367 1215 434 c,
1274 367 1668 435 PLlNlo.
2219 365 2370 466 399
2494 397 2514 406 -

224 503 307 598 in,
344 497 683 570 hodiernis
725 496 1042 593 exemplis
1084 511 1520 568 numerantur
1555 521 1692 568 122
1716 552 1735 584 ,
1769 500 1837 566 in
1859 497 2110 570 Aldinis
2135 507 2200 570 et
2229 502 2372 573 aliis

246 609 425 694 ¹24,
457 620 527 675 et
565 604 733 674 ordo
771 627 906 673 non
947 619 1047 673 est
1098 604 1290 673 idem.

335 715 529 780 Inter
572 709 882 806 epistolas
922 707 1173 780 nobiles
1213 724 1369 780 sunt
1406 711 1706 805 inprimis
1737 709 1982 804 primo,
2013 711 2100 780 de
2139 713 2370 784 Plinio

230 817 475 911 majori
506 815 656 888 duae
680 869 698 898 ‚
740 840 902 910 quas
948 842 985 884 e
1024 815 1233 886 codd.
1266 841 1391 886 scr.
1435 817 1696 910 egregie
1729 829 1794 884 et
1835 819 2175 886 constituit
2203 833 2272 888 et
2304 819 2373 889 il-

234 921 545 992 lustravit
566 921 799 992 illustr.
826 927 1257 993 Bezzom'cus
1278 924 1347 989 in
1369 923 1666 1017 Disquis.
1686 921 1848 990 Plin.
1871 935 2028 991 tom.
2057 925 2122 1010 Ι,
2146 925 2220 992 L.
2243 928 2369 1012 IV,

232 1051 383 1123 pag.
450 1049 475 1098 1
502 1048 595 1098 to
638 1027 816 1122 seqq'.
868 1026 1018 1097 add.
1066 1027 1385 1096 Harduin.
1435 1028 1502 1096 in
1537 1027 1726 1097 Plinii
1767 1028 1869 1097 sui
1893 1031 1973 1096 T.
2008 1026 2031 1096 l
2066 1053 2167 1123 pr.
2213 1032 2370 1100 Post

234 1135 354 1203 has
395 1157 527 1221 eae,
572 1149 718 1227 quas
752 1146 908 1202 sunt
936 1130 1025 1202 de
1066 1135 1308 1221 Villae,
1345 1130 1411 1202 ΙΙ
1439 1184 1460 1218 ,
1504 1157 1625 1229 17,
1666 1136 1753 1218 V,
1791 1135 1856 1202 6.
1889 1135 2007 1204 His
2043 1150 2222 1204 recte
2263 1137 2366 1205 in-

232 1237 606 1334 telligendis
628 1292 648 1325 ,
692 1238 873 1332 quod
928 1238 1261 1333 plerisque
1306 1238 1446 1307 sine
1488 1238 1716 1333 figuris
1759 1263 1892 1308 non
1934 1239 2162 1310 datum
2209 1254 2310 1312 est
2339 1295 2362 1330 ,

234 1365 369 1414 non
408 1344 607 1438 pauci
632 1361 903 1439 operam
934 1364 1119 1414 suam
1158 1345 1620 1415 attribuerunt.
1653 1347 1755 1414 Ex
1795 1369 1875 1414 eo
1915 1349 2155 1441 genere
2184 1371 2364 1418 com-

234 1451 705 1520 memorandus
739 1451 1027 1544 primum
1069 1449 1291 1520 Andr.
1329 1439 1636 1520 Feliblen
1663 1503 1684 1536 ‚
1726 1452 1838 1546 qui
1879 1450 2024 1521 illas
2057 1452 2365 1548 epistolas

234 1555 391 1626 fecit
434 1555 723 1627 Gallicas
751 1609 771 1642 ,
806 1571 960 1625 cum
1006 1554 1235 1651 figuris
1268 1555 1575 1625 villarum
1611 1579 1700 1626 ex
1743 1581 1862 1627 sua
1899 1559 2208 1652 opinione
2235 1611 2255 1644 ‚
2299 1573 2368 1629 et

234 1663 409 1732 notis
436 1687 518 1731 ex
542 1677 685 1732 arte
711 1663 1256 1750 architectonica3
1278 1664 1482 1732 Paris.
1525 1687 1550 1732 1
1567 1661 1719 1757 698
1738 1715 1757 1750 ,
1784 1667 1868 1748 [ις
1897 1665 2099 1734 Amst.
2137 1664 2365 1760 170'6,

246 1791 376 1856 ¹23
411 1771 609 1838 TreV.
658 1766 890 1864 1725,
934 1768 1015 1856 83
1052 1771 1249 1838 etiam
1280 1769 1347 1836 in
1384 1769 1526 1861 ejus
1568 1769 1925 1837 Historiam
1972 1769 2320 1840 Artificum
2343 1825 2363 1858 ‚

234 1876 575 1946 Pictorum
608 1887 733 1944 etc.
778 1873 989 1944 illatas
1026 1889 1185 1944 tom.
1228 1875 1367 1956 VI,
1408 1898 1476 1968 p.
1536 1872 1695 1944 118.
1742 1876 2038 1944 Accessit
2086 1885 2156 1944 et
2207 1871 2363 1945 Itali

232 1983 613 2052 Scamozzz·
634 1979 781 2050 talis
807 1981 1163 2074 descriptio
1181 2034 1203 2067 ,
1232 1977 1480 2048 Italicae
1507 1979 1964 2048 architecturae
1995 1981 2086 2048 ita
2112 2005 2366 2050 accom-

232 2086 538 2173 modata,
562 2101 635 2156 ut
662 2085 773 2156 illa
797 2088 1143 2156 Francicae.
1178 2089 1337 2155 Post
1362 2085 1486 2154 hos
1511 2083 1952 2154 consulendus
1981 2089 2086 2155 Jo.
2121 2089 2363 2156 [Πανία

232 2195 628 2278 lanchua,
667 2193 1014 2262 Archiater
1033 2191 1275 2262 Pontis.
1306 2193 1401 2260 M.
1440 2193 1509 2258 in
1547 2191 1717 2259 Diss.
1753 2191 1836 2262 de
1865 2189 2174 2261 Plinianae
2196 2191 2366 2262 villae

228 2297 501 2369 altu-ius
518 2298 898 2386 ruderibus,
922 2301 1152 2369 Romae
1185 2322 1209 2369 1
1227 2322 1267 2394 7
1286 2301 1375 2384 14
1393 2352 1412 2384 ,
1440 2295 1554 2367 fol.
1585 2295 1669 2365 ad
1708 2295 1956 2367 calcem
1988 2297 2157 2368 Lud.
2186 2301 2358 2369 Ant.

232 2407 517 2475 Comitis
554 2406 859 2475 Marse'lii
892 2405 976 2474 de
1022 2406 1444 2505 generatione
1493 2400 1848 2499 fungorum
1876 2456 1896 2489 ,
1949 2417 2017 2472 et
2063 2404 2130 2472 in
2185 2407 2359 2473 Lan·

228 2512 373 2580 cisii
412 2512 724 2606 operibus
755 2514 1043 2581 Genevae
1082 2536 1106 2580 1
1124 2536 1163 2601 7
1182 2534 1205 2579 ι
1226 2510 1269 2581 8
1289 2564 1309 2597 ,
1346 2513 1393 2595 4
1423 2508 1654 2579 editis:
1690 2526 1824 2604 quo
1853 2511 2141 2603 pertinet
2161 2512 2358 2581 etlam

230 2620 511 2687 Hercul.
555 2620 859 2711 Cot-azzi
894 2618 1066 2687 Diss.
1103 2615 1331 2687 Italice
1372 2616 1619 2710 scripta
1656 2638 1855 2712 super
1887 2616 2176 2686 Lancisii
2217 2619 2360 2685 ani-

230 2723 761 2805 madversiones,
789 2726 1041 2793 Bonon.
1076 2744 1101 2793 1
1121 2748 1160 2819 7
1181 2746 1206 2792 1
1226 2747 1265 2819 7
1283 2776 1303 2809 ,
1336 2726 1403 2807 [ι.
1437 2724 1594 2791 Post
1610 2722 1790 2791 hunc
1818 2720 1988 2791 Rob.
2027 2722 2366 2793 Castellia-

234 2829 653 2899 Architectus
687 2822 1105 2899 Britannicus
1142 2831 1211 2897 in
1238 2853 1442 2923 opere
1469 2826 1812 2922 splendido
1829 2882 1850 2915 ‚
1877 2828 1989 2896 the
2015 2832 2086 2897 V
2081 2830 2243 2897 illas
2283 2830 2388 2921 qf'

214 2936 347 3007 ,the
382 2941 692 3005 ane-cents
715 2934 1136 3021 illustrased,
1160 2933 1376 3003 Lond.
1416 2956 1443 3003 1
1463 2934 1637 3028 728,
1657 2932 1768 3001 fol.
1799 2930 1992 3001 Plinii
2017 2933 2360 3027 epistolam

230 3056 583 3135 utramque
597 3040 875 3135 Anglice
903 3064 1161 3110 versam
1184 3052 1327 3107 tum
1355 3039 1528 3107 notis
1549 3090 1569 3121 ‚
1598 3052 1738 3106 tum
1769 3036 1998 3131 figuris
2029 3036 2310 3107 illustrat
2341 3093 2362 3126 ‚

232 3167 394 3217 usus
428 3147 712 3217 inventis
741 3144 1093 3215 Felibianis
1121 3196 1141 3229 ,
1170 3144 1407 3238 quihus
1435 3142 1626 3212 facile
1660 3141 1788 3211 fuit
1813 3140 2058 3237 aliquid
2085 3142 2360 3212 addere:

232 3252 349 3323 sed
394 3251 665 3323 meliora
712 3254 1037 3348 potuisset
1082 3250 1347 3321 efficere
1367 3302 1387 3335 ,
1428 3250 1484 3319 si
1525 3248 1610 3317 ab
1648 3249 1954 3319 Lancisio
1996 3274 2066 3318 se
2102 3250 2360 3318 exorari

232 3368 467 3454 pas‘sus
508 3373 681 3429 esset
712 3359 1088 3428 Marcellus
1128 3356 1500 3428 Sacchetus
1516 3405 1540 3442 ,
1581 3368 1649 3425 et
1683 3353 1944 3425 illorum
1988 3353 2311 3427 ruderum
2337 3404 2358 3439 ‚

230 3488 381 3559 quae
407 3465 549 3560 ipse
580 3465 786 3563 magis
814 3476 891 3533 ut
926 3462 1263 3558 physicus,
1292 3483 1492 3556 quam
1527 3461 1925 3549 architectus
1949 3512 1968 3547 ,
1999 3471 2361 3546 tractarat,

234 3570 781 3666 ichnographiam
812 3584 1120 3639 accurate
1141 3568 1515 3639 confectam
1539 3564 1864 3635 edidisset.
1903 3564 2177 3635 Librum
2211 3564 2366 3635 Gala

232 3675 433 3746 licum
477 3678 909 3745 recentiorem
927 3729 947 3762 ,
994 3667 1269 3745 Deliae-5
1302 3674 1391 3744 de
1425 3676 1501 3743 la
1535 3677 1800 3741 maison
1837 3670 1926 3741 de
1953 3674 2268 3741 Toscane
2295 3687 2368 3741 et

230 3782 405 3852 dela
424 3782 791 3853 maisonde
812 3786 1215 3871 Lam-entem
1239 3804 1360 3876 par
1376 3780 1685 3869 Farfari,
1722 3774 1951 3873 1736.
1977 3800 2002 3847 ι
2023 3794 2063 3847 2
2081 3807 2100 3863 3
2116 3800 2252 3847 non
2269 3780 2362 3845 vi-

234 3888 471 3959 dimus.
504 3888 635 3958 Sed
668 3888 847 3984 apud
874 3912 1027 3971 nos,
1055 3888 1121 3955 in
1140 3888 1458 3974 Sinonia,
1487 3885 1820 3979 ingenium
1845 3892 2036 3952 suum
2059 3884 2162 3953 his
2194 3882 2364 3953 vinis

232 3994 679 4067 describendis
721 4010 787 4065 et
828 3995 1203 4064 accuratius
1240 3991 1644 4063 delineandis
1685 3989 1936 4059 addixit
1958 4041 1979 4075 ‚
2014 4004 2166 4060 ante
2209 4014 2364 4085 pau·
