2857 4690
727 368 1242 437 PANEGYR.
1297 368 1517 437 CAP.
1560 314 1721 437 XC.
2154 370 2283 440 381

121 518 476 598 quantam
504 504 786 598 percipis
804 502 1210 597 voluptatem
1229 555 1248 588 ‚
1275 526 1481 595 quum
1506 501 1689 571 illum
1710 501 2049 570 tribunum
2068 556 2088 589 ‚
2110 502 2293 573 illum

123 610 436 679 militem
486 625 675 679 tuum
697 662 714 693 ‚
771 624 1027 677 tantum
1082 610 1547 703 imperatorem
1568 662 1589 694 ‚
1630 621 1885 677 tantum
1928 610 2295 703 principem

127 712 404 785 cernis!
455 740 740 809 cumque
782 740 894 797 eo,
930 716 1042 808 qui
1077 713 1448 809 adoptavit,
1488 715 1877 783 amicissime
1912 716 2297 802 contendiS‚
2370 724 2486 791 lm·
2520 740 2526 748 ’
2590 789 2593 798 ,
2630 772 2637 785 .
2708 708 2729 746 ”

130 822 508 917 pulchrius
550 822 748 890 fisisse
789 823 1088 915 genuisse
1133 820 1364 899 talem,
1397 844 1485 889 an
1527 816 1829 915 elegisse!
1862 824 2087 890 Macte
2118 836 2297 890 uter·
2336 830 2367 881 3
2472 837 2515 851 ·“

131 954 286 1023 que
327 930 582 1023 ingenti
615 929 682 995 in
717 927 1192 1043 iempublicam
1234 928 1507 1019 merito,
1538 930 1645 996 cui
1678 929 1808 996 hoc
1844 941 2103 996 tantum
2140 928 2297 996 boni

133 1030 573 1103 contulistis¹
627 1032 778 1101 licet
823 1013 1028 1106 alteri
1059 1030 1352 1101 vestrum
1403 1032 1519 1101 filii
1570 1035 1779 1103 virtus
1836 1032 2255 1129 triumphalia
2281 1084 2300 1117 ‚

135 1140 398 1210 caelum
429 1132 616 1208 alte'ri
651 1136 908 1208 dederit
938 1163 1119 1227 ‚non
1157 1141 1396 1209 minor
1403 1154 1624 1209 tamen
1658 1154 1875 1209 vestra
1910 1138 2086 1223 laus,
2123 1138 2309 1234 quod

139 1249 287 1316 ista
329 1272 452 1341 per
495 1244 738 1332 filium,
779 1270 976 1339 quam
1015 1246 1068 1313 si
1111 1246 1234 1339 ipsi
1273 1248 1685 1315 meruissetis.

269 1354 424 1421 XC.
441 1354 613 1439 Scia,
637 1354 708 1421 P.
725 1354 828 1437 C„
847 1376 1050 1445 quum
1071 1365 1342 1421 caetcros
1369 1353 1545 1421 cives
1561 1406 1581 1439 ‚
1608 1368 1750 1421 tum
1782 1354 2114 1446 praecipue
2142 1376 2301 1421 con-

150 1459 378 1543 sules,
423 1473 730 1553 oportere
769 1459 860 1526 sic
895 1457 1106 1538 affici,
1143 1472 1218 1525 ut
1257 1482 1326 1526 se
1363 1458 1625 1551 publice
1657 1460 1902 1553 magis,
1938 1482 2136 1552 quam
2170 1459 2301 1551 pri·

151 1568 372 1634 vatim
420 1564 746 1659 obligatos
789 1578 1038 1659 putent.
1081 1565 1178 1631 Ut
1219 1566 1392 1631 enim
1436 1564 1643 1633 malos
1689 1566 2019 1660 principes
2061 1566 2307 1633 rectius
2342 1596 2369 1626 α

157 1671 648 1765 pulchriusque
700 1685 800 1739 est
852 1694 932 1737 ex
987 1670 1449 1760 communibus
1507 1671 1759 1764 injuriis
1808 1670 2059 1753 odisse,
2104 1694 2301 1763 quam

157 1779 459 1871 propriis
493 1805 510 1861 ;
549 1778 638 1845 ita
681 1777 840 1846 boni
877 1778 1230 1871 speciosius
1265 1790 1573 1844 amantur
1614 1777 1701 1845 ob
1740 1801 1818 1844 ea
1836 1830 1857 1863 ‚
1894 1800 2041 1869 quae
2082 1777 2305 1870 generi

157 1884 506 1970 humane,
542 1907 742 1977 quam
781 1906 925 1975 quae
963 1880 1338 1950 hominibus
1377 1896 1709 1975 praestant.
1752 1883 1929 1970 Quia
1971 1896 2193 1950 tamen
2236 1882 2299 1948 in
2340 1890 2371 1941 3

157 1990 714 2061 cosuetudinem
750 1990 967 2075 venit,
1007 2001 1084 2057 ut
1117 1985 1454 2073 consules,
1492 1986 1757 2081 publica
1795 1988 2152 2080 gratiarum
2192 2011 2303 2055 ac·

163 2236 306 2269 num
333 2215 601 2278 audimus,
615 2217 690 2269 tx
711 2256 726 2281 ,
747 2218 808 2268 6:
832 2241 855 2259 α
877 2214 1032 2281 Quod
1053 2225 1194 2285 patet
1279 2214 1347 2266 G.
1365 2245 1434 2254 -
1452 2221 1533 2265 An
1549 2218 1761 2282 elegisse.
1778 2215 1928 2267 Prius
1952 2213 2175 2267 daturus
2195 2230 2307 2269 erat

166 2308 346 2350 terras
379 2295 514 2348 iuter
531 2334 548 2359 ,
579 2295 822 2366 lunaeque
847 2306 1048 2348 meatus
1065 2334 1079 2360 ,
1105 2294 1194 2348 Se·
1279 2292 1716 2354 Ernestins.-Ita‚
1735 2292 2047 2364 inquit,non
2070 2294 2303 2350 dubitavi

167 2375 340 2429 midei
377 2395 559 2428 manes
602 2375 862 2428 habitant.
883 2399 904 2420 a
933 2373 1196 2426 Laudavit

167 2457 424 2527 Lipsius:
453 2455 708 2508 Cellas-ius
730 2467 905 2506 autem
927 2453 1108 2506 Manil.
1131 2453 1156 2503 1
1176 2489 1191 2514 ,

173 2539 278 2604 761
312 2545 364 2586 et
383 2537 504 2587 800.
523 2535 784 2588 ceterum
797 2551 904 2586 non
917 2549 1101 2603 passus
1115 2544 1194 2582 est

169 2616 442 2686 Trujauus
454 2627 662 2685 patrem
671 2630 826 2664 suum
835 2631 1038 2682 semper
1047 2629 1198 2663 exsu-

171 2694 294 2746 lare
305 2692 432 2746 eolo
451 2693 583 2764 ipso.
599 2693 779 2745 Exstat
795 2693 936 2745 enim
945 2709 1196 2744 nummus

175 2783 328 2826 sexto
355 2771 494 2824 illius
511 2771 794 2824 consulatu
813 2789 1092 2842 percussus
1105 2807 1120 2834 ‚
1140 2769 1196 2822 in

175 2871 292 2923 quo
317 2867 438 2903 mvi
467 2869 646 2904 nunu
679 2867 748 2902 n·
779 2867 1046 2902 nnuma
1073 2867 1194 2902 nr.

177 2930 420 2984 adversis
435 2929 666 2983 vultibus
681 2941 1064 3000 proponuntur.
1085 2928 1194 2980 vid.

177 3011 386 3080 Spanh.
409 3009 534 3062 diss.
557 3009 654 3062 XI.
684 3028 742 3080 p.
767 3011 888 3062 328.
907 3008 976 3060 G.
997 3037 1066 3048 --
1095 3013 1174 3058 Tn

180 3095 388 3140 bimum.
410 3126 424 3138 .
447 3091 685 3141 ,milicem
701 3087 1056 3140 Detribunatu
1071 3087 1202 3138 Tru-

175 3169 296 3242 jani
319 3167 520 3221 dictum
553 3187 668 3238 cap.
690 3169 808 3228 XV,
845 3184 892 3218 1.
919 3197 990 3206 --
1011 3167 1200 3218 Nonne

181 3249 376 3302 melius
395 3259 510 3300 erat
528 3247 603 3300 sic
620 3284 634 3310 ,
657 3250 793 3298 illum
812 3249 1012 3297 militem
1029 3281 1045 3306 ,
1065 3247 1202 3296 illum

181 3331 432 3379 tribunum
444 3325 693 3378 tuum?G.
715 3327 954 3377 —Immo
971 3323 1204 3378 Schwar-

183 3407 302 3458 πίω
313 3406 540 3458 alterum
557 3402 795 3458 ordinem
809 3404 1064 3474 aptiorem
1081 3421 1204 3454 con-

117 3529 124 3534 .
183 3485 310 3540 silio
329 3485 554 3538 oratoris
576 3483 746 3536 docet.
771 3483 1206 3554 Trajanus·pater

187 3564 266 3617 fili
273 3583 364 3618 um
377 3564 599 3616 miratur
619 3583 648 3616 e
669 3566 860 3614 tribuno
875 3603 890 3628 ,
907 3574 958 3613 et
977 3581 1006 3614 e
1025 3579 1206 3633 grega-

185 3645 272 3696 rio
296 3642 434 3696 adeo
457 3646 608 3694 milite
623 3641 691 3694 ad
711 3641 1102 3713 imperatoriam
1120 3641 1205 3694 di-

187 3724 444 3794 gnitatem
461 3721 952 3774 evectum.E.-An
972 3723 1166 3788 elegisse
1185 3727 1207 3769 1

189 3803 314 3856 Hoc
358 3800 681 3854 constructio
719 3800 958 3852 laborare
982 3797 1204 3852 videtur.

189 3881 330 3935 Nam
367 3880 595 3934 debebat
623 3879 697 3932 ita
725 3878 966 3932 connecti
999 3879 1169 3931 oratio
1188 3916 1205 3942 ‚

203 3987 226 4009 ι
251 3960 534 4034 pulchrius
558 3959 720 4013 fuisse
749 3959 990 4030 genuisse
1011 3957 1166 4011 talem
1189 3995 1208 4022 ‚

191 4060 356 4113 quam
369 4039 634 4112 elegisse-3
647 4039 728 4092 vel
747 4039 812 4092 ita
822 4075 838 4102 ‚
851 4037 1210 4109 «pulchriusne

147 4189 154 4200 ι
191 4121 376 4186 fuerit,
387 4119 630 4192 genuisse
645 4117 826 4180 talem,
841 4135 910 4170 an
927 4117 1206 4188 elegisse?-

1280 2390 1402 2424 cum
1413 2371 1645 2444 Gierigio
1654 2391 1856 2444 ponere
1862 2391 1961 2444 pro
1974 2375 2120 2446 vulg.
2132 2397 2200 2428 an
2215 2382 2307 2429 ele-

1277 2454 1404 2519 gisse
1417 2489 1433 2510 ,
1457 2469 1575 2522 quae
1588 2453 1908 2505 constructio
1928 2467 2173 2524 corrupta
2200 2469 2302 2510 est:

1283 2531 1549 2584 Gesnerus
1574 2534 1685 2604 jam
1716 2545 1991 2585 monuerat
2018 2531 2210 2588 debere
2232 2537 2306 2590 ita

1281 2611 1524 2663 connecti
1538 2611 1827 2663 orationem
1844 2615 2119 2678 :pulchrius
2116 2618 2301 2684 fidae,

1277 2693 1499 2757 genuisse
1539 2694 1689 2743 talem
1706 2729 1721 2751 ,
1758 2711 1908 2758 quam
1948 2695 2145 2762 elegisse
2168 2717 2189 2755 ,-
2221 2696 2304 2750 vel

1281 2769 1356 2821 ita
1368 2807 1385 2830 ,
1409 2772 1725 2836 pulchrius-ne
1739 2771 1904 2836 suerit
1914 2809 1931 2832 ‚
1963 2775 2187 2839 genuisse
2232 2791 2308 2825 ca-

1284 2851 1406 2908 lem,
1439 2868 1507 2900 aa
1526 2852 1739 2916 elegisse.
1761 2848 1883 2901 Hac
1908 2853 2163 2920 posterior
2182 2873 2307 2906 con-

1283 2928 1499 2980 structio
1538 2928 1671 2980 mihi
1702 2929 1861 2981 etism
1900 2929 2073 3000 aptior
2096 2929 2307 2985 videtur

1169 3011 1196 3048 '-
1283 3007 1445 3059 vex-ho
1476 3011 1767 3058 contendere
1785 3043 1801 3068 ,
1821 3007 1966 3076 quod
2000 3023 2305 3080 sequentem

1283 3086 1735 3156 comparationem
1776 3085 2011 3158 aliquam
2042 3088 2307 3158 postulare

1283 3163 1511 3216 videtur.
1531 3189 1557 3210 a·
1583 3165 1933 3218 Verissimum
1958 3167 2077 3220 hoc.
2104 3169 2305 3220 Vitium

1285 3255 1365 3296 est
1385 3283 1402 3310 ,
1427 3263 1536 3296 non
1564 3245 1623 3298 in
1654 3265 1721 3296 an
1740 3285 1757 3306 ,
1788 3246 1879 3300 sed
1920 3247 2177 3314 infitisse:
2209 3249 2305 3301 nisi

1287 3323 1414 3395 quid
1444 3323 1694 3378 excidisse
1720 3324 1977 3380 dicamus.
2002 3327 2057 3380 S.
2108 3371 2117 3380 .

1359 3403 1411 3456 3.
1440 3407 1797 3472 Triumphalia.
1828 3405 1905 3458 De
1936 3405 2027 3459 illa
2063 3406 2305 3464 Parthica

1287 3483 1441 3536 lauro
1482 3481 1713 3554 loquitur
1730 3525 1745 3548 ‚
1786 3501 1949 3554 quam
1979 3483 2305 3542 declaratum

1289 3563 1477 3616 ivimus
1509 3562 1577 3615 ad
1607 3564 1763 3627 XIV,
1798 3582 1845 3616 1.
1878 3563 1983 3617 Sed
2012 3566 2123 3620 sine
2144 3566 2309 3623 dubio

1291 3643 1449 3694 etiam
1468 3644 1807 3710 triumphalem
1824 3658 2042 3696 statuam
2066 3648 2203 3717 patri
2220 3669 2309 3720 po-

1293 3722 1396 3774 suit
1415 3759 1428 3784 ,
1460 3723 1541 3774 vel
1566 3722 1789 3793 positam
1804 3721 2115 3777 instauravit
2131 3744 2144 3779 :
2162 3745 2311 3783 orna-

1293 3811 1573 3872 mentaque
1610 3800 1689 3853 illi
1727 3800 2061 3872 triumphalia
2101 3824 2309 3863 conser-

1295 3881 1458 3935 vavit.
1472 3881 1546 3932 De
1563 3885 1682 3931 eaelo
1697 3884 1871 3931 Ner-m·
1882 3885 2001 3932 daeo
2022 3883 2131 3938 vid.
2150 3905 2307 3959 supra

1295 3979 1412 4031 cup.
1433 3960 1529 4012 XI.
1548 3959 1616 4012 G.

1366 4039 1482 4092 XC.
1512 4043 1561 4090 3.
1576 4043 1637 4088 In
1664 4041 2057 4094 consuetudinem
2080 4050 2235 4098 venit.
2248 4055 2311 4098 In

1301 4119 1695 4170 consuetudinem
1717 4121 1871 4170 vertit
1884 4117 2031 4176 MSS,
2060 4124 2315 4197 improui-
