2857 4690
493 330 590 419 64
1111 341 1188 407 C.
1240 340 1585 409 PLINII
1634 341 1820 409 LIB.
1866 340 1997 406 lx.

423 480 458 539 4
495 458 703 529 tabat.
735 460 834 528 Ac
867 460 1102 552 primis
1137 459 1406 555 quidem
1449 459 1684 529 diebus
1721 458 1995 529 redditae
2026 456 2351 529 libertatis
2391 483 2517 554 pro
2554 485 2639 529 se

493 570 772 664 quisque
799 570 1104 640 inimicos
1135 596 1290 640 suos
1309 626 1329 658 ‚
1363 566 1714 641 dumtaxat
1746 571 2074 659 minoreS‚
2110 570 2454 639 incondito
2482 586 2635 640 tur-

491 678 783 774 bidoque
802 677 1094 749 clamore
1111 680 1613 776 postulaverant
1640 681 1840 753 simul
1870 697 1939 751 et
1962 696 2443 777 oppresserant.
2472 684 2632 776 Ego

487 804 556 859 et
573 789 937 859 modestius
951 806 1020 860 et
1039 794 1455 863 constantius
1472 794 1832 864 arbitratus
1851 792 2401 861 immanissimum
2426 816 2621 859 reum

487 924 628 968 non
659 904 1000 970 communi
1030 917 1410 998 temporum
1440 902 1721 990 invidia,
1748 902 1865 974 sed
1893 903 2170 998 proprio
2197 902 2475 970 crimine
2504 928 2621 971 ur-

481 1034 644 1104 gere
673 1035 690 1078 z
721 1036 932 1105 quum
961 1012 1102 1105 jam
1144 1015 1301 1084 satis
1332 1012 1443 1083 ille
1478 1016 1735 1111 primus
1773 1016 2059 1109 impetus
2092 1012 2505 1101 deservisset,
2548 1029 2620 1083 et
2690 1070 2695 1074 .

485 1118 867 1216 languidior
911 1122 983 1191 in
1026 1121 1166 1193 dies
1209 1124 1306 1193 ira
1354 1124 1441 1193 ad
1483 1126 1810 1218 justitiam
1853 1123 2128 1193 redisset
2148 1176 2167 1208 ‚
2203 1146 2615 1217 quamquam

485 1246 630 1299 tum
671 1233 956 1301 maxime
994 1232 1238 1321 tristis,
1285 1236 1525 1305 amissa
1574 1260 1795 1330 nuper
1832 1258 2075 1320 uxore,
2108 1234 2306 1302 mitto
2340 1232 2428 1301 ad
2466 1236 2615 1303 An-

485 1342 686 1411 teiam
717 1342 960 1437 (nupta
995 1343 1138 1414 haec
1181 1343 1497 1415 Helvidio
1538 1344 1810 1441 fuerat),
1850 1368 2015 1439 rogo
2056 1358 2133 1413 ut
2159 1342 2420 1430 veniat,
2450 1343 2613 1437 quia

413 1466 448 1518 5
483 1476 592 1521 me
619 1477 846 1523 recens
877 1453 1098 1523 adhuc
1125 1452 1345 1524 luctus
1375 1454 1606 1525 limine
1640 1458 2034 1526 contineret.
2064 1456 2161 1524 Ut
2190 1454 2404 1539 venit,
2430 1456 2613 1521 «De-

479 1564 802 1634 stinatum
837 1578 974 1653 est·‚
1007 1565 1282 1659 inquam
1303 1619 1324 1647 ‚
1363 1566 1531 1635 mihi
1567 1549 1885 1635 maritum
1921 1579 2111 1634 tuum
2140 1588 2277 1633 non
2316 1560 2611 1631 inultum

478 1674 644 1769 pati.
681 1675 935 1743 Nuntia
954 1676 1168 1744 Arriae
1197 1690 1262 1744 et
1288 1676 1561 1745 Fanniae
1586 1678 1700 1770 (ab
1734 1675 1965 1745 exsilio
2000 1674 2177 1743 enim
2206 1671 2607 1765 redierant):

477 1782 752 1852 consule
779 1798 876 1869 te,
913 1784 1186 1853 consule
1213 1784 1394 1873 illas,
1426 1811 1513 1857 an
1541 1786 1756 1856 velitis
1794 1784 2083 1855 adscribi
2117 1783 2326 1866 facto,
2362 1782 2435 1849 in
2468 1806 2609 1877 quo

477 1918 604 1989 ego
641 1894 888 1963 comite
919 1919 1054 1963 non
1096 1919 1260 1989 egeo
1290 1894 1453 1964 :sed
1496 1920 1635 1965 non
1679 1896 1771 1965 ita
1819 1894 2045 1990 gloriae
2080 1916 2245 1962 meae
2288 1890 2567 1961 faverim
2586 1946 2607 1979 ‚

403 2014 442 2063 6
477 2020 556 2075 ut
578 2004 769 2073 vobis
803 2004 1188 2075 societatem
1226 2004 1370 2098 ejus
1404 2005 1814 2075 invideam.»
1844 2003 2103 2073 Perfert
2138 2001 2605 2071 Anteia‘man-

473 2113 672 2200 data3
707 2138 834 2183 nec
877 2113 1004 2182 illae
1047 2128 1398 2184 morantur
1430 2140 1447 2184 ε
1488 2129 1873 2210 opportune
1914 2128 2180 2182 senatus
2212 2112 2389 2180 intra
2420 2110 2600 2179 diem

473 2226 772 2295 tertium.
819 2225 1070 2293 Omnia
1110 2250 1237 2319 ego
1282 2248 1543 2319 semper
1588 2226 1675 2293 ad
1703 2223 2073 2295 Corellium
2126 2221 2355 2305 retuli,
2397 2246 2603 2315 quem·

470 2334 1125 2430 providentissimum
1175 2334 1386 2404 aetatis
1438 2351 1681 2405 nostrae
1736 2335 2429 2430 sapientissimumque
2479 2357 2602 2403 co-

471 2446 692 2540 gnovi.
725 2447 806 2512 ln
836 2445 964 2513 hoc
1000 2459 1221 2513 tamen
1249 2461 1608 2515 contentus
1638 2445 1915 2516 consilio
1950 2471 2101 2516 meo
2128 2445 2223 2515 fui
2245 2499 2265 2530 ,
2302 2444 2555 2513 veritus
2576 2498 2597 2531 ,

469 2581 556 2624 ne
609 2568 912 2622 vetaret:
949 2569 1093 2623 erat
1138 2558 1316 2623 enim
1357 2559 1782 2627 cunctantior
1815 2559 2233 2652 cautiorque.
2280 2555 2413 2625 Sed
2458 2581 2598 2639 non

467 2665 752 2734 sustinui
794 2662 1112 2734 inducere
1151 2668 1220 2734 in
1265 2667 1601 2755 animum,
1643 2693 1779 2762 quo
1812 2668 2032 2738 minus
2072 2665 2171 2736 illi
2212 2666 2443 2735 eodem
2484 2665 2600 2734 die

536 2844 828 2905 4.Reddita·
840 2844 1076 2894 libertatis
1087 2843 1302 2896 nomine
1315 2843 1485 2914 expri-
1578 2831 1791 2910 Cortio‘,
1814 2845 2011 2898 Duker.
2043 2842 2113 2896 ad
2142 2844 2185 2896 F
2186 2843 2285 2895 lor.
2310 2843 2387 2905 n,
2420 2844 2506 2905 16,
2538 2841 2591 2894 3.

463 2923 678 2976 mebant
688 2921 874 2974 Nervae
887 2932 1114 2992 tempus.
1131 2921 1236 2974 En.
1255 2951 1324 2961 —
1340 2925 1481 2988 Quis·
1575 2923 1646 2977 G.
1661 2956 1731 2966 —
1743 2925 1972 2978 Priorem
1990 2943 2193 2975 uxorem
2208 2921 2407 2974 Plinius
2419 2920 2593 2972 amisit

463 3023 583 3071 qne.
605 3041 618 3055 .
639 3039 653 3055 .
675 3005 1078 3070 .pouulaverane.
1103 3001 1254 3054 Hanc
1283 3019 1477 3072 prono·
1575 3023 1627 3056 a.
1645 3003 1998 3072 97.solemnis
2013 3021 2125 3056 mos
2138 3001 2430 3072 lugentium
2445 2999 2591 3070 apud

461 3083 622 3136 minis
651 3085 854 3150 quisque
879 3099 1002 3132 cum
1019 3078 1212 3151 plurali
1235 3091 1477 3132 consti-u·
1572 3085 1836 3137 Romanos
1862 3086 2107 3148 limine‘se
2134 3079 2419 3134 continere.
2444 3079 2550 3131 En.

461 3161 690 3216 ctionem
705 3161 916 3231 copiose
933 3157 1024 3212 hic
1043 3177 1102 3212 ex
1121 3159 1266 3214 Mss.
1287 3160 1479 3232 probat
1645 3163 1698 3216 5.
1722 3166 1802 3214 Ab
1828 3165 2003 3214 exsilio
2038 3165 2166 3212 enim
2204 3162 2467 3210 redieram.
2498 3159 2587 3211 Al.

462 3241 692 3294 Cottius.
710 3239 780 3292 G.
1572 3240 1808 3314 neglecta
1824 3239 2193 3314 conjunctione
2206 3273 2223 3299 ,
2240 3239 2306 3286 ab
2319 3239 2492 3288 exsilio
2510 3258 2588 3288 re-

531 3323 903 3390 ——Dqfi-rvisset.
916 3317 1126 3372 Coi-tius
1137 3336 1200 3371 ex
1211 3316 1473 3381 Medieeo,
1570 3325 1781 3372 dieram.
1802 3317 1962 3384 Quod
1976 3315 2183 3370 Cottius
2198 3317 2317 3386 jure
2334 3317 2583 3385 pretulit.

459 3404 816 3471 defremuisset,
857 3397 1006 3470 quod
1047 3398 1221 3469 ipsum
1261 3405 1475 3470 quoque
1570 3400 1656 3456 Sic
1703 3398 1864 3452 modo
1907 3395 2190 3448 habuimus
2227 3411 2242 3446 :
2280 3406 2435 3461 nupta
2478 3398 2584 3446 laoec

461 3493 644 3554 aptum
667 3479 800 3532 huic
820 3478 897 3532 rei
912 3495 1024 3532 esse
1037 3517 1054 3543 ,
1073 3495 1231 3530 nemo
1249 3495 1472 3549 negave-
1574 3481 1798 3532 Helvidio
1808 3479 1999 3546 ficerat.
2016 3473 2075 3527 8.
2093 3499 2166 3514 ·—-
2181 3476 2582 3543 Adscribs'faceo.

461 3562 546 3616 rit.
572 3559 818 3616 Sidonius
834 3596 851 3622 ,
877 3557 1108 3610 imitator
1127 3557 1279 3611 Plinii
1293 3576 1387 3642 gp.
1415 3577 1473 3626 9,
1567 3552 1957 3612 subscribenda
2006 3555 2339 3606 accusatione
2356 3590 2374 3616 ‚
2417 3571 2581 3625 quam

458 3657 516 3709 9,
543 3644 697 3693 donec
719 3641 938 3708 gencium
969 3639 1328 3690 concitatarum
1351 3657 1472 3704 pro-
1570 3637 1855 3691 meditatur
1890 3632 2091 3686 Plinius
2108 3669 2125 3694 ,
2156 3653 2188 3688 a
2214 3649 2321 3704 qua
2348 3632 2581 3686 subscri..

459 3723 584 3773 eella
625 3716 923 3789 defi-emeret.
965 3721 1186 3768 Fremere
1231 3713 1298 3768 de
1333 3713 1473 3766 indi·
1568 3716 1751 3789 ptioue
1774 3731 1871 3785 pro
1896 3724 2202 3766 accusatore
2225 3709 2341 3782 ipso
2368 3716 2580 3764 subscri-

457 3799 734 3872 gnantium
750 3796 968 3850 vocibus
997 3807 1050 3848 et
1077 3793 1312 3848 anhelitu
1334 3791 1469 3859 dici,
1558 3811 1681 3866 poor
1698 3810 2081 3863 nonnunquam
2106 3790 2320 3844 dicitur.
2346 3790 2582 3844 Subscri-

457 3892 643 3934 notum
662 3875 1000 3940 est.G.‚Add.
1015 3874 1234 3928 Gesneri
1249 3873 1317 3928 ad
1334 3873 1384 3925 J.
1399 3873 1467 3926 A.
1564 3873 1729 3948 paiste
1755 3870 1977 3926 feminas
1990 3909 2007 3930 .
2032 3869 2232 3925 indicat
2256 3869 2431 3924 verbis
2448 3907 2464 3934 ,
2490 3891 2579 3921 nec

457 3961 756 4016 Ernestinm
789 3955 1026 4028 epistola.
1053 3985 1126 3996 —
1151 3959 1272 4006 Tum
1309 3957 1471 4004 maxi-
1565 3959 1665 4008 illoe
1682 3967 1950 4005 momatur.
1970 3949 2441 4005 G.—.50cieeaoem.
2469 3949 2580 4002 Me-

457 4061 548 4093 me.
564 4037 802 4094 Eandem
819 4037 930 4090 vim
945 4034 1302 4105 babet‚quam
1319 4052 1469 4100 quum
1563 4035 1667 4087 lius
1705 4031 1914 4086 Cortiua
1948 4050 2010 4084 ex
2044 4029 2285 4084 Mediceo
2324 4031 2574 4082 socictate.

453 4103 672 4171 metu-imo
693 4139 711 4168 .·
739 4115 884 4186 quod
918 4110 1144 4166 ostendit
1161 4149 1178 4174 ‚
1221 4111 1467 4165 laudante
1564 4111 1691 4164 vid.
1716 4109 2023 4180 Heusinger.
2049 4108 2119 4163 ad
2143 4110 2194 4174 1,
2228 4127 2313 4172 ιο,
2344 4127 2427 4162 12.
2452 4107 2509 4159 S.
