2857 4690
817 381 1338 451 PANEGYR.
1385 383 1611 451 CAP.
1665 385 1752 450 X.
2223 380 2363 453 253

201 519 592 598 perator-em
624 504 930 574 fiiturum
973 529 988 572 ε
1019 529 1166 573 eras
1197 506 1578 599 Imperator
1596 557 1617 586 ‚
1642 519 1710 574 et
1741 529 1887 574 esse
1912 520 1977 574 te
2000 506 2361 577 nesciebat-1.

203 620 304 685 Ut
327 641 494 685 vero
533 615 622 684 ad
651 629 718 684 te
745 615 1032 686 fortunae
1060 629 1192 686 tuae
1218 604 1503 684 nuntius
1530 616 1747 702 venit,
1775 613 2065 685 malebas
2092 617 2363 711 quidem
2428 629 2435 636 '

197 725 334 794 hoc
365 751 551 808 esse,
592 726 777 821 quod
811 725 1066 813 fueras,
1099 723 1215 794 sed
1247 749 1388 795 non
1424 740 1570 794 erat
1600 725 1913 796 liberum.
1950 729 2201 796 Annon
2246 728 2363 796 ob-

195 837 581 930 sequereris
614 835 916 931 Principi
953 837 1154 925 civis,
1184 834 1443 932 legatus
1472 836 1895 931 imperatori,
1924 836 2105 908 filius
2140 837 2368 933 patri?
2400 844 2433 900 5

195 945 340 1014 Ubi
407 943 676 1016 deinde.
711 944 1104 1042 disciplina,
1160 945 1279 1016 ubi
1336 971 1482 1016 mos
1531 970 1574 1014 a
1629 947 1999 1042 majoribus
2040 947 2365 1039 traditus,

193 1054 689 1152 quodcumque.
737 1060 1118 1152 Imperator
1155 1081 1404 1127 munus
1444 1056 1857 1152 injungeret,
1900 1083 2095 1154 aequo
2138 1061 2368 1132 animo

195 1183 584 1263 paratoque
621 1167 999 1238 subeundi?
1024 1167 1214 1258 Quid
1239 1168 1454 1257 enim,
1478 1169 1540 1236 si
1566 1169 1949 1264 provincias
1981 1196 2063 1240 ex
2089 1174 2365 1266 provin-

195 1277 358 1362 ciis,
393 1303 482 1348 ex
507 1276 698 1348 bellis
729 1277 905 1348 bella
935 1277 1332 1348 mandaret?
1358 1277 1615 1348 Eodem
1644 1278 1836 1350 illum
1865 1280 1967 1351 uti
1988 1282 2143 1376 jure
2170 1307 2367 1377 posse

195 1402 436 1482 putes,
483 1414 696 1485 quum
745 1389 834 1459 ad
885 1390 1248 1484 imperium
1290 1404 1586 1477 revocet,
1622 1415 1761 1485 quo
1802 1391 1889 1461 sit
1928 1417 2119 1479 usus,
2152 1417 2366 1487 quum
2414 1419 2423 1433 ·

200 1498 288 1567 ad
325 1500 704 1570 exercitum
742 1501 1032 1588 miserit3
1065 1498 1370 1594 nihilque
1405 1500 1723 1569 interesse
1737 1552 1759 1589 ‚
1792 1501 1893 1569 ire
1922 1499 2217 1596 legatum
2232 1557 2252 1590 ,
2277 1529 2367 1574 an

202 1610 432 1680 redire
470 1612 844 1707 principem
868 1612 1140 1708 jubeat,
1175 1613 1303 1680 nisi
1339 1611 1526 1706 quod
1554 1611 1772 1704 major
1796 1612 1881 1680 sit
1909 1612 2210 1707 obsequii
2234 1614 2369 1710 glo-

205 1721 302 1790 ria
348 1723 422 1792 in
466 1747 585 1810 eo,
609 1723 794 1818 quod
829 1725 982 1819 quis
1017 1723 1244 1792 minus
1279 1721 1469 1792 velit.

299 1837 392 1904 X.
439 1835 754 1931 Augebat
793 1833 1265 1904 auctoritatem
1297 1833 1599 1927 jubentis
1634 1831 1706 1901 in
1742 1857 2082 1903 summum
2125 1834 2366 1906 discri-

203 1970 364 2014 men
407 1947 776 2016 auctoritas
803 1947 947 2040 ejus
973 1945 1266 2015 adducta
1295 1969 1312 2014 τ
1343 1958 1555 2037 utque
1588 1944 1801 2036 magis
1828 1944 2205 2039 parendum
2233 1947 2363 2015 im-

205 2057 473 2150 peranti
517 2071 833 2152 putareS,
869 2055 1289 2126 efficiebatur
1321 2079 1439 2143 eo,
1465 2053 1649 2148 quod
1685 2053 1771 2122 ab
1808 2052 1956 2123 aliis
1989 2055 2213 2123 minus
2249 2080 2364 2150 pa—

207 2167 508 2236 rebatur.
549 2167 658 2238 Ad
690 2169 824 2238 hoc
857 2167 1174 2236 audiebas
1203 2169 1491 2236 Senatus
1518 2163 1901 2262 Populique
1929 2191 2358 2236 consensum.
2400 2198 2431 2231 ο

209 2277 364 2347 Νοη
413 2277 620 2348 unius
667 2281 908 2348 Nervae
941 2277 1274 2373 judicium
1317 2273 1520 2364 illud,
1559 2273 1673 2344 illa
1710 2273 1949 2344 electio
1985 2275 2135 2345 fuit.
2182 2278 2361 2349 Nam

209 2388 322 2481 qui
367 2388 626 2484 ubique
659 2404 818 2458 sunt
845 2390 1188 2476 homineS‚
1217 2388 1350 2458 hoc
1373 2386 1552 2457 idem
1582 2387 1755 2457 votis
1778 2388 2219 2482 expetebant3
2252 2388 2365 2459 ille

211 2512 472 2568 tantum
516 2501 672 2594 jure
713 2500 1048 2595 Principis
1091 2498 1479 2594 occupavit,
1518 2498 1912 2594 primusque
1960 2497 2161 2588 fecit,·
2180 2498 2361 2594 quod
2424 2551 2433 2567 2
2521 2586 2529 2601 ι

209 2738 406 2783 merua,
425 2718 520 2773 sed
537 2717 684 2791 qnod
701 2736 870 2790 genus
888 2718 1106 2771 auribus
1125 2718 1239 2771 illo-

209 2820 322 2853 rum
349 2812 658 2872 temporum
687 2798 960 2871 placebat:
983 2796 1240 2870 quemad—

209 2878 428 2933 modum
464 2891 519 2931 et
543 2878 671 2942 illa,
706 2898 824 2950 cap.
859 2897 956 2942 10,
980 2878 1238 2932 sententia

210 2959 384 3032 inepta
424 2970 505 3013 est
528 2996 546 3021 ‚
589 2976 696 3031 qua
730 2958 994 3011 rationem
1023 2956 1200 3010 reddit
1218 2995 1235 3020 ‚

209 3056 370 3109 quave
397 3038 578 3091 statim
600 3039 670 3091 ab
690 3036 974 3110 adoptione
995 3048 1236 3091 mortuus

211 3119 374 3172 Nerva
399 3137 416 3171 ε
447 3134 506 3170 ut
534 3121 835 3186 quandoque
869 3122 997 3169 incer
1011 3132 1238 3186 posteros

210 3214 524 3266 qum-eretur,
563 3218 632 3250 an
663 3202 790 3251 illud
797 3201 914 3267 jam
946 3202 1078 3251 Deus
1086 3200 1240 3267 fecis·

211 3294 290 3331 see.
317 3280 558 3333 Euan.

271 3391 340 3399 -—
368 3365 504 3411 Erus
529 3362 826 3427 imperator,
869 3372 922 3409 ee
945 3376 1048 3408 esse
1075 3372 1123 3409 te
1145 3376 1235 3407 ne·

212 3438 594 3491 sciebasNelim
615 3437 898 3492 admoneat
910 3438 968 3491 in
989 3436 1094 3490 hoc
1115 3436 1234 3490 loco

213 3518 460 3590 magister
498 3518 694 3571 tirones
719 3557 736 3583 ,
772 3536 939 3589 quam
973 3516 1129 3569 facile
1169 3518 1236 3570 nit

212 3596 480 3670 captandis
511 3596 860 3651 antithesibus
891 3608 946 3650 et
969 3595 1235 3649 'acumini-

211 3677 302 3731 bns
325 3678 384 3730 in
411 3676 634 3749 ineptias
655 3674 910 3730 incidere.
941 3676 1236 3748 'Pr-ajalim,

214 3759 521 3830 priusquam
537 3756 587 3809 ei
605 3775 668 3809 ex
683 3758 850 3809 Roma
868 3754 1236 3821 nuntiabatur,

213 3858 310 3891 non
339 3848 556 3909 poterat
581 3836 740 3897 scire,
779 3854 834 3889 se
869 3834 1238 3906 imperatorem

215 3918 442 3972 factum:
477 3930 595 3989 post
627 3917 876 3969 nuntium
914 3928 1093 3967 autem
1126 3931 1236 3965 non

216 4010 412 4069 poterat
448 3997 653 4050 nescire
683 4035 698 4057 ‚
734 4014 910 4068 neque
947 3994 1232 4053 nesciebat.

216 4078 346 4131 Talia
359 4116 374 4139 ,
396 4076 492 4130 sie
513 4076 798 4150 superficie
817 4086 1018 4145 spectes
1032 4112 1047 4137 ,
1064 4074 1236 4145 splen—

217 4156 371 4211 dent:
404 4158 448 4211 si
465 4198 482 4225 ,
517 4176 680 4231 quem
716 4174 930 4211 sensum
965 4152 1198 4213 habeant
1216 4191 1233 4216 ‚

1337 2723 1605 2777 examines
1632 2762 1651 2790 ,
1692 2724 1914 2777 mirifice
1948 2725 2164 2797 frigent.
2204 2726 2273 2779 E.

1411 2808 1464 2855 5.
1492 2806 1584 2853 Ad
1600 2806 1857 2871 imperium
1880 2820 2083 2857 revocet.
2108 2806 2253 2872 Non,
2279 2806 2369 2862 de-

1337 2900 1451 2935 nuo
1470 2892 1623 2935 vocet
1648 2881 1719 2934 ad
1736 2882 2021 2953 imperium
2036 2920 2054 2947 ,
2078 2885 2223 2955 quod
2240 2928 2256 2954 ‚
2282 2889 2367 2943 vel

1338 2959 1501 3031 quale
1516 2962 1631 3033 jam
1653 2959 1917 3027 habuisti5
1947 2960 2039 3015 sed
2059 3004 2075 3029 ,
2101 2976 2243 3018 retro
2272 2987 2367 3021 vo-

1333 3050 1416 3091 cet
1434 3040 1657 3091 Romam
1676 3037 1747 3091 ad
1765 3040 2161 3112 suscipiendum
2178 3048 2366 3117 populi

1332 3118 1560 3172 Romani
1584 3117 1886 3189 imperium.
1907 3120 2009 3174 Sed
2027 3128 2365 3193 quantumvis

1333 3197 1622 3271 probabilis
1645 3197 1710 3249 sit
1730 3196 1843 3253 haec
1868 3198 2261 3271 interpretatio,
2284 3217 2363 3259 ta-

1333 3296 1460 3331 men
1484 3296 1595 3329 non
1622 3275 1881 3341 diffiteor,
1902 3277 2035 3331 mihi
2058 3281 2227 3351 magis
2249 3284 2363 3355 pla-

1332 3375 1453 3411 cere
1490 3354 1820 3409 Baudianam
1855 3359 2215 3429 conjecturam
2238 3399 2255 3425 ,
2293 3369 2369 3416 ad

1330 3438 1587 3505 imperium
1624 3452 1673 3488 te
1696 3451 1858 3487 vocet.
1900 3435 1987 3490 Sic
2029 3438 2187 3491 etiam
2224 3445 2363 3497 tueri

1331 3514 1553 3580 licebat,
1575 3518 1746 3567 eodem
1769 3518 1853 3567 illo
1882 3519 2113 3585 miscere,
2136 3531 2237 3573 etc.
2257 3522 2364 3577 Sed

1331 3596 1506 3667 potior
1529 3606 1707 3647 tamen
1731 3593 1984 3665 Lipsiana
2003 3597 2305 3654 emendatio
2328 3622 2359 3657 a

1333 3675 1609 3747 Cuspiano
1622 3678 1736 3746 jam
1756 3672 1969 3745 prodita
1987 3713 2004 3738 ,
2028 3680 2185 3729 illum.
2203 3680 2271 3733 G.
2291 3714 2361 3723 -—

1333 3754 1477 3808 Cave
1494 3752 1826 3807 Baudianam
1852 3755 2216 3825 conjecturam
2240 3780 2363 3833 pro-

1333 3834 1749 3904 be8.Vulgatam
1766 3832 2047 3887 lectionem
2066 3836 2192 3891 satis
2212 3852 2363 3895 tuen-

1331 3924 1420 3967 tur
1431 3911 1725 3983 sequentia,
1737 3917 2363 3986 anurnnpre'ncipem.Mie.

1333 4008 1434 4044 tere
1456 4003 1509 4044 et
1528 4010 1755 4043 revocare
1782 3991 1883 4044 sihi
1905 4010 2271 4069 opponuntur,
2299 4014 2359 4055 ut

1333 4076 1404 4125 ire
1430 4084 1481 4125 et
1506 4074 1684 4123 redire.
1710 4070 1764 4125 S.

1335 4168 1340 4175 “
1401 4152 1472 4208 X.
1493 4170 1543 4205 a.
1559 4156 1678 4203 Iure
1687 4154 1948 4223 principis.
1963 4154 2203 4211 suavitas
2219 4178 2361 4235 quae-
