2857 4690
488 357 629 430 260

1064 357 1140 428 c.
1186 356 1524 426 PL1N11
1571 307 2059 428 sneunm'

486 519 623 581 rea,
656 515 1037 586 nomenque
1074 492 1466 562 Germanici
1497 491 1640 585 jam
1681 508 1828 564 tum
1869 517 2235 584 mererere,
2271 521 2482 590 quum
2525 498 2618 568 fe-

430 679 439 688 ,
481 607 733 676 rociam
782 603 1299 698 superbiamque
1346 603 1792 674 barbarorum
1855 627 1938 674 ex
1985 608 2304 699 proximo
2354 608 2623 678 auditus

481 739 729 810 magno
764 730 1021 784 terrore
1052 713 1430 801 cohiberes,
1465 714 1914 808 Rhenumque
1945 729 2014 783 et
2046 716 2468 809 Euphratem
2495 718 2618 786 ad-

481 824 859 894 mirationis
888 837 1023 892 tuae
1048 823 1365 894 societate
1396 822 1884 917 conjungeres?
1909 848 2122 918 quum
2149 825 2385 895 orbem
2415 843 2622 898 terra-

480 959 633 1002 rum
660 959 801 1002 non
830 931 1115 1026 pedibus
1141 933 1387 1028 magis,
1414 957 1617 1026 quam
1647 931 1956 1003 laudibus
1983 935 2414 1030 peragrares?
2439 938 2624 1033 apud

380 1130 385 1144 Ι
476 1069 592 1114 eos
624 1067 885 1148 semper
914 1042 1129 1138 major
1154 1057 1225 1113 et
1253 1042 1535 1131 clarior,
1557 1043 1806 1138 quibus
1830 1059 2060 1139 postea
2083 1047 2478 1142 contigisses
2508 1063 2618 1119 :et

476 1281 597 1316 mus
632 1259 1067 1315 Antiochensium
1102 1257 1249 1332 apud
1284 1256 1490 1331 Spania.

475 1342 602 1396 diss.
628 1360 651 1394 1
665 1361 686 1393 1
706 1379 723 1406 ‚
740 1361 797 1413 p.
820 1342 921 1410 3²9
936 1378 953 1404 ,
970 1356 1254 1412 percussus
1272 1340 1354 1394 ἰπὶ
1367 1345 1494 1412 Τρα-

473 1429 607 1478 ϊανοῦ
625 1462 642 1489 ,
656 1439 765 1493 qua
782 1419 986 1473 ratione
1004 1417 1253 1472 presides
1270 1417 1494 1472 Provin-

474 1501 567 1556 cin
597 1500 771 1554 notari
802 1499 858 1552 in
882 1499 1043 1572 hujus
1074 1499 1224 1552 urbis
1260 1496 1495 1552 nummis

473 1583 662 1636 solent.
687 1581 757 1633 Et
782 1581 855 1634 ait
884 1579 969 1634 vir
1000 1575 1381 1632 illustrissimus
1404 1581 1496 1629 sub

476 1667 670 1712 Nerone
690 1679 886 1719 cusum,
916 1659 1003 1730 cuj
1010 1677 1069 1712 us
1098 1655 1289 1710 ultimo
1315 1674 1461 1710 anuo
1477 1691 1496 1720 ‚

472 1741 617 1794 circa
665 1747 729 1804 14
772 1756 879 1791 σιω
922 1736 1087 1791 utatis
1111 1773 1129 1800 ,
1178 1746 1231 1789 et
1264 1733 1497 1790 confinia

473 1819 611 1874 adeo
638 1819 869 1891 pueritia!
885 1855 903 1882 ,
926 1827 1165 1872 versatus
1198 1814 1340 1868 filim
1362 1814 1497 1868 Tra-

466 1901 625 1972 janus
652 1917 765 1952 esse
801 1896 978 1951 debet.
1006 1896 1202 1949 Praeses
1237 1914 1364 1948 vero
1404 1894 1500 1968 Sy-

470 1979 561 2032 rias
592 1977 747 2032 Pater
781 1989 961 2031 contra
1000 1974 1225 2028 Parthos
1244 1993 1360 2028 rem
1400 1993 1500 2046 per

472 2059 641 2112 filium
670 2077 851 2131 gerere
896 2055 1090 2130 potuit.
1127 2055 1355 2126 Optime'
1372 2054 1494 2108 ista.

472 2139 577 2194 Sed
598 2137 667 2192 de
687 2137 913 2192 Neronis
930 2134 1255 2208 temporibus
1274 2153 1494 2205 scrupu-

473 2219 586 2272 lum
612 2218 819 2289 epocha
843 2215 1006 2270 literis
1033 2215 1078 2268 F.
1104 2215 1157 2266 K
1182 2216 1223 2266 R
1250 2231 1495 2283 expressa

472 2299 657 2372 injicit.
674 2298 729 2352 Si
743 2314 1031 2370 ponamus,
1048 2293 1293 2348 ultimam
1304 2295 1348 2347 R
1365 2311 1498 2365 quo-

470 2397 683 2451 cunque
696 2396 875 2431 errore
892 2374 1115 2447 positam
1134 2392 1235 2445 pro
1247 2374 1289 2426 P
1302 2390 1494 2445 greca,

470 2460 670 2512 orietur
699 2474 951 2510 numerus
979 2454 1097 2509 125.
1127 2454 1221 2507 Est
1240 2464 1417 2507 autc-
1438 2454 1494 2505 in

467 2535 798 2607 hujusaetatis
806 2524 1037 2587 nummis
1048 2532 1248 2604 epocha
1260 2552 1289 2585 a
1298 2530 1494 2585 foedere

470 2636 595 2669 cum
611 2615 755 2669 sulio
772 2614 977 2667 Caesare
993 2626 1045 2666 et
1056 2613 1135 2664 M.
1150 2612 1383 2664 Antonio
1396 2610 1495 2664 du-

462 2707 575 2759 cta,
596 2696 747 2767 cujus
772 2712 945 2747 annus
972 2694 1073 2747 1.·15
1097 2690 1343 2745 convenit
1366 2709 1493 2744 cum

466 2778 535 2828 A.
552 2774 622 2827 U.
642 2776 739 2827 831
760 2784 813 2827 et
825 2774 1121 2827 Consulatu
1132 2788 1277 2824 nono
1288 2772 1492 2843 Vespa-

469 2855 601 2909 siani
622 2854 786 2927 patris
800 2894 816 2921 ,
837 2872 947 2925 quo
969 2865 1207 2923 tempore
1222 2850 1490 2922 Trajanus

460 2946 647 2987 noster
666 2932 905 3005 pueritie
930 2932 1161 3003 antiqua
1186 2929 1330 2983 illius
1355 2941 1491 2982 tem-

468 3034 597 3086 pora
610 3017 720 3087 jam
740 3012 1034 3067 excesserit.
1054 3008 1155 3066 Sed
1174 3008 1305 3063 nihil
1324 3010 1490 3081 impe·

460 3092 545 3147 dit
562 3094 832 3147 victoriam
848 3090 1149 3146 Parthicam
1164 3108 1363 3162 ponere
1381 3088 1487 3142 hoc

461 3192 689 3227 nummo
704 3171 909 3243 aliquot
924 3170 1077 3223 annis
1091 3170 1319 3241 priorem
1343 3186 1358 3221 ε
1380 3186 1489 3221 me-

460 3252 634 3307 ruisse
650 3270 713 3305 ea
722 3250 1016 3323 Traianum
1030 3260 1263 3319 patrem,
1286 3259 1346 3307 ut
1362 3266 1490 3302 con-

466 3331 764 3385 tinuaretur
790 3330 869 3383 illi
892 3327 1194 3400 pmvincia;
1230 3328 1487 3381 met-uisse

461 3411 553 3466 hic
588 3413 907 3480 uiua-ephano
934 3418 1278 3469 ornamenta,
1306 3424 1339 3459 a
1364 3407 1486 3477 qui-

462 3491 567 3545 bus
578 3492 1115 3559 niunupbalisvocatur
1124 3484 1319 3539 deinde
1330 3486 1432 3537 XV
1433 3486 1485 3550 1,

472 3587 495 3621 1
514 3588 533 3633 ς
552 3568 693 3623 Add.
714 3568 1017 3632 LXXXIX,
1034 3568 1064 3622 3
1080 3604 1097 3631 ,
1115 3565 1227 3620 vid.
1244 3564 1411 3619 Bach.
1428 3584 1480 3619 ν.

461 3648 608 3721 Trai.
628 3668 685 3720 p.
704 3666 791 3716 19.
804 3648 941 3703 Sunt
954 3665 1040 3700 res
1056 3645 1269 3699 illorum
1284 3656 1486 3715 tempo-

462 3746 585 3779 rum
594 3728 833 3781 obscura
844 3739 1003 3797 atque
1014 3722 1296 3797 impedite,
1306 3723 1361 3775 in
1371 3722 1486 3795 qui·

462 3806 565 3859 bus
582 3804 897 3859 hallucinui
912 3823 1087 3876 neque
1102 3802 1309 3874 magnis
1322 3802 1450 3855 viris
1465 3838 1483 3865 ‚

460 3896 517 3938 et
536 3883 641 3937 boe
660 3884 937 3956 agentibus
953 3921 970 3948 ‚
984 3881 1323 3955 turpefuerit.
1336 3880 1486 3947 Quid

339 4027 348 4038 ἱ
463 3982 593 4017 vem
624 3963 669 4017 si
690 3977 847 4031 pana
878 3966 1021 4015 lauro
1053 3960 1289 4033 legatur?
1312 3961 1381 4016 G.
1413 3992 1486 4003 --

461 4044 544 4095 De
566 4042 669 4097 vita
697 4054 752 4095 et
780 4040 1012 4094 victoriis
1036 4040 1254 4115 Traiani
1279 4038 1483 4094 Marius

459 4122 727 4175 Maximus
739 4157 756 4184 ‚
774 4118 967 4171 Fabius
984 4119 1326 4173 Marcellinus
1347 4158 1363 4184 ,
1378 4118 1482 4173 Au·

1587 1256 1954 1324 reliusVerus,
1973 1259 2173 1318 Statius
2184 1262 2387 1317 Valens
2401 1265 2618 1338 scripse-

1588 1351 1728 1392 rant.
1749 1338 1942 1392 Nullus
1979 1340 2174 1394 horum
2205 1341 2276 1395 ad
2305 1363 2406 1398 nos
2438 1365 2616 1417 perve-

1589 1419 1686 1470 nit.
1707 1419 1809 1475 En.
1840 1451 1908 1462 —
1933 1425 2224 1489 Nomenque
2240 1461 2254 1474 .
2270 1462 2283 1474 .
2301 1461 2312 1473 .
2329 1445 2497 1492 quum.
2515 1425 2616 1480 Sed

1590 1497 1702 1554 vid.
1727 1519 1778 1554 c.
1807 1503 1932 1566 XV,
1967 1519 1992 1554 1
2012 1539 2028 1565 ,
2055 1499 2200 1555 uude
2225 1515 2474 1574 apparet,
2503 1505 2617 1560 hnc

1593 1581 1774 1635 omnia
1813 1581 1885 1636 ad
1925 1579 2231 1634 rudimenta
2268 1583 2458 1636 resen-i
2496 1597 2620 1638 ante

1593 1659 1946 1714 tribunatum.
1977 1657 2144 1732 Igitur
2163 1660 2248 1713 vel
2271 1673 2396 1713 ante
2417 1683 2620 1714 nomen-

1591 1755 1718 1805 que,
1757 1739 1904 1812 quod
1955 1737 2134 1810 placet
2167 1740 2468 1794 Schwarzio
2491 1780 2508 1804 ‚
2535 1743 2616 1794 vel

1592 1830 1714 1872 ante
1732 1838 1910 1888 quarn,
1935 1817 2080 1890 quod
2103 1819 2240 1872 mihi
2257 1817 2504 1884 videtur,
2529 1821 2620 1874 ali-

1595 1898 1726 1970 quid
1740 1899 2094 1972 excidit,quia
2113 1899 2332 1968 puerilia
2347 1899 2618 1954 rudimen-

1592 1989 1647 2030 ta
1658 1979 1877 2052 Trajani
1893 1997 2018 2032 cum
2032 1979 2225 2031 virtute
2241 1977 2384 2030 virili
2401 1981 2620 2052 conjun-

1591 2057 1869 2128 gub-ntur.
1893 2059 1962 2111 G.
1990 2087 2063 2098 -—-
2091 2059 2478 2125 Superbiamque
2504 2063 2618 2110 bas*-

1593 2140 1838 2190 hararum.
1862 2136 2156 2190 Germanos
2183 2135 2340 2188 facile
2359 2148 2442 2190 est
2463 2137 2615 2191 intel-

1590 2215 1753 2288 lig-ere
1779 2235 1841 2269 ex
1865 2217 1980 2289 ipso
1997 2253 2013 2278 ,
2041 2213 2185 2288 quod
2211 2213 2378 2268 modo
2401 2218 2582 2286 posuit
2598 2255 2615 2282 ,

1595 2299 1880 2349 Germanici
1897 2295 2130 2349 nomine.
2159 2298 2327 2347 Genus
2346 2297 2444 2347 boc
2461 2300 2616 2349 vieto·

1591 2379 1679 2428 rae‘ae
1705 2375 2120 2447 pulcherrimum
2145 2386 2302 2427 vocat
2325 2374 2494 2429 etiam
2511 2377 2614 2429 No-

1589 2468 1697 2510 ster
1717 2474 1803 2527 ep.
1830 2457 1914 2521 11,
1935 2474 1991 2525 7,
2017 2474 2046 2507 a
2065 2492 2082 2517 ,
2111 2453 2204 2505 ubi
2227 2453 2613 2523 quisssmeisse‘·

1589 2556 1722 2587 mum
1731 2551 1927 2603 gentem
1941 2574 1958 2595 ,
1993 2547 2236 2585 ostentato
2257 2535 2385 2584 bello
2406 2570 2423 2595 ,
2457 2548 2612 2585 terro-

1589 2634 1643 2665 re
1663 2616 1964 2683 perdomuit.
1991 2611 2076 2664 Ad
2111 2608 2244 2663 illud
2277 2630 2345 2662 ea·
2367 2615 2608 2679 proximo

1587 2693 1731 2747 conf.
1761 2694 1903 2755 ΧΠ,
1927 2694 1958 2747 3
1981 2728 1997 2755 ,
2025 2701 2079 2745 et
2104 2690 2237 2743 XVI
2261 2726 2280 2752 ,
2309 2710 2338 2742 a
2362 2727 2379 2754 ,
2407 2691 2506 2744 ubi
2543 2690 2610 2744 de

1583 2772 1866 2826 Germanis
1887 2790 2062 2825 sermo
2083 2781 2180 2823 est.
2207 2770 2398 2840 Recepi
2421 2789 2601 2824 emen·

1584 2850 1854 2905 dationem
1871 2848 2178 2913 Schwarzii,
2201 2847 2350 2921 quod
2361 2868 2474 2901 non
2495 2861 2610 2903 tan·

1585 2942 1726 2994 tum,
1744 2942 1804 2983 ut
1823 2941 1903 2983 est
1925 2948 2051 2984 eane
2066 2966 2082 2993 ,
2103 2928 2376 3001 ingeniosa
2399 2927 2610 2983 videre·

1586 3022 1694 3075 tur,
1707 3008 1798 3063 sed
1807 3028 1972 3083 prope
1985 3008 2298 3065 necessaria.
2311 3006 2461 3073 Quid
2471 3008 2608 3062 enim

1583 3093 1881 3143 Parthorum
1897 3090 2053 3161 (quos
2071 3088 2270 3141 habent
2287 3088 2611 3159 libi-iqua·

1582 3182 1698 3222 tum
1715 3180 1924 3223 constat
1937 3206 1953 3233 ,
1971 3170 2380 3237 omnes)serocia
2399 3166 2472 3221 ad
2488 3167 2608 3221 titu-

1581 3248 1694 3303 lum
1715 3246 2057 3302 Germanici?
2079 3260 2171 3301 aut
2191 3246 2324 3319 quid
2357 3246 2566 3300 facilius
2583 3284 2602 3311 ,

1581 3346 1742 3400 quam
1754 3327 2192 3388 somniculosum,
2207 3326 2330 3379 licet
2347 3325 2602 3397 antiquis-

1582 3407 1796 3471 simum,
1809 3418 1862 3459 et
1881 3406 1966 3459 fac
1979 3405 2134 3459 Plinii
2145 3406 2312 3477 ipsius
2329 3404 2602 3458 librarium

1581 3488 1792 3539 Parthos
1805 3485 1894 3538 hic
1907 3485 2222 3548 inculcasse,
2230 3504 2402 3557 quum
2413 3486 2606 3536 Pau-elti-

1579 3568 1794 3619 etelaun'
1805 3562 1966 3617 modo
1977 3564 2175 3617 mentio
2183 3562 2602 3636 processa-iffa

1579 3676 1652 3687 —
1668 3646 2032 3697 Admitatt'om's
2047 3659 2146 3695 tuoe
2159 3646 2414 3695 societate.
2433 3643 2604 3697 Etiam

1580 3724 1720 3777 hanc
1737 3722 2014 3775 lectionem
2030 3760 2048 3787 ,
2066 3741 2228 3793 quam
2249 3740 2280 3775 e
2298 3740 2398 3775 suo
2417 3736 2474 3775 et
2489 3722 2603 3776 aliis

1581 3802 1732 3856 libris
1755 3802 1974 3875 protulit
1994 3801 2324 3855 Schwmim
2344 3839 2360 3865 ,
2387 3802 2464 3855 illi
2481 3802 2604 3855 alte-

1580 3882 1650 3947 ri,
1663 3884 2008 3935 admbaet'om's
2021 3883 2288 3950 tua-sama,
2307 3881 2470 3952 longe
2479 3900 2603 3954 pro-

1579 3960 1852 4017 ferendam
1868 3958 2073 4033 judico.
2083 3960 2154 4015 G.
2168 3992 2239 4002 -—
2249 3962 2448 4015 Sensus
2467 3979 2482 4014 :
2495 3979 2602 4014 11011

1579 4042 1756 4095 minus
1778 4038 1848 4094 ad
1857 4039 2100 4093 Rhenum
2113 4058 2276 4112 quam
2285 4038 2356 4093 ad
2368 4040 2603 4112 Euphra·

1577 4132 1684 4174 tem
1705 4117 2111 4173 admirationem
2131 4120 2208 4173 tui
2225 4120 2493 4173 excitares.
2513 4120 2566 4175 S.
