2857 4690
950 376 1478 444 EPISTOLA
1527 377 1606 442 v.
2199 399 2222 442 1
2251 397 2327 470 ¹7

254 583 935 608 mmmm
1394 581 2006 603 mmm
2009 581 2214 602 §m
2221 579 2308 604 m

1084 777 1195 864 v.
1260 773 1462 894 (XI)

234 1003 657 1064 Alexandrinam
714 1005 886 1062 etiam
935 1003 1225 1062 civitatem
1270 1002 1619 1081 Harpocrati
1673 1001 1865 1060 datam
1919 1001 2146 1059 laetatur
2171 1044 2188 1072 ,
2240 1001 2336 1058 cui

298 1101 477 1160 literas
508 1101 585 1160 ad
626 1101 961 1179 praefectum
984 1099 1219 1179 AEgypti
1236 1144 1253 1174 ‚
1282 1097 1393 1158 sibi
1423 1099 1712 1158 licentiam
1748 1118 2020 1157 occursus
2059 1097 2335 1176 longioris

296 1198 445 1276 petit.

800 1320 859 1365 c.
914 1288 1272 1365 mamus
1320 1317 1742 1364 TRAJANO.

308 1503 846 1584 EmeMEnB,
900 1499 1227 1584 Domine,
1278 1497 1496 1566 verbis
1543 1522 1680 1566 non
1732 1522 2036 1591 possum,
2082 1513 2336 1592 quanto

228 1633 319 1676 me
346 1609 591 1704 gaudio
620 1607 965 1678 affecerint
1002 1607 1297 1703 epistolae
1332 1623 1499 1695 tuae,
1534 1633 1616 1677 ex
1660 1609 1904 1703 quibus
1939 1611 2222 1704 cognovi
2269 1623 2336 1677 te

228 1721 642 1814 Harpocrati,
686 1719 1035 1814 iatraliptae
1072 1743 1259 1806 meo,
1300 1721 1500 1788 etiam
1543 1715 2058 1798 ,Alexandrinam
2100 1721 2334 1790 civita-

228 1844 335 1898 tem
386 1829 732 1915 tribuisse,
772 1831 1075 1924 quamvis
1127 1828 1492 1898 secundum
1551 1829 2037 1897 institutionem
2081 1825 2334 1923 princi-

226 1963 363 2032 pum
422 1964 563 2009 non
625 1956 901 2020 temere,
934 1965 1081 2008 eam
1141 1939 1300 2009 dare
1358 1940 1834 2035 proposuisses,
1899 1943 2058 2008 Esse
2113 1954 2335 2007 autem

224 2057 599 2149 Harpocran
636 2068 825 2151 νομοῦ
866 2061 1257 2152 Μεμφιτικοῦ·
1298 2055 1522 2124 indico
1559 2039 1706 2123 tibi.
1753 2059 1945 2149 Rogo
1987 2077 2180 2148 ergo,
2229 2054 2335 2120 in-

225 2161 699 2258 dulgentissime
744 2168 1157 2259 Imperator,
1210 2181 1284 2234 ut
1328 2165 1493 2233 mihi
1548 2165 1646 2232 ad·
1691 2165 2089 2258 Pompeium
2133 2161 2336 2233 Plan·
2418 2223 2423 2229 .

226 2285 339 2340 tam
356 2274 777 2369 ,praefectum
800 2277 1096 2371 AEgypti,
1124 2277 1413 2344 amicum
1443 2287 1662 2361 tuum,
1686 2275 1812 2363 sic,
1837 2287 1917 2342 ut
1943 2273 2336 2369 promisisti,

226 2384 549 2476 epistolam
583 2376 835 2485 mittas.
862 2387 1151 2456 Obviam
1188 2386 1434 2473 iturus,
1462 2411 1597 2482 quo
1625 2387 1986 2487 maturius,
2015 2388 2338 2470 Domine,

226 2497 685 2591 exoptatissimi
712 2496 1035 2565 adventus
1073 2498 1171 2566 tui
1203 2498 1448 2592 gaudio
1480 2499 1610 2568 frui
1642 2500 1918 2592 possim,
1956 2521 2154 2592 rog0,
2191 2522 2336 2593 per-

226 2606 425 2675 mittas
463 2606 665 2693 mihi,
706 2632 909 2701 quam
949 2606 1332 2705 longissime
1368 2632 1719 2677 occurrere
1753 2608 1921 2697 tibi..

284 2806 343 2860 V.
354 2826 374 2860 ῐ
386 2849 399 2862 .
412 2811 653 2877 Epistola
666 2823 776 2860 τιατ.
792 2808 1087 2880 Respondet
1098 2827 1224 2881 prae-

228 2888 377 2940 tertiin
408 2888 640 2961 epistolae
663 2889 725 2941 23
742 2888 902 2960 hujus
930 2888 1083 2956 libri,
1106 2907 1223 2961 quae

229 2983 329 3019 cum
356 2989 417 3022 η
451 2980 578 3021 ante
604 2967 745 3020 hanc
766 2966 869 3039 legi
896 2968 1116 3021 omnino
1137 2967 1226 3021 de-

230 3044 317 3099 bet.
330 3048 391 3101 G.
409 3078 483 3088 --
495 3048 759 3101 Caeterum
778 3046 1069 3100 notandum
1090 3088 1105 3113 ,
1127 3050 1226 3116 epi-

229 3130 353 3179 stolas
368 3129 457 3181 hic
481 3128 549 3181 de
576 3148 683 3181 una
706 3128 813 3181 dici
834 3128 1070 3200 epistola.
1092 3128 1221 3181 vid.

228 3204 515 3261 mttershus.
551 3207 622 3261 nd
644 3208 703 3260 11.
730 3207 770 3261 l.
800 3208 885 3262 Sic
913 3208 1101 3283 soepius
1128 3210 1223 3262 Ju-

230 3284 389 3340 atinus.
408 3286 543 3340 vid.
578 3286 746 3341 indic.
776 3287 1103 3341 Freinshem.
1132 3290 1186 3342 S.

294 3400 363 3409 ——
373 3374 565 3441 Νομοῦ.
578 3368 769 3420 Latina
786 3385 916 3421 voce
932 3367 1225 3421 utiturTra-

231 3443 359 3511 janus
372 3484 387 3509 ,
401 3447 487 3500 vel
504 3446 710 3499 librarii
729 3483 746 3509 ,
761 3466 846 3519 ep.
868 3448 953 3501 23.
970 3449 1049 3501 De
1068 3451 1223 3501 nomi-5

234 3537 308 3573 seu
329 3526 651 3595 prefecturis
668 3526 929 3598 AEgyptiis
964 3527 1226 3599 inspicere

232 3616 410 3667 prestat
420 3604 795 3659 Mai-shamum
809 3606 863 3657 in
881 3606 993 3659 Can
1002 3608 1199 3659 .Chron
1208 3648 1220 3661 .

232 3694 333 3749 με.
356 3685 475 3755 391,
516 3704 627 3757 seq.
663 3697 715 3738 et
737 3686 911 3757 ipsum
938 3686 1225 3757 praesertim

234 3754 583 3836 Geographum
603 3803 619 3829 ,
645 3764 949 3818 Cenat-ium.
968 3764 1037 3816 G.
1090 3790 1099 3799 ·

298 3858 339 3891 ².
362 3848 585 3897 Amicum
610 3858 761 3895 tuum.
798 3844 1087 3917 Displicent
1114 3838 1223 3899 hssc

238 3918 369 3973 Verba
384 3924 432 3975 J.
448 3924 512 3977 A.
532 3925 773 3979 Ernestio
788 3962 803 3989 ‚
824 3937 882 3977 ut
900 3943 1085 3996 parum
1108 3937 1225 3996 apte

1322 2822 1373 2861 et
1390 2808 1582 2862 decore
1603 2809 1784 2864 addita
1798 2849 1812 2875 ,
1837 2810 2166 2883 forsitauque
2187 2832 2336 2883 repe·

1321 2889 1415 2941 tita
1430 2896 1464 2943 u'
1475 2880 1688 2943 librario
1705 2910 1766 2943 ex
1789 2890 2006 2963 epistola
2031 2893 2115 2945 23.
2139 2890 2337 2945 Mirum

1320 2970 1375 3021 ni
1402 2970 1560 3023 etiam
1595 2990 1711 3043 quae
1739 2972 1916 3026 statim
1943 2983 2256 3043 sequuntur,
2287 2987 2342 3023 ut

1310 3053 1607 3119 promisisti,
1647 3050 1980 3125 plurimaque
2019 3051 2124 3104 alia
2162 3052 2242 3106 his
2280 3052 2338 3105 in

1321 3130 1554 3201 epistolis
1569 3168 1584 3193 ,
1607 3128 1675 3183 ad
1697 3144 1937 3185 nostrum
1961 3144 2170 3185 sensum
2193 3128 2340 3183 inde·

1321 3228 1450 3263 core
1462 3211 1672 3281 scripta,
1683 3210 1981 3265 Ernestium
1995 3210 2138 3265 offen
2145 3208 2336 3263 derint.

1314 3290 1373 3343 S.
1404 3322 1474 3329 —
1499 3291 1804 3343 Praefectum
1845 3290 2082 3363 AEgypfi,
2127 3294 2338 3341 amicum

1321 3385 1472 3421 mum.
1492 3370 1672 3423 Verba
1697 3372 1986 3443 posteriora
2017 3380 2139 3421 sunt
2163 3388 2228 3421 ex
2249 3388 2334 3441 ep.

1326 3448 1411 3515 23,
1435 3450 1528 3502 ubi
1539 3451 1804 3521 Trajanus
1825 3468 1945 3501 euin
1971 3446 2200 3520 appellat
2217 3453 2340 3500 ami-

1320 3549 1432 3581 cum
1457 3550 1627 3589 summ
1655 3530 1708 3580 in
1734 3548 1836 3599 qua
1865 3528 2064 3580 scilicet
2089 3528 2192 3579 hoc
2211 3528 2339 3580 Tra·

1314 3609 1476 3679 janus
1489 3608 1818 3679 promiserat,
1835 3605 1979 3678 quod
1997 3610 2183 3659 Plinius
2195 3608 2336 3678 petit.

1322 3692 1510 3740 Plinius
1523 3726 1540 3749 ‚
1563 3704 1633 3739 an
1651 3686 1899 3739 librarius
1925 3705 1985 3739 ea
2011 3686 2168 3739 verba
2191 3706 2338 3758 repe-

1323 3765 1489 3832 tierit,
1524 3767 1611 3817 vix
1646 3766 1926 3819 decernam
1960 3785 1973 3818 :
2003 3765 2188 3819 saltem
2229 3786 2339 3821 non

1320 3844 1456 3909 satis.
1477 3856 1595 3915 apte
1629 3856 1680 3896 et
1718 3844 1906 3899 decore
1939 3845 2155 3917 repetita
2194 3860 2338 3903 sunt.

1320 3926 1369 3977 J.
1404 3926 1464 3975 A.
1493 3926 1805 3979 Ennsnus.

884 4110 1662 4145 ψ--ἠὯΦ--ν--η-
