2857 4690
486 359 623 429 326

1045 362 1122 428 C.
1179 359 1522 427 PLINII
1572 359 2046 427 SECUNDI

480 480 1004 574 concupiscenda
1054 495 1185 549 est:
1240 504 1316 548 ea
1354 506 1558 575 porro
1591 505 1726 547 non
1781 481 2180 574 imaginibus
2224 495 2291 548 et
2331 482 2611 564 statuiS,

384 622 444 657 11
480 591 596 659 sed
644 591 893 659 virtute
953 615 1030 659 ac
1082 590 1335 657 meritis
1398 603 1823 683 prorogatur.
1869 590 2054 677 Quin
2102 584 2304 657 etiam'
2357 588 2610 659 leviora

482 701 661 787 haec,
710 700 995 769 somnam
1036 701 1359 794 principis
1398 700 1813 794 figuramque
1840 754 1860 785 ‚
1899 726 2034 768 non
2061 724 2301 768 aurum
2341 700 2608 782 meliu5‚

481 811 584 881 vel
610 824 995 905 argentum,
1024 834 1224 903 quam
1258 808 1444 878 favor
1477 809 1829 877 hominum
1870 811 2199 903 exprimat
2235 824 2604 903 teneatque.

396 976 403 981 .
484 918 688 1010 Quod
725 918 991 1013 quidem
1033 918 1285 1012 prolixe
1328 920 1452 987 tibi
1499 918 1970 1012 cumulateque
2013 920 2374 1012 contingit,
2419 912 2610 1013 eujus

484 1029 819 1099 laetissima
846 1029 1043 1098 facies
1072 1043 1135 1096 et
1166 1029 1467 1099 amabilis
1501 1028 1724 1098 vultus
1757 1032 1827 1098 in
1865 1032 2166 1097 omnium
2197 1031 2445 1099 civium
2473 1056 2614 1111 ore,

486 1139 697 1210 oculis
726 1192 746 1225 ‚
789 1139 1013 1207 animo
1052 1138 1255 1207 sedet.

584 1252 759 1319 LVI.
799 1254 1171 1317 Annotasse
1198 1273 1317 1317 vos
1354 1248 1589 1335 cred0,
1626 1251 1854 1318 Patres
1897 1250 2276 1343 Conscripti
2306 1302 2327 1333 ‚
2358 1248 2615 1343 jamdu-

488 1360 650 1429 dum
690 1382 799 1427 me
840 1382 976 1425 non
1017 1358 1287 1452 eligere,
1323 1382 1472 1451 quae
1509 1356 1828 1427 referam:
1863 1358 2280 1453 propositum
2309 1374 2409 1427 est
2433 1359 2612 1426 enim

489 1470 692 1556 mihi,
728 1469 1109 1562 Principem
1148 1468 1450 1552 laudare,
1490 1492 1627 1536 non
1670 1470 1996 1563 Principis
2030 1467 2236 1537 faeta:
2275 1494 2434 1537 nam
2477 1468 2612 1537 lau-

492 1578 737 1649 dabilia
774 1578 985 1647 multa
1021 1579 1224 1647 etiam
1256 1578 1414 1647 mali
1455 1578 1742 1663 faciunt;
1781 1580 1920 1673 ipse
1958 1579 2245 1665 laudari,
2279 1580 2407 1647 nisi
2436 1580 2614 1671 opti-

492 1716 681 1773 mus,
742 1716 877 1759 non
928 1704 1164 1786 potest.
1213 1690 1442 1777 Quare
1513 1714 1650 1757 non
1723 1689 1851 1757 alia
1913 1690 2127 1781 major
2161 1744 2179 1775 .,
2245 1693 2619 1782 Imperator

498 1808 833 1898 Auguste,
881 1800 1091 1894 gloria
1132 1816 1279 1884 tua,
1332 1824 1534 1893 quam
1575 1799 1756 1893 quod
1813 1798 2160 1893 agentibus
2210 1798 2330 1866 tibi
2373 1796 2618 1889 gratias

431 1934 462 1967 ²
497 1911 661 1982 nihil
702 1910 1050 1980 velandum
1088 1924 1220 1995 est,
1255 1908 1421 1977 nihil
1461 1908 1902 1977 omittendum
1941 1922 2061 1977 est.
2105 1907 2286 1995 Quid
2315 1922 2416 1975 est
2439 1908 2614 1974 enim

498 2024 569 2091 in
597 2023 977 2115 principatu
1014 2034 1133 2088 tuo
1154 2074 1171 2109 ,
1196 2016 1375 2113 quod
1420 2019 1525 2111 cuj
1537 2043 1810 2114 usquam
1841 2018 2221 2113 praedicatio
2253 2017 2354 2086 vel
2391 2016 2620 2085 transi-

498 2218 701 2283 qaisque
722 2252 737 2277 ,
763 2226 821 2265 ut
842 2212 989 2265 dedit
998 2212 1323 2264 Schwanius
1333 2228 1516 2281 quam-

502 2312 664 2365 quam
692 2291 826 2343 nihil
848 2290 917 2342 de
948 2310 1012 2343 eo
1044 2290 1349 2342 admonens.
1382 2290 1518 2339 Em«.

578 2393 598 2422 x
609 2392 661 2424 ο.
680 2373 1001 2440 Imagz‘nibus3
1020 2369 1073 2421 in
1088 2369 1286 2440 clypeis
1298 2387 1360 2420 ex
1370 2385 1519 2428 auro,

503 2462 723 2521 argento
744 2487 761 2513 ,
791 2465 924 2502 are:
956 2466 1091 2519 quos
1120 2447 1356 2498 solebant
1392 2447 1525 2499 cele·

506 2529 749 2582 ber-rimis
772 2527 901 2580 locis
920 2524 1257 2596 suspendere.
1280 2527 1379 2578 En.

599 2627 620 2658 1
636 2626 677 2659 1.
734 2613 893 2658 Favor
954 2608 1219 2656 hominum.
1274 2607 1353 2658 Ita
1414 2605 1526 2658 fere

504 2705 689 2738 omnes
716 2724 730 2748 ,
770 2684 959 2756 quibus
1016 2688 1331 2736 Pulchrorum
1374 2687 1527 2755 quasi

506 2766 753 2818 solemnis
812 2763 1093 2836 appellatio
1136 2765 1283 2816 haesit
1307 2805 1323 2829 ,
1388 2765 1525 2817 hanc

506 2847 703 2898 samam
723 2883 738 2907 ,
765 2845 902 2897 hanc
927 2843 1234 2896 memoriam
1262 2863 1372 2896 non
1397 2843 1527 2894 ima-

506 2926 714 2998 ginibus
739 2926 1159 2999 quibuscumque
1178 2922 1373 2976 debent
1388 2963 1401 2988 ‚
1435 2923 1527 2974 sed

506 3006 762 3060 benevola
774 3005 1049 3056 hominum
1070 3003 1438 3076 praedicatione
1457 3002 1530 3054 fa·

508 3098 651 3138 ctum
666 3097 745 3138 est
768 3122 784 3148 ,
806 3096 865 3136 ut
882 3085 939 3135 in
959 3103 1250 3156 cognomen
1270 3081 1526 3136 abiret.G.

579 3165 720 3216 LVI.
760 3182 807 3215 1.
854 3166 1060 3232 Eligere.
1105 3163 1529 3214 Praestantissima

508 3263 729 3316 queque
748 3261 1023 3313 excerpere
1036 3259 1096 3293 ex
1116 3241 1264 3293 factis
1277 3241 1496 3313 Trajani
1511 3258 1526 3291 :

510 3341 635 3377 nam
679 3321 838 3376 laudo
876 3321 1167 3394 principem
1186 3358 1201 3383 ,
1246 3323 1337 3391 qui
1389 3331 1530 3372 totus

510 3403 681 3456 bonius
719 3414 829 3465 est,
857 3403 1007 3472 eujus
1040 3398 1217 3451 omnia
1241 3399 1380 3450 facta
1412 3399 1528 3452 lau-

513 3479 710 3534 dabilia
738 3495 877 3534 sunt.
905 3481 969 3532 E.
990 3511 1060 3521 -
1088 3481 1391 3547 Propositum
1413 3481 1535 3528 mihi

513 3577 585 3612 est
614 3564 889 3629 Principem
914 3563 1147 3618 laudare,
1176 3577 1273 3609 non
1294 3560 1532 3624 Principt's

505 3643 669 3706 facea.
696 3641 788 3692 Est
810 3639 1064 3692 sententia
1088 3649 1239 3690 acuta
1263 3674 1278 3699 ,
1303 3635 1394 3688 sed
1416 3655 1534 3688 ora-

514 3719 647 3770 torie
682 3731 833 3771 acuta
854 3757 869 3781 ,
902 3732 954 3771 et
988 3735 1149 3789 supra
1179 3727 1391 3788 captum
1414 3715 1532 3767 vitm

515 3797 810 3849 communis
840 3835 855 3860 ,
890 3815 1015 3849 nam
1062 3795 1211 3848 factis
1254 3791 1533 3847 laudandis

516 3873 763 3931 laudatur
798 3877 1039 3947 Princeps
1056 3913 1071 3938 ,
1121 3886 1173 3927 et
1217 3875 1275 3926 in
1314 3873 1379 3926 iis
1422 3873 1534 3926 lau-

516 3953 705 4008 dandis
731 3958 899 4008 oratio
923 3973 1090 4027 prope
1126 3967 1237 4008 tota
1272 3954 1533 4007 consumi·

516 4047 637 4088 tur:
680 4053 1000 4106 quamquam
1026 4047 1078 4087 et
1116 4053 1179 4087 ea
1209 4051 1530 4088 commemo-

518 4128 734 4182 rantur,
779 4131 894 4185 qum
925 4115 1139 4186 proprie
1178 4131 1285 4172 non
1319 4125 1441 4168 sunt
1475 4113 1531 4168 in

1611 2210 1763 2263 factis
1778 2247 1794 2273 ,
1843 2210 1936 2265 ted
1981 2224 2154 2263 tamen
2198 2208 2620 2263 demonstrantur

1609 2310 1702 2362 per
1729 2291 1887 2343 facta.
1909 2291 2139 2341 Emsr.

1683 2389 1732 2423 a.
1778 2373 2070 2439 Cujnsquam
2096 2371 2406 2436 pra-dicatio,
2449 2369 2622 2420 Debeo

1609 2449 1751 2502 libris
1787 2448 2088 2501 melioribus
2106 2486 2123 2510 ,
2161 2466 2192 2510 a
2231 2448 2302 2498 cl.
2327 2447 2623 2500 Schwarzio

1611 2527 1833 2581 laudatis
1855 2566 1870 2591 ,
1899 2529 2036 2580 hane
2063 2528 2390 2597 scripturam.
2415 2527 2623 2597 Alioqui

1609 2611 1840 2676 majusque
1863 2648 1876 2673 ‚
1913 2607 2058 2678 quod
2092 2607 2290 2659 habent
2321 2605 2449 2668 alii,
2487 2605 2626 2657 idem

1611 2706 1762 2757 posse
1789 2687 2082 2758 significare
2097 2727 2112 2751 ‚
2132 2697 2182 2738 et
2203 2687 2407 2752 quisque
2423 2723 2439 2745 ,
2470 2705 2632 2752 quan·

1611 2771 1774 2834 doque
1790 2806 1805 2831 ,
1833 2769 1959 2838 poni
1989 2785 2087 2838 pro
2113 2768 2434 2833 qeat'sctmque,
2466 2785 2630 2832 quan-

1611 2849 1893 2913 docunque,
1923 2845 2240 2900 tralaticium
2279 2855 2374 2896 est.
2405 2843 2532 2896 vid.
2579 2863 2629 2895 v.

1613 2943 1665 2994 g.
1691 2925 1841 2976 LXII
1857 2966 1871 2990 ,
1893 2926 1944 2978 8.
1971 2925 2070 2976 Par
2087 2924 2196 2975 fere
2221 2935 2300 2974 est
2323 2923 2461 2976 ratio
2481 2925 2598 2992 ejus
2615 2961 2632 2984 ,

1612 3003 1758 3074 quod
1777 3024 1898 3056 mox
1922 3024 2020 3077 pro
2040 3042 2055 3066 ‚
2083 3008 2212 3053 Num
2235 3005 2404 3053 ornnia
2423 3005 2634 3070 q'usmo·

1613 3086 1692 3144 di,
1705 3083 1892 3138 admisi
1907 3089 2082 3136 Nonne
2092 3085 2275 3134 omnia.
2293 3084 2478 3153 Ipsum
2490 3083 2638 3133 enim

1612 3182 1728 3213 num
1759 3183 1854 3234 pro
1884 3184 2043 3216 nonne
2065 3161 2191 3235 poni
2209 3163 2298 3228 (ut
2318 3161 2563 3222 LXXIV,
2579 3169 2634 3224 4,

1613 3247 1766 3292 Esme
1781 3263 1954 3293 verum
1969 3253 1996 3292 :²
2017 3261 2142 3314 pro,
2167 3246 2342 3292 Nonne
2355 3260 2528 3290 verum
2541 3255 2631 3300 est,

1615 3333 1674 3373 ut
1694 3323 2044 3386 LXXXVIII,
2063 3329 2092 3386 4
2103 3360 2117 3384 ,
2130 3323 2413 3372 Iustisne-de
2425 3322 2638 3370 caussis?

1615 3413 1676 3453 ut
1710 3419 1845 3474 saepe
1879 3401 2022 3473 apud
2052 3401 2182 3453 alios
2221 3405 2300 3449 An
2328 3417 2426 3470 pro
2453 3403 2635 3462 Anne)

1615 3480 1746 3534 mihi
1781 3499 1888 3532 non
1912 3480 2114 3533 videtur
2144 3476 2474 3542 inauditum3
2505 3477 2632 3530 lieet

1617 3577 1726 3610 non
1749 3559 1921 3611 statim
1941 3559 2007 3612 ad
2029 3577 2216 3611 manus
2231 3557 2298 3608 sit
2313 3557 2631 3624 exemplum.

1624 3637 1794 3708 [Add.
1821 3637 2042 3690 Gesneri
2073 3635 2140 3690 ad
2165 3639 2214 3688 J.
2249 3637 2312 3687 A.
2336 3627 2639 3687 Ernestium

1618 3717 1888 3789 epistola.]
1921 3719 2005 3770 Illi
2039 3717 2178 3771 enim
2199 3755 2213 3780 ,
2242 3715 2386 3786 quod
2417 3733 2478 3766 ex
2519 3715 2632 3767 Cic.

1617 3817 1715 3868 pro
1736 3798 1910 3870 Ligar.
1940 3799 1989 3849 X
2004 3837 2018 3862 ,
2036 3797 2302 3869 profertur
2335 3799 2495 3863 Igitur
2517 3814 2636 3844 num

1619 3881 1710 3928 eibi
1723 3882 1925 3939 videor,
1953 3883 2141 3937 Casas,
2171 3880 2220 3926 in
2253 3893 2426 3926 causta
2448 3876 2642 3940 Ligarii

1620 3972 1881 4024 occupatus
1899 3977 1998 4008 esse
2007 3967 2034 4007 ,ι’
2055 3976 2162 4008 non
2191 3953 2412 4006 multum
2431 3952 2632 4004 tribuo:

1617 4055 1784 4108 quum
1811 4037 2102 4106 negationis
2141 4035 2249 4086 vim
2272 4033 2460 4084 habeat
2482 4031 2642 4082 inter-

1619 4116 1838 4186 rogatio.
1869 4117 1936 4168 G.
