<?xml version="1.0" encoding="UTF-8"?>
<!DOCTYPE html PUBLIC "-//W3C//DTD XHTML 1.0 Transitional//EN"
    "http://www.w3.org/TR/xhtml1/DTD/xhtml1-transitional.dtd">
<html xmlns="http://www.w3.org/1999/xhtml" xml:lang="en" lang="en">
 <head>
  <title>
</title>
<meta http-equiv="Content-Type" content="text/html;charset=utf-8" />
  <meta name='ocr-system' content='tesseract 3.04.00' />
  <meta name='ocr-capabilities' content='ocr_page ocr_carea ocr_par ocr_line ocrx_word'/>
</head>
<body>
  <div class='ocr_page' id='page_1' title='image "./cpliniisecundie00schgoog_0426.png"; bbox 0 0 2857 4690; ppageno 0'>
   <div class='ocr_carea' id='block_1_1' title="bbox 932 350 2425 436">
    <p class='ocr_par' dir='ltr' id='par_1_1' title="bbox 932 350 2425 436">
     <span class='ocr_line' id='line_1_1' title="bbox 932 350 2425 436; baseline 0.003 -17"><span class='ocrx_word' id='word_1_1' title='bbox 932 352 1071 419; x_wconf 93' lang='lat' dir='ltr'>DE</span> <span class='ocrx_word' id='word_1_2' title='bbox 1126 353 1202 419; x_wconf 88' lang='lat' dir='ltr'>C.</span> <span class='ocrx_word' id='word_1_3' title='bbox 1259 351 1648 420; x_wconf 86' lang='lat' dir='ltr'>PLINIO.</span> <span class='ocrx_word' id='word_1_4' title='bbox 2200 350 2347 436; x_wconf 79' lang='grc' dir='ltr'>4ιὸ</span> <span class='ocrx_word' id='word_1_5' title='bbox 2417 381 2425 387; x_wconf 94' lang='grc'><strong><em>·</em></strong></span> 
     </span>
    </p>
   </div>
   <div class='ocr_carea' id='block_1_2' title="bbox 208 479 2448 4167">
    <p class='ocr_par' dir='ltr' id='par_1_2' title="bbox 208 479 2365 2481">
     <span class='ocr_line' id='line_1_2' title="bbox 208 479 2352 576; baseline 0.001 -26"><span class='ocrx_word' id='word_1_6' title='bbox 208 479 387 550; x_wconf 77' lang='lat' dir='ltr'>alias</span> <span class='ocrx_word' id='word_1_7' title='bbox 430 484 713 550; x_wconf 75' lang='lat' dir='ltr'>anck</span> <span class='ocrx_word' id='word_1_8' title='bbox 738 535 760 568; x_wconf 92' lang='lat'><strong><em>,</em></strong></span> <span class='ocrx_word' id='word_1_9' title='bbox 806 482 1073 550; x_wconf 84' lang='lat' dir='ltr'>natione</span> <span class='ocrx_word' id='word_1_10' title='bbox 1112 479 1548 551; x_wconf 90' lang='lat' dir='ltr'>Alemannum</span> <span class='ocrx_word' id='word_1_11' title='bbox 1581 535 1600 568; x_wconf 89' lang='lat'>‚</span> <span class='ocrx_word' id='word_1_12' title='bbox 1655 494 1928 550; x_wconf 83' lang='lat' dir='ltr'>curante</span> <span class='ocrx_word' id='word_1_13' title='bbox 1975 486 2352 576; x_wconf 85' lang='lat' dir='ltr'>Pomponio</span> 
     </span>
     <span class='ocr_line' id='line_1_3' title="bbox 208 587 2353 688; baseline -0 -32"><span class='ocrx_word' id='word_1_14' title='bbox 208 591 427 656; x_wconf 80' lang='lat' dir='ltr'>Laeto</span> <span class='ocrx_word' id='word_1_15' title='bbox 446 641 469 673; x_wconf 93' lang='lat'>‚</span> <span class='ocrx_word' id='word_1_16' title='bbox 499 590 613 682; x_wconf 90' lang='lat' dir='ltr'>qui</span> <span class='ocrx_word' id='word_1_17' title='bbox 652 589 719 656; x_wconf 91' lang='lat' dir='ltr'>in</span> <span class='ocrx_word' id='word_1_18' title='bbox 742 590 949 683; x_wconf 90' lang='lat' dir='ltr'><strong>Epist.</strong></span> <span class='ocrx_word' id='word_1_19' title='bbox 980 587 1376 688; x_wconf 85' lang='lat' dir='ltr'>dedicatoria</span> <span class='ocrx_word' id='word_1_20' title='bbox 1414 587 1498 656; x_wconf 90' lang='lat' dir='ltr'>ad</span> <span class='ocrx_word' id='word_1_21' title='bbox 1527 589 1849 656; x_wconf 90' lang='lat' dir='ltr'>Varinum</span> <span class='ocrx_word' id='word_1_22' title='bbox 1890 587 2353 672; x_wconf 86' lang='lat' dir='ltr'>Gamberium‚</span> 
     </span>
     <span class='ocr_line' id='line_1_4' title="bbox 208 691 2351 780; baseline 0.001 -20"><span class='ocrx_word' id='word_1_23' title='bbox 208 695 602 763; x_wconf 84' lang='lat' dir='ltr'>Innocentii</span> <span class='ocrx_word' id='word_1_24' title='bbox 621 695 790 764; x_wconf 85' lang='lat' dir='ltr'><strong>VIII</strong></span> <span class='ocrx_word' id='word_1_25' title='bbox 810 693 1143 763; x_wconf 86' lang='lat' dir='ltr'>Pontificis</span> <span class='ocrx_word' id='word_1_26' title='bbox 1167 695 1534 764; x_wconf 88' lang='lat' dir='ltr'>ministrum</span> <span class='ocrx_word' id='word_1_27' title='bbox 1554 718 1593 762; x_wconf 91' lang='lat' dir='ltr'>a</span> <span class='ocrx_word' id='word_1_28' title='bbox 1611 692 1937 780; x_wconf 87' lang='lat' dir='ltr'>cubiculo,</span> <span class='ocrx_word' id='word_1_29' title='bbox 1962 691 2212 762; x_wconf 90' lang='lat' dir='ltr'>collatis</span> <span class='ocrx_word' id='word_1_30' title='bbox 2231 717 2351 764; x_wconf 88' lang='lat' dir='ltr'>ase</span> 
     </span>
     <span class='ocr_line' id='line_1_5' title="bbox 208 797 2355 894; baseline 0.001 -28"><span class='ocrx_word' id='word_1_31' title='bbox 208 813 291 867; x_wconf 87' lang='lat' dir='ltr'>et</span> <span class='ocrx_word' id='word_1_32' title='bbox 304 799 629 869; x_wconf 84' lang='lat' dir='ltr'>revolutis</span> <span class='ocrx_word' id='word_1_33' title='bbox 643 802 917 868; x_wconf 81' lang='lat' dir='ltr'>vetustis</span> <span class='ocrx_word' id='word_1_34' title='bbox 933 798 1411 894; x_wconf 75' lang='lat' dir='ltr'>exemplaribus</span> <span class='ocrx_word' id='word_1_35' title='bbox 1426 799 1804 871; x_wconf 86' lang='lat' dir='ltr'>emendatas</span> <span class='ocrx_word' id='word_1_36' title='bbox 1824 799 2015 868; x_wconf 88' lang='lat' dir='ltr'>Plinii</span> <span class='ocrx_word' id='word_1_37' title='bbox 2028 797 2355 894; x_wconf 84' lang='lat' dir='ltr'>Epistolas</span> 
     </span>
     <span class='ocr_line' id='line_1_6' title="bbox 210 895 2350 1000; baseline -0 -28"><span class='ocrx_word' id='word_1_38' title='bbox 210 918 529 974; x_wconf 85' lang='lat' dir='ltr'>testatur.</span> <span class='ocrx_word' id='word_1_39' title='bbox 574 909 675 974; x_wconf 88' lang='lat' dir='ltr'>Ea</span> <span class='ocrx_word' id='word_1_40' title='bbox 717 905 917 974; x_wconf 90' lang='lat' dir='ltr'>editio</span> <span class='ocrx_word' id='word_1_41' title='bbox 961 905 1167 974; x_wconf 76' lang='lat' dir='ltr'>libros</span> <span class='ocrx_word' id='word_1_42' title='bbox 1212 929 1444 974; x_wconf 77' lang='lat' dir='ltr'>novem</span> <span class='ocrx_word' id='word_1_43' title='bbox 1487 905 1688 974; x_wconf 88' lang='lat' dir='ltr'>habet</span> <span class='ocrx_word' id='word_1_44' title='bbox 1707 957 1728 990; x_wconf 90' lang='lat'>‚</span> <span class='ocrx_word' id='word_1_45' title='bbox 1775 895 1945 974; x_wconf 83' lang='lat' dir='ltr'>forte</span> <span class='ocrx_word' id='word_1_46' title='bbox 1993 905 2221 1000; x_wconf 84' lang='lat' dir='ltr'>prima.</span> <span class='ocrx_word' id='word_1_47' title='bbox 2271 904 2350 977; x_wconf 85' lang='lat' dir='ltr'>cl.</span> 
     </span>
     <span class='ocr_line' id='line_1_7' title="bbox 210 1009 2358 1105; baseline 0 -27"><span class='ocrx_word' id='word_1_48' title='bbox 210 1012 495 1080; x_wconf 79' lang='lat' dir='ltr'>Ernesti</span> <span class='ocrx_word' id='word_1_49' title='bbox 512 1013 652 1104; x_wconf 87' lang='lat' dir='ltr'>ejus</span> <span class='ocrx_word' id='word_1_50' title='bbox 670 1009 1042 1105; x_wconf 82' lang='lat' dir='ltr'>exemplum</span> <span class='ocrx_word' id='word_1_51' title='bbox 1066 1010 1327 1098; x_wconf 88' lang='lat' dir='ltr'>habuit,</span> <span class='ocrx_word' id='word_1_52' title='bbox 1344 1010 1532 1104; x_wconf 75' lang='lat' dir='ltr'>cujus</span> <span class='ocrx_word' id='word_1_53' title='bbox 1555 1025 1743 1080; x_wconf 82' lang='lat' dir='ltr'>vetus</span> <span class='ocrx_word' id='word_1_54' title='bbox 1770 1036 2105 1105; x_wconf 81' lang='lat' dir='ltr'>possessor</span> <span class='ocrx_word' id='word_1_55' title='bbox 2126 1010 2358 1080; x_wconf 84' lang='lat' dir='ltr'>habuit</span> 
     </span>
     <span class='ocr_line' id='line_1_8' title="bbox 214 1114 2344 1211; baseline 0.001 -28"><span class='ocrx_word' id='word_1_56' title='bbox 214 1114 473 1184; x_wconf 85' lang='lat' dir='ltr'>librum</span> <span class='ocrx_word' id='word_1_57' title='bbox 520 1117 885 1211; x_wconf 80' lang='lat' dir='ltr'>scriptum3</span> <span class='ocrx_word' id='word_1_58' title='bbox 923 1115 1101 1210; x_wconf 84' lang='lat' dir='ltr'>quod</span> <span class='ocrx_word' id='word_1_59' title='bbox 1138 1129 1320 1210; x_wconf 83' lang='lat' dir='ltr'>patet</span> <span class='ocrx_word' id='word_1_60' title='bbox 1362 1139 1446 1183; x_wconf 81' lang='lat' dir='ltr'>ex</span> <span class='ocrx_word' id='word_1_61' title='bbox 1483 1117 1560 1184; x_wconf 89' lang='lat' dir='ltr'>iis</span> <span class='ocrx_word' id='word_1_62' title='bbox 1582 1169 1601 1202; x_wconf 90' lang='lat'><strong><em>‚</em></strong></span> <span class='ocrx_word' id='word_1_63' title='bbox 1637 1142 1782 1210; x_wconf 87' lang='lat' dir='ltr'>quae</span> <span class='ocrx_word' id='word_1_64' title='bbox 1821 1119 1889 1184; x_wconf 90' lang='lat' dir='ltr'>in</span> <span class='ocrx_word' id='word_1_65' title='bbox 1932 1116 2066 1185; x_wconf 89' lang='lat' dir='ltr'>fine</span> <span class='ocrx_word' id='word_1_66' title='bbox 2111 1117 2344 1188; x_wconf 87' lang='lat' dir='ltr'>adscri-</span> 
     </span>
     <span class='ocr_line' id='line_1_9' title="bbox 216 1221 2362 1316; baseline 0.001 -27"><span class='ocrx_word' id='word_1_67' title='bbox 216 1224 363 1316; x_wconf 85' lang='lat' dir='ltr'>psit</span> <span class='ocrx_word' id='word_1_68' title='bbox 392 1248 407 1288; x_wconf 91' lang='lat'>:</span> <span class='ocrx_word' id='word_1_69' title='bbox 458 1226 547 1291; x_wconf 83' lang='lat' dir='ltr'>In</span> <span class='ocrx_word' id='word_1_70' title='bbox 588 1221 835 1291; x_wconf 83' lang='lat' dir='ltr'>Codice</span> <span class='ocrx_word' id='word_1_71' title='bbox 885 1223 1140 1293; x_wconf 71' lang='lat' dir='ltr'>Caecilii</span> <span class='ocrx_word' id='word_1_72' title='bbox 1184 1225 1468 1316; x_wconf 75' lang='lat' dir='ltr'>antiquo</span> <span class='ocrx_word' id='word_1_73' title='bbox 1509 1222 1743 1290; x_wconf 84' lang='lat' dir='ltr'>multae</span> <span class='ocrx_word' id='word_1_74' title='bbox 1782 1222 2110 1292; x_wconf 78' lang='lat' dir='ltr'>dictiones</span> <span class='ocrx_word' id='word_1_75' title='bbox 2159 1239 2362 1294; x_wconf 73' lang='lat' dir='ltr'>erant</span> 
     </span>
     <span class='ocr_line' id='line_1_10' title="bbox 210 1327 2365 1424; baseline 0.004 -32"><span class='ocrx_word' id='word_1_76' title='bbox 210 1333 507 1422; x_wconf 68' lang='lat' dir='ltr'>scriptoe</span> <span class='ocrx_word' id='word_1_77' title='bbox 534 1352 675 1423; x_wconf 82' lang='lat' dir='ltr'>per</span> <span class='ocrx_word' id='word_1_78' title='bbox 724 1353 767 1395; x_wconf 89' lang='lat' dir='ltr'>u</span> <span class='ocrx_word' id='word_1_79' title='bbox 795 1380 815 1410; x_wconf 91' lang='lat'>‚</span> <span class='ocrx_word' id='word_1_80' title='bbox 868 1351 1046 1422; x_wconf 84' lang='lat' dir='ltr'>quas</span> <span class='ocrx_word' id='word_1_81' title='bbox 1088 1327 1544 1396; x_wconf 78' lang='lat' dir='ltr'>moderniores</span> <span class='ocrx_word' id='word_1_82' title='bbox 1595 1343 1898 1398; x_wconf 77' lang='lat' dir='ltr'>exarant</span> <span class='ocrx_word' id='word_1_83' title='bbox 1937 1353 2077 1424; x_wconf 79' lang='lat' dir='ltr'>per</span> <span class='ocrx_word' id='word_1_84' title='bbox 2141 1355 2184 1398; x_wconf 93' lang='lat' dir='ltr'>o</span> <span class='ocrx_word' id='word_1_85' title='bbox 2205 1382 2228 1417; x_wconf 89' lang='lat'><strong><em>,</em></strong></span> <span class='ocrx_word' id='word_1_86' title='bbox 2285 1344 2365 1400; x_wconf 81' lang='lat' dir='ltr'>ut</span> 
     </span>
     <span class='ocr_line' id='line_1_11' title="bbox 218 1431 2358 1528; baseline 0.001 -26"><span class='ocrx_word' id='word_1_87' title='bbox 218 1455 496 1502; x_wconf 87' lang='lat' dir='ltr'>sorures</span> <span class='ocrx_word' id='word_1_88' title='bbox 516 1487 536 1521; x_wconf 89' lang='lat'>‚</span> <span class='ocrx_word' id='word_1_89' title='bbox 566 1431 869 1520; x_wconf 83' lang='lat' dir='ltr'>dolnres,</span> <span class='ocrx_word' id='word_1_90' title='bbox 904 1434 1259 1528; x_wconf 89' lang='lat' dir='ltr'>princupes</span> <span class='ocrx_word' id='word_1_91' title='bbox 1294 1447 1365 1500; x_wconf 84' lang='lat' dir='ltr'>et</span> <span class='ocrx_word' id='word_1_92' title='bbox 1395 1457 1793 1528; x_wconf 87' lang='lat' dir='ltr'>mancupes‚</span> <span class='ocrx_word' id='word_1_93' title='bbox 1827 1434 1932 1504; x_wconf 84' lang='lat' dir='ltr'>ad</span> <span class='ocrx_word' id='word_1_94' title='bbox 1968 1436 2358 1504; x_wconf 80' lang='lat' dir='ltr'>evitandam</span> 
     </span>
     <span class='ocr_line' id='line_1_12' title="bbox 214 1538 2361 1635; baseline 0.002 -30"><span class='ocrx_word' id='word_1_95' title='bbox 214 1539 575 1632; x_wconf 79' lang='lat' dir='ltr'><em>sequelam</em></span> <span class='ocrx_word' id='word_1_96' title='bbox 630 1538 995 1608; x_wconf 79' lang='lat' dir='ltr'>eanmdem</span> <span class='ocrx_word' id='word_1_97' title='bbox 1048 1539 1439 1625; x_wconf 82' lang='lat' dir='ltr'>vocalium‚·</span> <span class='ocrx_word' id='word_1_98' title='bbox 1489 1545 1649 1608; x_wconf 83' lang='lat' dir='ltr'>item</span> <span class='ocrx_word' id='word_1_99' title='bbox 1711 1540 1927 1610; x_wconf 80' lang='lat' dir='ltr'>honus</span> <span class='ocrx_word' id='word_1_100' title='bbox 1955 1593 1975 1628; x_wconf 90' lang='lat'>‚</span> <span class='ocrx_word' id='word_1_101' title='bbox 2025 1542 2318 1635; x_wconf 90' lang='lat' dir='ltr'>cohopto</span> <span class='ocrx_word' id='word_1_102' title='bbox 2341 1596 2361 1629; x_wconf 86' lang='lat'><strong>‚</strong></span> 
     </span>
     <span class='ocr_line' id='line_1_13' title="bbox 218 1641 2364 1741; baseline 0.002 -29"><span class='ocrx_word' id='word_1_103' title='bbox 218 1644 594 1741; x_wconf 76' lang='lat' dir='ltr'>haspimta</span> <span class='ocrx_word' id='word_1_104' title='bbox 646 1641 797 1730; x_wconf 81' lang='lat' dir='ltr'>(uti</span> <span class='ocrx_word' id='word_1_105' title='bbox 841 1641 1133 1728; x_wconf 83' lang='lat' dir='ltr'>debent)</span> <span class='ocrx_word' id='word_1_106' title='bbox 1155 1698 1177 1730; x_wconf 91' lang='lat'><strong><em>,</em></strong></span> <span class='ocrx_word' id='word_1_107' title='bbox 1222 1660 1420 1712; x_wconf 80' lang='lat' dir='ltr'>erant</span> <span class='ocrx_word' id='word_1_108' title='bbox 1465 1659 1539 1712; x_wconf 85' lang='lat' dir='ltr'>et</span> <span class='ocrx_word' id='word_1_109' title='bbox 1584 1646 1734 1714; x_wconf 81' lang='lat' dir='ltr'>alia</span> <span class='ocrx_word' id='word_1_110' title='bbox 1765 1647 2109 1740; x_wconf 78' lang='lat' dir='ltr'>pleraque</span> <span class='ocrx_word' id='word_1_111' title='bbox 2127 1700 2150 1733; x_wconf 95' lang='lat'><strong><em>,</em></strong></span> <span class='ocrx_word' id='word_1_112' title='bbox 2202 1671 2364 1741; x_wconf 73' lang='lat' dir='ltr'>quoe</span> 
     </span>
     <span class='ocr_line' id='line_1_14' title="bbox 222 1749 2362 1840; baseline 0.002 -23"><span class='ocrx_word' id='word_1_113' title='bbox 222 1749 587 1824; x_wconf 78' lang='lat' dir='ltr'>bonarum.</span> <span class='ocrx_word' id='word_1_114' title='bbox 630 1751 975 1820; x_wconf 77' lang='lat' dir='ltr'>litet-amm</span> <span class='ocrx_word' id='word_1_115' title='bbox 1038 1752 1329 1819; x_wconf 77' lang='lat' dir='ltr'>caedtores</span> <span class='ocrx_word' id='word_1_116' title='bbox 1378 1752 1675 1820; x_wconf 80' lang='lat' dir='ltr'>calluere</span> <span class='ocrx_word' id='word_1_117' title='bbox 1701 1804 1726 1836; x_wconf 90' lang='lat'><em>,</em></span> <span class='ocrx_word' id='word_1_118' title='bbox 1784 1767 1862 1820; x_wconf 80' lang='lat' dir='ltr'>ut</span> <span class='ocrx_word' id='word_1_119' title='bbox 1903 1769 2066 1821; x_wconf 82' lang='lat' dir='ltr'>sunt</span> <span class='ocrx_word' id='word_1_120' title='bbox 2079 1806 2102 1838; x_wconf 93' lang='lat'>‚</span> <span class='ocrx_word' id='word_1_121' title='bbox 2157 1751 2362 1840; x_wconf 81' lang='lat' dir='ltr'>sulla,</span> 
     </span>
     <span class='ocr_line' id='line_1_15' title="bbox 222 1854 2360 1951; baseline 0.001 -27"><span class='ocrx_word' id='word_1_122' title='bbox 222 1854 529 1941; x_wconf 88' lang='lat' dir='ltr'>subulla‚</span> <span class='ocrx_word' id='word_1_123' title='bbox 565 1856 984 1943; x_wconf 81' lang='lat' dir='ltr'>adulescens,</span> <span class='ocrx_word' id='word_1_124' title='bbox 1018 1854 1324 1951; x_wconf 83' lang='lat' dir='ltr'>epistula,</span> <span class='ocrx_word' id='word_1_125' title='bbox 1354 1854 1650 1944; x_wconf 87' lang='lat' dir='ltr'>suboles,</span> <span class='ocrx_word' id='word_1_126' title='bbox 1676 1855 1892 1944; x_wconf 88' lang='lat' dir='ltr'>eidus,</span> <span class='ocrx_word' id='word_1_127' title='bbox 1919 1873 2043 1926; x_wconf 76' lang='lat' dir='ltr'>etc·</span> <span class='ocrx_word' id='word_1_128' title='bbox 2083 1858 2221 1927; x_wconf 90' lang='lat' dir='ltr'>Sub</span> <span class='ocrx_word' id='word_1_129' title='bbox 2258 1883 2360 1927; x_wconf 91' lang='lat' dir='ltr'>er-</span> 
     </span>
     <span class='ocr_line' id='line_1_16' title="bbox 226 1963 2363 2058; baseline 0.001 -28"><span class='ocrx_word' id='word_1_130' title='bbox 226 1963 391 2031; x_wconf 79' lang='lat' dir='ltr'>ratis</span> <span class='ocrx_word' id='word_1_131' title='bbox 424 1976 684 2057; x_wconf 80' lang='lat' dir='ltr'>typogr.</span> <span class='ocrx_word' id='word_1_132' title='bbox 720 1963 1007 2050; x_wconf 87' lang='lat' dir='ltr'>monuit,</span> <span class='ocrx_word' id='word_1_133' title='bbox 1048 1985 1185 2030; x_wconf 89' lang='lat' dir='ltr'>non</span> <span class='ocrx_word' id='word_1_134' title='bbox 1228 1963 1451 2029; x_wconf 86' lang='lat' dir='ltr'>omnia</span> <span class='ocrx_word' id='word_1_135' title='bbox 1493 1975 1716 2030; x_wconf 89' lang='lat' dir='ltr'>notata</span> <span class='ocrx_word' id='word_1_136' title='bbox 1759 1987 1930 2049; x_wconf 90' lang='lat' dir='ltr'>esse,</span> <span class='ocrx_word' id='word_1_137' title='bbox 1970 1963 2168 2058; x_wconf 89' lang='lat' dir='ltr'>idque</span> <span class='ocrx_word' id='word_1_138' title='bbox 2221 1963 2363 2034; x_wconf 79' lang='lat' dir='ltr'>vult</span> 
     </span>
     <span class='ocr_line' id='line_1_17' title="bbox 216 2067 2365 2164; baseline 0.001 -28"><span class='ocrx_word' id='word_1_139' title='bbox 216 2091 410 2162; x_wconf 82' lang='lat' dir='ltr'>pace</span> <span class='ocrx_word' id='word_1_140' title='bbox 441 2071 812 2164; x_wconf 83' lang='lat' dir='ltr'>Pomponii</span> <span class='ocrx_word' id='word_1_141' title='bbox 833 2071 1279 2164; x_wconf 68' lang='lat' dir='ltr'>proeceptonls·</span> <span class='ocrx_word' id='word_1_142' title='bbox 1310 2073 1421 2135; x_wconf 83' lang='lat' dir='ltr'>sui</span> <span class='ocrx_word' id='word_1_143' title='bbox 1457 2067 1708 2136; x_wconf 75' lang='lat' dir='ltr'>di&#39;otum</span> <span class='ocrx_word' id='word_1_144' title='bbox 1741 2091 1904 2136; x_wconf 85' lang='lat' dir='ltr'>esse.</span> <span class='ocrx_word' id='word_1_145' title='bbox 1947 2071 2030 2136; x_wconf 90' lang='lat' dir='ltr'>In</span> <span class='ocrx_word' id='word_1_146' title='bbox 2067 2071 2365 2164; x_wconf 83' lang='lat' dir='ltr'>margine</span> 
     </span>
     <span class='ocr_line' id='line_1_18' title="bbox 226 2172 2358 2268; baseline 0.001 -26"><span class='ocrx_word' id='word_1_147' title='bbox 226 2197 315 2242; x_wconf 86' lang='lat' dir='ltr'>ex</span> <span class='ocrx_word' id='word_1_148' title='bbox 343 2173 577 2242; x_wconf 88' lang='lat' dir='ltr'>eodem</span> <span class='ocrx_word' id='word_1_149' title='bbox 617 2173 863 2244; x_wconf 87' lang='lat' dir='ltr'>Codice</span> <span class='ocrx_word' id='word_1_150' title='bbox 893 2173 1188 2268; x_wconf 84' lang='lat' dir='ltr'>quaedam</span> <span class='ocrx_word' id='word_1_151' title='bbox 1220 2172 1551 2267; x_wconf 85' lang='lat' dir='ltr'>adscripta</span> <span class='ocrx_word' id='word_1_152' title='bbox 1579 2187 1783 2242; x_wconf 88' lang='lat' dir='ltr'>erant.</span> <span class='ocrx_word' id='word_1_153' title='bbox 1822 2173 1974 2242; x_wconf 84' lang='lat' dir='ltr'>vid.</span> <span class='ocrx_word' id='word_1_154' title='bbox 2005 2172 2170 2244; x_wconf 91' lang='lat' dir='ltr'>Bibl.</span> <span class='ocrx_word' id='word_1_155' title='bbox 2213 2177 2358 2244; x_wconf 87' lang='lat' dir='ltr'>Lat.</span> 
     </span>
     <span class='ocr_line' id='line_1_19' title="bbox 226 2278 2359 2376; baseline 0.001 -27"><span class='ocrx_word' id='word_1_156' title='bbox 226 2293 393 2349; x_wconf 89' lang='lat' dir='ltr'>tom.</span> <span class='ocrx_word' id='word_1_157' title='bbox 440 2283 550 2368; x_wconf 88' lang='grc' dir='ltr'>ΙΙ,</span> <span class='ocrx_word' id='word_1_158' title='bbox 593 2306 660 2376; x_wconf 93' lang='lat' dir='ltr'>p.</span> <span class='ocrx_word' id='word_1_159' title='bbox 712 2283 885 2365; x_wconf 77' lang='lat'>412.</span> <span class='ocrx_word' id='word_1_160' title='bbox 938 2283 1082 2350; x_wconf 87' lang='lat' dir='ltr'>Hac</span> <span class='ocrx_word' id='word_1_161' title='bbox 1144 2278 1427 2349; x_wconf 87' lang='lat' dir='ltr'>editione</span> <span class='ocrx_word' id='word_1_162' title='bbox 1489 2303 1626 2348; x_wconf 87' lang='lat' dir='ltr'>non</span> <span class='ocrx_word' id='word_1_163' title='bbox 1685 2281 1787 2349; x_wconf 90' lang='lat' dir='ltr'>usi</span> <span class='ocrx_word' id='word_1_164' title='bbox 1853 2295 2008 2351; x_wconf 88' lang='lat' dir='ltr'>sunt</span> <span class='ocrx_word' id='word_1_165' title='bbox 2056 2280 2359 2351; x_wconf 87' lang='lat' dir='ltr'>editores.</span> 
     </span>
     <span class='ocr_line' id='line_1_20' title="bbox 232 2385 1802 2481; baseline 0 -28"><span class='ocrx_word' id='word_1_166' title='bbox 232 2388 586 2456; x_wconf 87' lang='lat' dir='ltr'>Lectiones</span> <span class='ocrx_word' id='word_1_167' title='bbox 612 2387 753 2479; x_wconf 88' lang='lat' dir='ltr'>ejus</span> <span class='ocrx_word' id='word_1_168' title='bbox 784 2385 1003 2481; x_wconf 89' lang='lat' dir='ltr'>plures</span> <span class='ocrx_word' id='word_1_169' title='bbox 1040 2388 1294 2455; x_wconf 83' lang='lat' dir='ltr'>notavit</span> <span class='ocrx_word' id='word_1_170' title='bbox 1335 2387 1802 2480; x_wconf 85' lang='lat' dir='ltr'>Heusingerus.</span> 
     </span>
    </p>

    <p class='ocr_par' dir='ltr' id='par_1_3' title="bbox 351 2489 2359 2587">
     <span class='ocr_line' id='line_1_21' title="bbox 351 2489 2359 2587; baseline -0 -25"><span class='ocrx_word' id='word_1_171' title='bbox 351 2516 379 2562; x_wconf 93' lang='lat'>1</span> <span class='ocrx_word' id='word_1_172' title='bbox 396 2492 573 2587; x_wconf 89' lang='grc'><strong>498.</strong></span> <span class='ocrx_word' id='word_1_173' title='bbox 609 2496 967 2561; x_wconf 65' lang='lat' dir='ltr'>Tamis-ma</span> <span class='ocrx_word' id='word_1_174' title='bbox 994 2493 1065 2562; x_wconf 96' lang='lat' dir='ltr'>II</span> <span class='ocrx_word' id='word_1_175' title='bbox 1096 2489 1564 2586; x_wconf 88' lang='lat' dir='ltr'>Epistolarum:</span> <span class='ocrx_word' id='word_1_176' title='bbox 1592 2492 1890 2562; x_wconf 83' lang='lat' dir='ltr'>Fabricio</span> <span class='ocrx_word' id='word_1_177' title='bbox 1933 2508 2359 2563; x_wconf 78' lang='lat' dir='ltr'>memoratur..</span> 
     </span>
    </p>

    <p class='ocr_par' dir='ltr' id='par_1_4' title="bbox 232 2596 2364 3008">
     <span class='ocr_line' id='line_1_22' title="bbox 352 2596 2360 2692; baseline 0.002 -26"><span class='ocrx_word' id='word_1_178' title='bbox 352 2598 571 2691; x_wconf 76' lang='lat'>1498.</span> <span class='ocrx_word' id='word_1_179' title='bbox 615 2603 989 2683; x_wconf 83' lang='lat' dir='ltr'>Bononioe,</span> <span class='ocrx_word' id='word_1_180' title='bbox 1047 2601 1115 2683; x_wconf 91' lang='grc'>4.</span> <span class='ocrx_word' id='word_1_181' title='bbox 1148 2600 1243 2675; x_wconf 68' lang='lat' dir='ltr'>⁷C.</span> <span class='ocrx_word' id='word_1_182' title='bbox 1290 2596 1481 2667; x_wconf 86' lang='lat' dir='ltr'>Plinii</span> <span class='ocrx_word' id='word_1_183' title='bbox 1531 2598 1846 2692; x_wconf 83' lang='lat' dir='ltr'>Epistolae</span> <span class='ocrx_word' id='word_1_184' title='bbox 1881 2652 1902 2687; x_wconf 88' lang='lat'>‚</span> <span class='ocrx_word' id='word_1_185' title='bbox 1955 2623 1994 2667; x_wconf 90' lang='lat' dir='ltr'>a</span> <span class='ocrx_word' id='word_1_186' title='bbox 2051 2602 2360 2671; x_wconf 72' lang='lat' dir='ltr'>luc-uado</span> 
     </span>
     <span class='ocr_line' id='line_1_23' title="bbox 234 2702 2364 2793; baseline 0.003 -22"><span class='ocrx_word' id='word_1_187' title='bbox 234 2704 609 2773; x_wconf 82' lang='lat' dir='ltr'>Veronensi</span> <span class='ocrx_word' id='word_1_188' title='bbox 646 2702 813 2772; x_wconf 90' lang='lat' dir='ltr'>Ord.</span> <span class='ocrx_word' id='word_1_189' title='bbox 854 2703 1067 2773; x_wconf 79' lang='lat' dir='ltr'>Praed.</span> <span class='ocrx_word' id='word_1_190' title='bbox 1109 2703 1195 2772; x_wconf 89' lang='lat' dir='ltr'>ad</span> <span class='ocrx_word' id='word_1_191' title='bbox 1222 2706 1367 2773; x_wconf 90' lang='lat' dir='ltr'>MS.</span> <span class='ocrx_word' id='word_1_192' title='bbox 1399 2705 1832 2775; x_wconf 88' lang='lat' dir='ltr'>Parisiensem</span> <span class='ocrx_word' id='word_1_193' title='bbox 1869 2707 2264 2793; x_wconf 68' lang='lat' dir='ltr'>emendatae,</span> <span class='ocrx_word' id='word_1_194' title='bbox 2297 2722 2364 2777; x_wconf 91' lang='lat' dir='ltr'>et</span> 
     </span>
     <span class='ocr_line' id='line_1_24' title="bbox 232 2802 2364 2883; baseline 0.004 -8"><span class='ocrx_word' id='word_1_195' title='bbox 232 2832 277 2875; x_wconf 88' lang='lat' dir='ltr'>a</span> <span class='ocrx_word' id='word_1_196' title='bbox 308 2808 657 2877; x_wconf 78' lang='lat' dir='ltr'>Beroaldo</span> <span class='ocrx_word' id='word_1_197' title='bbox 700 2802 1051 2879; x_wconf 81' lang='lat' dir='ltr'>recensitae.</span> <span class='ocrx_word' id='word_1_198' title='bbox 1102 2814 1357 2879; x_wconf 89' lang='lat' dir='ltr'>Bonon.</span> <span class='ocrx_word' id='word_1_199' title='bbox 1406 2812 1532 2879; x_wconf 90' lang='lat' dir='ltr'>Per</span> <span class='ocrx_word' id='word_1_200' title='bbox 1587 2810 2012 2881; x_wconf 87' lang='lat' dir='ltr'>Benedictum</span> <span class='ocrx_word' id='word_1_201' title='bbox 2060 2816 2364 2883; x_wconf 88' lang='lat' dir='ltr'>Hectoris</span> 
     </span>
     <span class='ocr_line' id='line_1_25' title="bbox 236 2912 1784 3008; baseline -0.001 -25"><span class='ocrx_word' id='word_1_202' title='bbox 236 2915 738 2983; x_wconf 88' lang='lat' dir='ltr'>Bononiensem.</span> <span class='ocrx_word' id='word_1_203' title='bbox 778 2913 879 2983; x_wconf 86' lang='lat' dir='ltr'>cf.</span> <span class='ocrx_word' id='word_1_204' title='bbox 923 2916 1214 2983; x_wconf 85' lang='lat' dir='ltr'>Maittar.</span> <span class='ocrx_word' id='word_1_205' title='bbox 1260 2913 1300 2982; x_wconf 92' lang='lat' dir='ltr'>l.</span> <span class='ocrx_word' id='word_1_206' title='bbox 1338 2938 1395 2983; x_wconf 87' lang='lat' dir='ltr'>c.</span> <span class='ocrx_word' id='word_1_207' title='bbox 1426 2938 1576 3008; x_wconf 84' lang='lat' dir='ltr'>pag.</span> <span class='ocrx_word' id='word_1_208' title='bbox 1611 2912 1784 2985; x_wconf 78' lang='lat'>662.</span> 
     </span>
    </p>

    <p class='ocr_par' dir='ltr' id='par_1_5' title="bbox 232 3017 2448 4167">
     <span class='ocr_line' id='line_1_26' title="bbox 356 3017 2362 3117; baseline 0.001 -27"><span class='ocrx_word' id='word_1_209' title='bbox 356 3017 499 3090; x_wconf 82' lang='lat'>&#39;150</span> <span class='ocrx_word' id='word_1_210' title='bbox 516 3044 540 3089; x_wconf 90' lang='lat'>1</span> <span class='ocrx_word' id='word_1_211' title='bbox 558 3072 572 3089; x_wconf 92' lang='lat'>.</span> <span class='ocrx_word' id='word_1_212' title='bbox 590 3022 763 3091; x_wconf 87' lang='lat' dir='ltr'>Huic</span> <span class='ocrx_word' id='word_1_213' title='bbox 783 3019 885 3087; x_wconf 88' lang='lat' dir='ltr'>ed.</span> <span class='ocrx_word' id='word_1_214' title='bbox 902 3017 1325 3113; x_wconf 88' lang='lat' dir='ltr'>epistolarum</span> <span class='ocrx_word' id='word_1_215' title='bbox 1353 3019 1780 3087; x_wconf 82' lang='lat' dir='ltr'>annectendae</span> <span class='ocrx_word' id='word_1_216' title='bbox 1803 3022 2110 3108; x_wconf 86' lang='lat' dir='ltr'>veniunt,</span> <span class='ocrx_word' id='word_1_217' title='bbox 2133 3039 2362 3117; x_wconf 86' lang='lat' dir='ltr'>postea</span> 
     </span>
     <span class='ocr_line' id='line_1_27' title="bbox 232 3124 2350 3219; baseline 0.002 -24"><span class='ocrx_word' id='word_1_218' title='bbox 232 3125 521 3195; x_wconf 82' lang='lat' dir='ltr'>inventae</span> <span class='ocrx_word' id='word_1_219' title='bbox 548 3141 615 3196; x_wconf 91' lang='lat' dir='ltr'>et</span> <span class='ocrx_word' id='word_1_220' title='bbox 648 3151 689 3196; x_wconf 88' lang='lat' dir='ltr'>a</span> <span class='ocrx_word' id='word_1_221' title='bbox 716 3125 1059 3199; x_wconf 81' lang='lat' dir='ltr'>Beroaldo</span> <span class='ocrx_word' id='word_1_222' title='bbox 1088 3125 1436 3219; x_wconf 84' lang='lat' dir='ltr'>separatim</span> <span class='ocrx_word' id='word_1_223' title='bbox 1467 3124 1668 3193; x_wconf 88' lang='lat' dir='ltr'>credo</span> <span class='ocrx_word' id='word_1_224' title='bbox 1693 3124 1975 3219; x_wconf 89' lang='lat' dir='ltr'>primum</span> <span class='ocrx_word' id='word_1_225' title='bbox 2013 3152 2117 3195; x_wconf 87' lang='lat' dir='ltr'>an.</span> <span class='ocrx_word' id='word_1_226' title='bbox 2169 3128 2308 3201; x_wconf 83' lang='lat'>150</span> <span class='ocrx_word' id='word_1_227' title='bbox 2325 3154 2350 3199; x_wconf 91' lang='lat'>1</span> 
     </span>
     <span class='ocr_line' id='line_1_28' title="bbox 236 3228 2448 3327; baseline 0.001 -26"><span class='ocrx_word' id='word_1_228' title='bbox 236 3230 587 3327; x_wconf 75' lang='lat' dir='ltr'>publicatae</span> <span class='ocrx_word' id='word_1_229' title='bbox 638 3232 936 3301; x_wconf 88' lang='lat' dir='ltr'>Venetiis</span> <span class='ocrx_word' id='word_1_230' title='bbox 964 3282 985 3316; x_wconf 86' lang='lat'>‚</span> <span class='ocrx_word' id='word_1_231' title='bbox 1047 3245 1115 3299; x_wconf 89' lang='lat' dir='ltr'>et</span> <span class='ocrx_word' id='word_1_232' title='bbox 1172 3232 1375 3299; x_wconf 84' lang='lat' dir='ltr'>instar</span> <span class='ocrx_word' id='word_1_233' title='bbox 1441 3228 1880 3324; x_wconf 89' lang='lat' dir='ltr'>supplementi</span> <span class='ocrx_word' id='word_1_234' title='bbox 1933 3236 2362 3319; x_wconf 80' lang='lat' dir='ltr'>Bononiensis</span> <span class='ocrx_word' id='word_1_235' title='bbox 2437 3276 2448 3289; x_wconf 68' lang='lat'>=</span> 
     </span>
     <span class='ocr_line' id='line_1_29' title="bbox 236 3334 2360 3432; baseline 0.002 -27"><span class='ocrx_word' id='word_1_236' title='bbox 236 3338 547 3410; x_wconf 81' lang='lat' dir='ltr'>editionis</span> <span class='ocrx_word' id='word_1_237' title='bbox 588 3338 878 3432; x_wconf 84' lang='lat' dir='ltr'>repetitae</span> <span class='ocrx_word' id='word_1_238' title='bbox 919 3334 1110 3405; x_wconf 90' lang='lat' dir='ltr'>Plinii</span> <span class='ocrx_word' id='word_1_239' title='bbox 1150 3335 1233 3403; x_wconf 87' lang='lat' dir='ltr'>ad</span> <span class='ocrx_word' id='word_1_240' title='bbox 1273 3334 1632 3429; x_wconf 84' lang='lat' dir='ltr'>Trajanum</span> <span class='ocrx_word' id='word_1_241' title='bbox 1682 3351 1751 3405; x_wconf 85' lang='lat' dir='ltr'>et</span> <span class='ocrx_word' id='word_1_242' title='bbox 1788 3336 2054 3429; x_wconf 85' lang='lat' dir='ltr'>Trajani</span> <span class='ocrx_word' id='word_1_243' title='bbox 2095 3340 2180 3409; x_wconf 91' lang='lat' dir='ltr'>ad</span> <span class='ocrx_word' id='word_1_244' title='bbox 2222 3340 2360 3409; x_wconf 91' lang='lat' dir='ltr'>Pli-</span> 
     </span>
     <span class='ocr_line' id='line_1_30' title="bbox 238 3439 2361 3537; baseline 0.002 -27"><span class='ocrx_word' id='word_1_245' title='bbox 238 3445 425 3511; x_wconf 86' lang='lat' dir='ltr'>nium</span> <span class='ocrx_word' id='word_1_246' title='bbox 467 3441 827 3537; x_wconf 80' lang='lat' dir='ltr'>Epistoloe:</span> <span class='ocrx_word' id='word_1_247' title='bbox 872 3439 1063 3510; x_wconf 88' lang='lat' dir='ltr'>Plinii</span> <span class='ocrx_word' id='word_1_248' title='bbox 1106 3442 1544 3535; x_wconf 84' lang='lat' dir='ltr'>Panegyricus</span> <span class='ocrx_word' id='word_1_249' title='bbox 1564 3495 1584 3526; x_wconf 89' lang='lat'><strong>,</strong></span> <span class='ocrx_word' id='word_1_250' title='bbox 1627 3441 2018 3511; x_wconf 90' lang='lat' dir='ltr'>Benedictus</span> <span class='ocrx_word' id='word_1_251' title='bbox 2057 3446 2361 3515; x_wconf 83' lang='lat' dir='ltr'>Hectoris</span> 
     </span>
     <span class='ocr_line' id='line_1_31' title="bbox 242 3548 2360 3642; baseline 0.002 -27"><span class='ocrx_word' id='word_1_252' title='bbox 242 3550 689 3617; x_wconf 79' lang='lat' dir='ltr'>Bononiensis</span> <span class='ocrx_word' id='word_1_253' title='bbox 727 3552 1065 3642; x_wconf 64' lang='lat' dir='ltr'>hupressit</span> <span class='ocrx_word' id='word_1_254' title='bbox 1089 3599 1111 3632; x_wconf 91' lang='lat'><strong><em>,</em></strong></span> <span class='ocrx_word' id='word_1_255' title='bbox 1159 3548 1225 3631; x_wconf 91' lang='grc'>4.</span> <span class='ocrx_word' id='word_1_256' title='bbox 1274 3550 1598 3615; x_wconf 90' lang='lat' dir='ltr'>Curatum</span> <span class='ocrx_word' id='word_1_257' title='bbox 1639 3548 1812 3615; x_wconf 89' lang='lat' dir='ltr'>enim</span> <span class='ocrx_word' id='word_1_258' title='bbox 1867 3570 2008 3617; x_wconf 91' lang='lat' dir='ltr'>esse</span> <span class='ocrx_word' id='word_1_259' title='bbox 2061 3550 2241 3621; x_wconf 88' lang='lat' dir='ltr'>hunc</span> <span class='ocrx_word' id='word_1_260' title='bbox 2287 3549 2360 3620; x_wconf 92' lang='lat' dir='ltr'>li-</span> 
     </span>
     <span class='ocr_line' id='line_1_32' title="bbox 240 3648 2360 3751; baseline 0.003 -33"><span class='ocrx_word' id='word_1_261' title='bbox 240 3648 489 3720; x_wconf 85' lang='lat' dir='ltr'>bellum</span> <span class='ocrx_word' id='word_1_262' title='bbox 531 3650 925 3747; x_wconf 78' lang='lat' dir='ltr'>singularem</span> <span class='ocrx_word' id='word_1_263' title='bbox 968 3674 1009 3719; x_wconf 90' lang='lat' dir='ltr'>a</span> <span class='ocrx_word' id='word_1_264' title='bbox 1035 3650 1202 3721; x_wconf 89' lang='lat' dir='ltr'>Phil.</span> <span class='ocrx_word' id='word_1_265' title='bbox 1238 3650 1563 3721; x_wconf 87' lang='lat' dir='ltr'>Beroaldo</span> <span class='ocrx_word' id='word_1_266' title='bbox 1588 3702 1606 3735; x_wconf 93' lang='lat'>,</span> <span class='ocrx_word' id='word_1_267' title='bbox 1637 3653 1816 3721; x_wconf 88' lang='lat' dir='ltr'>testis</span> <span class='ocrx_word' id='word_1_268' title='bbox 1849 3668 1949 3722; x_wconf 88' lang='lat' dir='ltr'>est</span> <span class='ocrx_word' id='word_1_269' title='bbox 1984 3657 2360 3751; x_wconf 80' lang='lat' dir='ltr'>Catalogus</span> 
     </span>
     <span class='ocr_line' id='line_1_33' title="bbox 245 3755 2361 3855; baseline 0.003 -30"><span class='ocrx_word' id='word_1_270' title='bbox 245 3755 401 3825; x_wconf 84' lang='lat' dir='ltr'>bibl.</span> <span class='ocrx_word' id='word_1_271' title='bbox 448 3760 611 3851; x_wconf 77' lang='lat' dir='ltr'>Reg.</span> <span class='ocrx_word' id='word_1_272' title='bbox 652 3758 1171 3827; x_wconf 54' lang='lat' dir='ltr'>Bella-Lethes</span> <span class='ocrx_word' id='word_1_273' title='bbox 1204 3771 1363 3827; x_wconf 88' lang='lat' dir='ltr'>tom.</span> <span class='ocrx_word' id='word_1_274' title='bbox 1406 3759 1477 3825; x_wconf 93' lang='lat' dir='ltr'>II</span> <span class='ocrx_word' id='word_1_275' title='bbox 1496 3809 1514 3842; x_wconf 90' lang='lat'><strong>,</strong></span> <span class='ocrx_word' id='word_1_276' title='bbox 1553 3784 1616 3851; x_wconf 91' lang='lat' dir='ltr'>p.</span> <span class='ocrx_word' id='word_1_277' title='bbox 1669 3782 1692 3825; x_wconf 79' lang='grc' dir='ltr'><strong>ι</strong></span> <span class='ocrx_word' id='word_1_278' title='bbox 1709 3780 1832 3851; x_wconf 87' lang='lat'>09.</span> <span class='ocrx_word' id='word_1_279' title='bbox 1880 3760 2116 3854; x_wconf 87' lang='lat' dir='ltr'>Neque</span> <span class='ocrx_word' id='word_1_280' title='bbox 2161 3763 2361 3855; x_wconf 84' lang='lat' dir='ltr'>igitur</span> 
     </span>
     <span class='ocr_line' id='line_1_34' title="bbox 244 3862 2362 3962; baseline 0.004 -33"><span class='ocrx_word' id='word_1_281' title='bbox 244 3862 419 3930; x_wconf 84' lang='lat' dir='ltr'>hauc</span> <span class='ocrx_word' id='word_1_282' title='bbox 453 3864 894 3933; x_wconf 86' lang='lat' dir='ltr'>accessionem</span> <span class='ocrx_word' id='word_1_283' title='bbox 936 3862 1368 3957; x_wconf 85' lang='lat' dir='ltr'>separandam</span> <span class='ocrx_word' id='word_1_284' title='bbox 1409 3862 1718 3931; x_wconf 80' lang='lat' dir='ltr'>duximus</span> <span class='ocrx_word' id='word_1_285' title='bbox 1761 3886 1801 3931; x_wconf 89' lang='lat' dir='ltr'>a</span> <span class='ocrx_word' id='word_1_286' title='bbox 1834 3889 1953 3933; x_wconf 88' lang='lat' dir='ltr'>suo</span> <span class='ocrx_word' id='word_1_287' title='bbox 1990 3866 2362 3962; x_wconf 85' lang='lat' dir='ltr'>principali,</span> 
     </span>
     <span class='ocr_line' id='line_1_35' title="bbox 248 3964 2362 4067; baseline 0.003 -32"><span class='ocrx_word' id='word_1_288' title='bbox 248 3964 429 4059; x_wconf 85' lang='lat' dir='ltr'>quod</span> <span class='ocrx_word' id='word_1_289' title='bbox 464 3966 571 4035; x_wconf 85' lang='lat' dir='ltr'>alii</span> <span class='ocrx_word' id='word_1_290' title='bbox 606 3966 823 4037; x_wconf 86' lang='lat' dir='ltr'>adhuc</span> <span class='ocrx_word' id='word_1_291' title='bbox 847 3967 1081 4037; x_wconf 85' lang='lat' dir='ltr'>fecere.</span> <span class='ocrx_word' id='word_1_292' title='bbox 1106 3968 1261 4037; x_wconf 87' lang='lat' dir='ltr'>vid.</span> <span class='ocrx_word' id='word_1_293' title='bbox 1290 3970 1652 4037; x_wconf 81' lang='lat' dir='ltr'>Maitcaire</span> <span class='ocrx_word' id='word_1_294' title='bbox 1683 3969 1853 4037; x_wconf 91' lang='lat' dir='ltr'>Ann.</span> <span class='ocrx_word' id='word_1_295' title='bbox 1879 3972 2160 4067; x_wconf 81' lang='lat' dir='ltr'>Typogr.</span> <span class='ocrx_word' id='word_1_296' title='bbox 2200 3986 2362 4042; x_wconf 88' lang='lat' dir='ltr'>tom.</span> 
     </span>
     <span class='ocr_line' id='line_1_36' title="bbox 248 4070 1822 4167; baseline 0.001 -29"><span class='ocrx_word' id='word_1_297' title='bbox 248 4072 355 4155; x_wconf 88' lang='lat'>11,</span> <span class='ocrx_word' id='word_1_298' title='bbox 395 4096 459 4163; x_wconf 84' lang='lat' dir='ltr'>p.</span> <span class='ocrx_word' id='word_1_299' title='bbox 506 4070 642 4167; x_wconf 82' lang='lat'>157</span> <span class='ocrx_word' id='word_1_300' title='bbox 667 4124 685 4158; x_wconf 92' lang='lat'>,</span> <span class='ocrx_word' id='word_1_301' title='bbox 720 4086 786 4141; x_wconf 91' lang='lat' dir='ltr'>et</span> <span class='ocrx_word' id='word_1_302' title='bbox 826 4073 1239 4165; x_wconf 84' lang='lat' dir='ltr'>Hamberger</span> <span class='ocrx_word' id='word_1_303' title='bbox 1270 4088 1427 4141; x_wconf 90' lang='lat' dir='ltr'>tom.</span> <span class='ocrx_word' id='word_1_304' title='bbox 1463 4074 1569 4157; x_wconf 90' lang='lat' dir='ltr'>II,</span> <span class='ocrx_word' id='word_1_305' title='bbox 1599 4097 1661 4166; x_wconf 92' lang='lat' dir='ltr'>p.</span> <span class='ocrx_word' id='word_1_306' title='bbox 1709 4070 1822 4145; x_wconf 84' lang='lat'>51.</span> 
     </span>
    </p>
   </div>
  </div>
 </body>
</html>
