2857 4690
501 335 636 405 322

1068 337 1143 402 C.
1197 333 1544 402 PLINII
1595 333 2064 404 SECUNDI

496 457 921 530 missionibus
970 457 1468 526 celebrarentur
1493 507 1512 540 ,
1564 455 1963 526 saltarentur
1988 509 2009 541 ‚
2057 471 2258 549 atque
2307 459 2378 526 in
2423 483 2626 530 omne

498 567 855 636 ludibrium
888 565 1283 638 effeminatis
1318 567 1593 648 vocibus
1623 621 1642 654 ,
1687 567 1941 655 modis,
1980 569 2302 662 gestibus,
2351 570 2620 666 frange-

495 669 784 748 rentur?
828 677 957 747 Sed
1006 676 1169 746 illud
1222 676 1572 772 indignum
1601 731 1624 764 ,
1689 677 1870 770 quod
1919 677 2152 748 eodem
2207 694 2508 773 tempore
2551 682 2620 750 in

492 803 723 856 senatu
754 803 821 856 et
848 788 917 856 in
946 811 1177 871 scena,
1205 787 1289 856 ab
1324 787 1650 856 histrione
1683 802 1750 855 et
1781 812 1822 856 a
1847 786 2120 857 consule
2150 786 2616 860 laudabantur.

426 916 454 948 ²
492 895 871 1004 Tuuprocul
894 922 933 963 a
962 898 1061 964 tui
1090 895 1278 966 cultu
1306 894 1597 966 ludicras
1633 911 1807 966 artes
1843 899 2206 967 removisti.
2241 902 2430 970 Seria
2457 926 2618 996 ergo

492 1023 557 1076 te
586 1008 920 1095 carmina,
944 1006 1293 1100 honorque
1330 1021 1615 1076 aeternus
1651 1006 1990 1078 annalium
2013 1061 2034 1094 ,
2055 1034 2190 1078 non
2221 1009 2362 1079 haec
2397 1011 2622 1080 brevis

490 1132 559 1186 et
602 1117 910 1212 pudenda
956 1117 1341 1212 praedicatio
1384 1117 1546 1187 colit
1589 1143 1605 1186 τ
1651 1119 1814 1211 quin
1867 1120 2068 1186 etiam
2118 1133 2308 1188 tanto
2361 1121 2619 1214 majore

488 1253 818 1296 consensu
875 1229 942 1296 in
994 1229 1489 1296 venerationem
1535 1229 1632 1296 tui
1676 1226 1934 1310 theatra
1974 1231 2115 1323 ipsa
2161 1245 2616 1324 consurgent,

421 1353 451 1405 3
488 1353 741 1433 quanto
782 1339 993 1432 magis
1045 1338 1127 1406 de
1165 1353 1229 1406 te
1265 1327 1476 1406 scenae
1513 1336 1824 1408 silebunt.
1873 1338 2006 1408 Sed
2049 1339 2210 1433 quid
2258 1365 2385 1434 ego
2435 1341 2618 1410 istud

490 1448 821 1536 admiror,
856 1473 1065 1543 quum
1106 1472 1221 1516 eos
1250 1471 1528 1541 quoque,
1559 1448 1878 1534 honores,
1917 1450 2034 1542 qui
2071 1449 2192 1518 tibi
2227 1475 2266 1518 a
2294 1449 2492 1518 nobis
2521 1449 2618 1518 of-

490 1556 830 1642 feruntur,
882 1572 999 1626 aut
1056 1556 1344 1626 delibare
1390 1558 1818 1652 parcissime,
1881 1572 1998 1632 aut
2059 1561 2333 1628 omnino
2405 1560 2616 1629 soleas

489 1667 832 1736 recusare?
858 1667 1043 1738 Nihil
1074 1682 1228 1736 ante
1253 1683 1389 1734 tam
1435 1665 1704 1760 vulgare
1729 1721 1749 1752 ,
1787 1683 1923 1736 tam
1957 1693 2242 1762 parvum
2282 1669 2351 1736 in
2377 1685 2614 1740 senatu

486 1775 808 1870 agebatur
834 1830 855 1862 ‚
921 1791 998 1845 ut
1054 1801 1191 1845 non
1251 1775 1558 1846 laudibus
1613 1777 1995 1871 principum
2063 1779 2618 1874 immorarentur,

419 1903 449 1958 4
488 1886 994 1980 quibuscunque
1008 1887 1319 1956 censendi
1341 1887 1696 1956 necessitas
1717 1885 2076 1956 accidisset.
2097 1889 2202 1956 De
2223 1886 2614 1982 ampliando

487 2021 767 2065 numero
812 1995 1291 2090 gladiatorum,
1328 2011 1446 2064 aut
1485 1996 1568 2064 de
1611 1995 2022 2064 instituendo
2057 1995 2340 2090 collegio
2383 1997 2612 2066 fabro-

488 2131 635 2175 rum
662 2106 1208 2176 consulebamur:
1239 2121 1305 2174 et
1336 2107 1527 2200 quasi
1555 2105 1828 2200 prolatis
1857 2107 2118 2200 imperii
2151 2106 2396 2176 finibus
2429 2133 2614 2178 nunc

486 2217 786 2310 ingentes
828 2241 1057 2304 arcuS,
1093 2241 1606 2310 excessurosque
1645 2214 2046 2310 templorum
2074 2215 2414 2332 fastigium
2443 2219 2609 2288 titu-

480 2419 868 2471 Certaminibus
890 2429 1165 2491 poetarum
1196 2430 1287 2470 aut
1327 2418 1502 2471 rheto-

482 2516 621 2549 rum.
638 2497 835 2549 Eadem
850 2496 1010 2567 plane
1021 2496 1222 2549 ratione
1234 2499 1502 2569 Augustus

480 2576 625 2647 apud
642 2576 860 2629 Sueton.
879 2576 1171 2638 LXXXIX,
1196 2602 1219 2623 ι
1242 2574 1502 2630 Admone-

482 2656 571 2707 bat
614 2656 865 2707 Praetores
888 2691 904 2716 ,
952 2674 1018 2707 ne
1056 2667 1358 2726 paterentur
1402 2676 1500 2709 no·-

480 2754 603 2787 men
629 2752 783 2785 suum
810 2732 1265 2787 commissionibus
1298 2736 1501 2789 ohsole·

480 2814 613 2866 fieri.
631 2838 653 2859 n
680 2811 803 2866 vid.
820 2813 894 2865 ibi
921 2816 1149 2867 Casaub.
1172 2826 1223 2866 et
1252 2814 1376 2867 add.
1393 2816 1494 2887 Ep.

479 2894 585 2945 v11
606 2935 620 2959 ‚
645 2905 707 2951 24
728 2931 744 2957 ,
758 2896 789 2946 6
806 2931 823 2956 ,
847 2894 938 2945 ubi
958 2894 1114 2946 etiam
1132 2892 1201 2947 ad
1218 2894 1498 2947 histriones

476 2976 615 3044 ipsos
638 2985 687 3025 et
709 2973 1064 3044 pantomimos
1089 2974 1329 3027 refertur.
1344 2972 1412 3025 G.
1426 3003 1496 3013 —

478 3050 601 3104 Vid.
636 3052 687 3104 J.
715 3054 779 3105 A.
814 3053 1113 3105 Ernestium
1150 3051 1216 3105 ad
1244 3053 1301 3105 h.
1340 3052 1375 3104 l.
1403 3051 1492 3123 qui

471 3134 591 3204 jure
608 3144 785 3183 tuetur
806 3135 1239 3207 commissionibus.
1261 3132 1315 3187 S.

545 3242 617 3251 -—
644 3214 790 3261 Ludis
817 3214 963 3262 etiam
987 3226 1035 3262 et
1063 3213 1490 3263 commissionibus.

474 3287 617 3342 Vera
644 3288 795 3343 lectio
816 3290 959 3343 haec:
996 3289 1087 3343 sed
1123 3309 1229 3341 non
1266 3288 1494 3342 arbitror

473 3368 607 3420 bene
635 3368 853 3441 intelligi
884 3370 950 3422 de
974 3366 1347 3422 certaminibus
1370 3386 1492 3437 poe·

474 3460 645 3500 tarum
668 3460 719 3502 et
745 3460 1033 3501 oratorum.
1056 3448 1229 3499 Immo
1248 3458 1371 3498 sunt
1388 3446 1492 3517 ipsi

473 3526 582 3579 ludi
608 3565 623 3589 ,
641 3540 699 3580 ut
717 3522 989 3599 sequentia
1012 3526 1164 3579 facile
1182 3524 1488 3591 ostendunt,

470 3605 525 3659 in
564 3608 753 3679 quibus
792 3623 925 3656 *mox
966 3603 1123 3657 etiam
1184 3607 1293 3659 sola
1332 3624 1490 3659 scena

472 3695 931 3738 commemoratur.
950 3683 1194 3737 Similiter
1211 3704 1296 3755 ap.
1318 3685 1484 3737 Cicer.

470 3762 539 3816 ad
552 3762 824 3825 Atexvl,
840 3762 889 3813 5.
902 3762 1115 3815 Sueton.
1134 3764 1267 3833 Aug.
1288 3762 1486 3817 XLIII.

470 3844 697 3896 Eunsr.

544 3940 593 3973 a.
618 3922 686 3969 Tu
696 3922 890 3986 procul.
912 3918 1068 3972 Liber
1082 3918 1355 3973 Schwarzii
1375 3958 1390 3983 ,
1418 3926 1487 3971 Tu

458 4002 645 4068 pocula
672 4017 705 4046 a
724 4000 798 4048 cui
815 4003 979 4059 cultu„
1009 4014 1064 4049 tu
1086 4002 1303 4051 ludicras
1325 4015 1453 4050 artes
1468 4021 1485 4050 .·
1515 4014 1520 4019 ’

468 4088 525 4129 ut
568 4074 881 4149 respondeat
930 4081 1354 4129 comessationibus
1401 4078 1486 4131 vel

577 4150 589 4169 ἱ

1589 2421 2006 2470 comissationibus
2030 2417 2200 2489 potius
2219 2456 2235 2481 ,
2271 2438 2403 2491 quas
2447 2420 2612 2475 modo

1589 2498 1922 2551 exclusimus.
1966 2500 2169 2570 Nempe
2206 2517 2315 2551 non
2359 2512 2494 2571 puto
2531 2522 2611 2555 re-

1588 2574 1809 2629 movisse
1846 2596 1878 2631 a
1919 2578 1998 2631 sui
2036 2576 2184 2631 cultu
2211 2584 2397 2645 pocula
2426 2581 2612 2655 Traja-

1585 2674 1716 2709 num
1731 2693 1746 2719 ‚
1771 2655 1866 2729 qui
1880 2676 1988 2709 non
2009 2656 2242 2709 infensus
2270 2670 2407 2711 esset
2427 2663 2606 2713 ἰπνίτα-

1585 2738 1817 2800 tionibus,
1831 2735 1919 2787 vid
1929 2775 1941 2788 .
1953 2736 2149 2799 XLIX,
2165 2738 2196 2790 8
2212 2753 2225 2787 :
2243 2754 2414 2809 neque
2423 2740 2606 2809 Augu-

1583 2826 1664 2885 sto
1688 2815 1916 2867 severior
1933 2853 1949 2879 ,
1969 2812 2038 2867 ad
2051 2833 2206 2885 quem
2223 2814 2474 2870 Horatius
2496 2818 2604 2871 Od.

1583 2893 1684 2957 IV,
1711 2894 1738 2947 5
1751 2906 1886 2947 extr.
1897 2932 1914 2957 ,
1929 2902 2123 2961 Longas
2137 2896 2169 2945 ὅ
2182 2896 2372 2945 ute'nam
2385 2934 2397 2946 .
2421 2934 2440 2957 .,
2459 2934 2470 2945 .
2483 2900 2606 2947 ὀίω·-

1583 2992 1687 3023 mus
1707 2990 1870 3025 11va
1883 3012 1900 3033 ,
1927 2978 2085 3039 Quum
2107 2978 2194 3025 Sol
2213 2978 2408 3026 Oceano
2427 2981 2602 3029 subest.

1580 3050 1778 3103 Plinius
1803 3057 2036 3113 Scenam,
2059 3055 2362 3113 histrionem,
2387 3058 2605 3107 ludier-m

1579 3133 1708 3181 ames
1743 3143 1979 3183 removet
2001 3168 2016 3193 ,
2055 3149 2161 3183 non
2197 3132 2476 3203 epularum
2527 3134 2604 3187 hi-

1579 3208 1866 3263 laritatem.
1905 3209 2082 3261 Nolim
2116 3229 2212 3281 ego
2253 3212 2384 3281 eripi
2419 3212 2554 3265 mihi
2583 3252 2600 3277 ,

1578 3288 1814 3360 meisque
1831 3287 2098 3342 sodalibus
2119 3327 2133 3351 ,
2149 3288 2442 3343 libertatem
2465 3292 2603 3345 inter

1578 3367 1777 3421 sobrias
1794 3406 1808 3431 ‚
1837 3368 2031 3421 hilares
2049 3380 2224 3421 tamen
2244 3406 2258 3432 ‚
2280 3380 2331 3421 et
2351 3370 2476 3424 vino
2489 3390 2600 3423 non

1575 3459 1811 3500 carentes
1833 3485 1847 3510 ‚
1875 3448 2056 3518 epulas
2091 3446 2380 3518 usurpandi
2405 3470 2600 3503 nomen

1576 3526 1725 3597 Regis
1743 3564 1760 3589 ‚
1787 3524 1842 3579 in
1865 3546 1972 3599 quo
1999 3527 2226 3597 plurima
2247 3526 2470 3599 Trajani
2493 3568 2509 3593 ,
2549 3542 2602 3582 et

1574 3604 1834 3677 quaedam.
1849 3644 1862 3657 .
1886 3645 1897 3657 .
1921 3605 2036 3659 .sed
2061 3606 2146 3659 hic
2170 3606 2324 3658 nimis
2345 3621 2600 3679 angustus

1572 3683 1720 3744 locus
1735 3698 1830 3737 est.
1853 3684 1919 3737 G.

1643 3795 1716 3803 —
1731 3767 1944 3816 Theatra
1958 3768 2086 3834 ipsa.
2099 3766 2172 3817 Ut
2191 3784 2345 3837 supra
2369 3766 2469 3837 Ep.
2485 3766 2567 3819 111
2579 3802 2598 3827 ,

1585 3844 1644 3895 18
1671 3879 1685 3904 ‚
1710 3862 1762 3909 9.
1795 3846 2006 3895 Theatra
2033 3848 2161 3895 male
2186 3848 2392 3897 mesico:
2423 3864 2598 3897 canere

1576 3925 1860 3975 docuerunt.
1890 3924 1958 3977 G.

1649 4007 1698 4064 4.
1728 4006 2023 4053 Excessus-os
2026 4040 2170 4053 .....
2185 4004 2368 4053 titulos.
2389 4000 2596 4053 Titulos

1577 4076 1706 4131 adeo
1725 4080 1937 4150 longos,
1963 4100 2096 4151 quos
2121 4080 2204 4131 vix
2221 4079 2433 4151 capiant
2443 4082 2594 4147 fasci·
