2857 4690
499 358 593 402 20

1065 324 1145 389 C.
1203 319 1554 387 PLINII
1611 318 1802 384 LIB.
1853 318 2070 385 VIII.

497 457 653 524 Fuit
687 450 936 544 alioqui
973 448 1043 514 in
1080 466 1341 514 summo
1370 439 1752 509 discrimine
1779 438 2085 533 (impune
2111 439 2358 512 dixisse
2382 442 2633 540 liceat),

497 565 627 634 fuit
661 559 844 631 nulla
881 582 1003 626 sua
1032 553 1229 647 culpa
1247 604 1268 637 ,
1295 549 1508 618 aetatis
1534 546 1777 643 aliqua.
1813 549 1980 618 Inde
2009 550 2319 639 abortus„
2348 570 2418 623 et
2446 556 2630 649 igno—

427 687 459 739 3
498 676 623 745 rati
660 672 833 742 uteri
868 670 1057 738 triste
1085 663 1644 757 experimentum.
1671 659 1993 747 Proinde,
2022 664 2144 731 etsi
2174 689 2316 732 non
2346 668 2632 762 contigit

495 787 617 856 tibi
663 779 1070 854 desiderium
1122 772 1346 842 fratris
1396 770 1618 839 amissi
1664 785 1784 838 aut
1818 788 2064 866 nepote
2099 776 2245 868 ejus
2281 793 2398 846 aut
2431 795 2630 874 nepte

494 884 733 980 solari,
777 902 1115 961 memento
1155 900 1418 966 tamen,
1456 879 1734 948 dilatum
1772 882 1985 974 magis
2021 883 2237 970 istud,
2276 910 2478 979 quam
2509 913 2624 956 ne-

494 1023 761 1102 gatum,
786 1024 996 1096 quum
1023 995 1202 1065 salva
1229 993 1349 1077 sit,
1368 1015 1450 1058 ex
1467 1012 1602 1082 qua
1619 991 1871 1084 sperari
1895 1006 2135 1083 potest.
2157 993 2372 1063 Simul
2394 1021 2631 1065 excusa

477 1116 670 1213 patri
700 1125 815 1183 tuo
834 1133 1061 1181 casum
1077 1159 1097 1193 ‚
1118 1104 1225 1175 cui
1254 1099 1554 1198 paratior
1579 1098 1757 1192 apud
1784 1098 2063 1171 feminas
2085 1105 2281 1172 venia
2303 1120 2424 1175 est.
2443 1106 2629 1177 Vale.

493 1322 683 1377 morbo
699 1315 887 1389 recipit
901 1352 917 1379 ,
936 1313 1025 1367 ille
1042 1306 1280 1382 quotidie
1298 1302 1513 1394 quidem

491 1402 683 1456 melius
702 1399 863 1451 habet
876 1433 893 1458 ‚
921 1392 1015 1446 sed
1028 1391 1143 1462 ipsa
1159 1401 1335 1440 tamen
1346 1382 1514 1475 ‘tardi-

492 1493 631 1544 tate,
660 1496 764 1550 qua
793 1473 861 1528 ad
887 1474 1054 1544 pleno
1073 1464 1388 1520 valetudims
1409 1474 1515 1553 sta-

493 1572 610 1614 tum
639 1557 807 1619 redit,
844 1551 997 1606 discit
1009 1588 1026 1614 ,
1060 1559 1322 1621 quantum
1358 1544 1516 1595 fuerit

493 1638 780 1692 discrimen
800 1675 816 1701 ,
856 1649 1021 1705 quam
1051 1629 1337 1681 vehemens
1371 1640 1515 1673 mor-

493 1720 630 1772 bus:
657 1728 716 1770 ut
742 1715 836 1786 qui
862 1712 932 1765 de
961 1705 1249 1782 precipitio
1278 1701 1515 1792 quoda-m

494 1799 581 1854 vel
598 1796 665 1851 de
682 1794 838 1850 scalis
851 1787 1105 1865 praecipiti
1122 1786 1274 1856 lapsu
1292 1780 1512 1843 decidit,

494 1880 792 1931 rernetiendo
806 1871 1082 1946 paullatim
1096 1867 1238 1919 viam
1252 1859 1515 1921 eamdem,

435 1976 453 1987 ·
493 1974 545 2014 et
567 1979 661 2032 per
681 1956 877 2030 gradus
904 1945 1242 2006 ascendendo
1257 1982 1272 2007 ,
1296 1941 1513 1995 demum

491 2039 755 2111 intelligit,
770 2053 933 2108 quam
947 2031 1051 2084 alte
1064 2023 1323 2080 deciderit
1335 2060 1350 2086 ,
1368 2017 1514 2092 quod

494 2122 749 2176 aestimare
766 2129 881 2168 tum
898 2131 993 2185 per
1014 2122 1270 2163 terrorem
1296 2119 1405 2190 non
1424 2118 1514 2170 po-

492 2212 645 2254 terat.
663 2197 971 2251 G.--Recte
989 2189 1256 2242 Gesner-us
1275 2200 1290 2245 ;
1314 2198 1407 2270 qui
1424 2177 1516 2232 ad-

493 2292 678 2334 notare
694 2289 746 2330 et
765 2275 871 2327 hoc
896 2278 1134 2343 poterat,
1155 2261 1517 2316 difficihorem

495 2375 546 2416 et
564 2357 883 2431 argutiorem
896 2345 1109 2403 dicendi
1127 2345 1355 2397 formam
1372 2356 1486 2392 esse
1498 2376 1514 2401 ,

496 2454 557 2494 ut
580 2439 966 2493 declararetur,
992 2426 1246 2480 feminam
1262 2422 1518 2490 gradatim

496 2535 546 2571 ee
571 2520 746 2571 sensim
772 2512 1115 2565 convalescere.
1146 2502 1252 2554 Alii
1282 2498 1519 2552 aussecis·

497 2611 613 2654 sent
626 2595 718 2649 illa
736 2612 749 2647 :
771 2593 940 2658 incipit
955 2587 1105 2659 refici.
1123 2581 1322 2635 Plinius
1338 2589 1518 2631 autem

496 2698 625 2734 raro
649 2676 762 2729 sine
782 2668 1026 2725 acumine
1052 2662 1286 2736 quodam
1312 2668 1518 2748 senten·

498 2760 628 2812 tiam
643 2749 911 2823 relinquit.
933 2747 998 2799 E.
1014 2775 1085 2786 —-
1097 2745 1173 2796 De
1191 2738 1482 2814 praecipitio
1499 2772 1516 2799 ‚

498 2838 567 2891 de
602 2834 759 2890 scalis
798 2849 906 2884 non
942 2822 1301 2896 cogitaverim.
1342 2818 1516 2907 Immo

497 2916 780 2972 discrimen
803 2907 938 2962 illud
964 2902 1265 2975 simpliciter
1286 2916 1409 2951 cum
1431 2914 1516 2948 via

497 3002 834 3067 comparatus
859 3007 890 3040 a
908 2981 1207 3041 valetudiue
1232 2977 1514 3068 deflecten-

497 3089 549 3130 te
562 3114 578 3141 ,
614 3086 693 3128 est
731 3069 887 3143 quasi
920 3062 1159 3120 sanitatis
1190 3060 1474 3112 divortium
1497 3095 1512 3121 ,

495 3154 645 3229 quod
656 3149 1027 3206 convalescens
1038 3138 1329 3200 remetitur,
1344 3136 1516 3227 dpnec

494 3239 547 3289 in
568 3233 846 3309 pristinum
862 3238 1058 3281 statum
1072 3220 1340 3273 restitutus
1357 3227 1443 3269 sit.
1456 3216 1512 3268 S.

566 3322 798 3382 (Impune
806 3310 990 3361 dixisse
1003 3304 1196 3355 liceat).
1213 3297 1335 3350 Haec
1354 3294 1516 3347 verba

495 3393 798 3467 simpliciter
840 3388 1013 3444 refero
1057 3379 1128 3436 ad
1166 3375 1301 3431 illud
1316 3414 1331 3440 ,
1368 3373 1514 3446 quod

1609 1302 1762 1355 initio
1778 1304 2034 1374 promittit
2047 1344 2062 1369 ,
2086 1325 2142 1358 se
2156 1306 2293 1360 velle
2311 1308 2380 1362 de
2398 1310 2631 1380 poeiculo

1608 1393 1723 1433 tum
1752 1382 1968 1437 demum
1995 1385 2272 1450 nuntiare,
2295 1407 2465 1460 quum
2497 1391 2631 1443 illud

1605 1463 1716 1533 jam
1742 1464 2047 1533 praeteriisse
2083 1464 2387 1521 indicasset.
2422 1476 2633 1538 Impune

1608 1541 1787 1612 itaque
1798 1555 1930 1614 puto
1943 1563 2056 1596 esse
2072 1582 2089 1606 ,
2108 1545 2220 1599 sine
2233 1559 2349 1611 tuo,
2363 1548 2631 1620 Hispulla,

1609 1633 1806 1675 terrore
1829 1643 1843 1674 z
1865 1627 1978 1695 jam
2003 1624 2149 1676 euim
2180 1624 2362 1680 audire
2387 1641 2538 1699 potes
2563 1628 2632 1681 de

1609 1703 1795 1755 morbo
1821 1703 2130 1773 gravissimo
2147 1741 2164 1768 ‚
2183 1725 2351 1777 quum
2379 1707 2518 1760 scias
2543 1728 2630 1761 su-

1607 1793 1868 1851 peratum.
1898 1782 2058 1848 Quod
2084 1784 2270 1837 volunt
2296 1786 2550 1840 Barthius
2577 1802 2631 1842 et

1610 1860 1867 1915 Cellarius
1888 1862 1958 1915 ad
1984 1868 2120 1915 Deos
2144 1865 2332 1917 referri
2354 1883 2368 1917 ε
2397 1885 2630 1938 quorum

1610 1938 1747 1992 iram
1764 1953 1991 2006 metuat,
2015 1943 2058 1994 si
2087 1943 2215 2014 ipsis
2245 1945 2424 2016 potius
2451 1945 2630 2018 impu-

1608 2032 1683 2072 tet
1720 2022 1892 2074 uxoris
1927 2023 2220 2094 periculum
2239 2061 2256 2087 ,
2294 2043 2456 2096 quam
2492 2026 2631 2078 illius

1608 2098 2000 2171 imprudentiae:
2015 2102 2193 2155 nescio
2207 2140 2223 2166 ,
2236 2122 2398 2174 quam
2413 2103 2629 2158 firmum

1611 2177 1694 2232 sit.
1728 2179 2032 2252 Aliquando
2057 2182 2213 2234 etiam
2239 2184 2494 2253 putabam
2518 2204 2630 2238 esse

1612 2262 1910 2334 εὐφημισμὸν
1924 2300 1941 2328 ,
1958 2281 2066 2334 quo
2081 2300 2096 2325 ,
2112 2275 2231 2333 post
2252 2265 2555 2317 nuntiatum
2570 2266 2631 2317 fl-

1611 2357 1732 2391 nem
1772 2339 1994 2411 periculi
2010 2379 2025 2405 ,
2060 2361 2261 2395 novum
2296 2341 2628 2415 deprecetur.

1611 2417 1712 2471 Sed
1731 2420 1962 2490 primum
1984 2422 2211 2475 maxime
2233 2422 2424 2494 placet.
2450 2424 2521 2478 G.

1684 2499 1835 2551 &Cui
1838 2503 2077 2567 paratior·
2086 2506 2225 2570 apud
2218 2506 2442 2572 s'emehas
2458 2509 2627 2559 mnia.

1611 2577 1837 2630 Facilius
1867 2578 1960 2631 tali
1979 2580 2144 2632 errori
2169 2600 2202 2633 a
2228 2582 2455 2653 puellari
2483 2586 2631 2655 iguo-

1610 2657 1816 2710 ratione
1836 2658 2074 2729 profecto
2096 2659 2377 2730 ignoscunt
2396 2664 2629 2728 feminae,

1611 2736 1857 2789 similium
1888 2736 1988 2789 sibi
2020 2738 2241 2791 consciae
2259 2776 2275 2803 ,
2304 2758 2472 2811 quam
2500 2743 2628 2806 viri,

1611 2835 1769 2888 quam
1789 2835 1916 2869 avus
1929 2818 2209 2888 praesertim
2224 2856 2240 2880 ,
2257 2823 2410 2892 cujus
2424 2840 2630 2894 nupera

1611 2908 1663 2948 et
1701 2895 1941 2948 nondum
1985 2895 2223 2968 deposita
2265 2899 2627 2965 consuetudo,

1609 2974 1838 3029 minores
1863 2975 2018 3027 etiam
2044 2976 2216 3045 neptis
2247 2994 2452 3033 errores
2477 2980 2630 3034 casti-

1610 3054 1800 3126 gandi,
1816 3057 1969 3126 cujus
1984 3055 2270 3108 vehemens
2281 3072 2626 3132 pronepotem

1608 3133 1824 3187 videndi
1843 3133 2098 3205 cupiditas
2117 3172 2133 3199 ,
2158 3137 2557 3191 commotior-em
2569 3140 2626 3193 il-

1608 3214 1721 3268 lum
1745 3213 1846 3268 hac
1874 3215 1928 3266 in
1953 3233 2012 3267 re
2042 3227 2213 3286 potest
2242 3216 2486 3271 reddere.
2519 3222 2625 3272 Ita-

1609 3312 1711 3365 que
1725 3293 2132 3366 deprecatricem
2147 3296 2289 3368 apud
2306 3316 2465 3353 avum
2478 3310 2627 3371 parat

1610 3375 1763 3428 uxori
1782 3392 1888 3427 suae
1907 3372 2144 3428 amitam.
2165 3375 2235 3429 G.
