2857 4690
19 1408 31 1445 Ι·
19 1078 36 1359 *--*.-
23 902 37 1033 ..η-

853 373 1394 442 EPISTOLA
1448 375 1729 443 CXVI.
2224 401 2355 446 ιιι

209 497 523 568 civitatis.
573 501 757 592 Ego,
811 496 972 590 quia
1029 494 1168 583 lex,
1224 497 1398 568 sicut
1453 496 1746 568 adscribi
1808 499 2019 568 civem
2074 497 2367 572 alienum
2406 518 2438 570 3

217 613 484 682 vetabat
505 666 526 700 ‚
561 615 658 683 ita
688 611 838 706 ejici
883 635 922 680 a
951 625 1190 682 senatu
1213 611 1302 680 ob
1341 611 1518 682 hanc
1548 636 1851 682 caussam
1876 638 2015 683 non
2046 613 2369 708 jubebat:

217 738 544 818 praeterea
584 724 748 817 quia
784 723 870 791 ab
913 721 1252 817 aliquibus
1295 721 1781 794 adfirmabatur
1833 723 2037 813 mihi,
2076 725 2150 793 in
2186 727 2371 794 omni

217 835 488 904 civitate
523 831 850 930 plurimos
886 856 1028 902 csse
1067 830 1378 901 buleutas
1413 857 1518 928 ex.
1544 829 1691 901 aliis
1736 831 2154 922 civitatibus,
2188 833 2373 903 futu-

217 967 544 1038 rumque,
599 958 680 1012 ut
720 941 919 1012 multi
947 943 1254 1012 homines
1291 939 1653 1041 multaeque
1706 943 2007 1011 civitates
2050 957 2391 1013 concute-.

217 1070 457 1125 rentur
489 1078 570 1124 ea
607 1067 802 1150 parte
841 1051 1047 1148 legis,
1083 1077 1233 1147 quae
1267 1049 1673 1149 jampridem
1716 1076 2047 1121 consensu
2082 1051 2375 1148 quodam

217 1166 647 1252 exolevisset3
697 1165 1148 1234 necessarium
1203 1163 1577 1233 existimavi
1631 1161 2013 1232 consulere·
2048 1176 2115 1232 te
2136 1216 2156 1251 ‚
2213 1160 2377 1261 quid

217 1275 625 1346 servandum
665 1289 954 1370 putares.
987 1275 1232 1368 Capita
1259 1273 1424 1369 legis
1458 1273 1566 1343 his
1602 1271 1811 1344 literis
1852 1273 2127 1368 subjeci.

559 1501 750 1520 m
757 1501 1022 1520 mm
1025 1499 1486 1519 mmmm
1489 1500 1671 1518 'vum

1951 1499 2381 1520 mmmm

1115 1690 1496 1780 CXVI.

859 1941 1316 1990 ‘nunnus
1365 1941 1679 1988 »mmo
1732 1942 1783 1986 s.

319 2133 614 2198 Mean-o
653 2125 898 2196 haesisti
919 2178 954 2214 ,‚
979 2123 1284 2194 Secunde
1327 2123 1700 2212 carissime,
1734 2120 1895 2217 quid
1928 2147 1969 2190 a
2006 2137 2073 2192 te
2104 2124 2381 2192 rescribi

220 2253 566 2335 oporteret
611 2236 1004 2306 censoribus
1045 2233 1551 2305 consulentibus
1572 2287 1591 2322 ‚
1621 2259 1710 2303 an
1741 2231 2043 2328 legerent
2079 2234 2149 2303 in
2184 2260 2383 2304 sena-

222 2368 369 2421 tum
408 2350 698 2419 aliarum
730 2348 1140 2433 civitatium,
1176 2345 1475 2441 ejusdem
1506 2361 1735 2416 tamen
1758 2348 2119 2443 provinciae
2138 2401 2157 2432 ‚
2187 2350 2382 2418 cives.

221 2460 396 2529 Nam
434 2470 505 2526 et
550 2455 716 2551 legis
777 2457 1179 2543 auctoritas,
1236 2472 1303 2525 et
1345 2454 1550 2550 longa
1602 2456 2019 2527 consuetudo
2064 2474 2385 2553 usurpata

219 2583 460 2639 contra
507 2567 720 2661 legem
745 2622 764 2651 ‚
827 2568 898 2635 in
954 2566 1290 2636 diversum
1325 2592 1595 2636 movere
1634 2584 1703 2638 te
1755 2570 1999 2663 potuit.
2038 2570 2213 2638 Mihi
2256 2569 2388 2640 hoc

224 2693 834 2774 temperamentum
869 2678 1012 2773 ejus
1047 2676 1335 2773 placuit,
1372 2692 1451 2749 ut
1490 2703 1571 2748 ex
1608 2680 1953 2773 praeterito
1984 2678 2153 2749 nihil
2190 2706 2387 2751 nova-

223 2816 452 2861 remus
473 2844 496 2877 ‚
561 2788 678 2859 sed
733 2802 1115 2874 manerent,
1178 2790 1489 2883 quamvis
1531 2805 1771 2860 contra
1828 2788 2081 2885 legem,
2144 2791 2385 2861 adsciti

223 2922 788 2995 quarumcunque
827 2899 1201 2968 civitatium
1247 2900 1465 2987 civeS‚
1528 2901 1599 2969 in
1646 2900 1954 2969 futurum
2006 2916 2231 2973 autem
2286 2902 2389 2970 lex

223 3010 544 3105 pompeia
580 3008 1052 3079 observaretur
1092 3034 1111 3079 z
1159 3010 1353 3104 cujus
1411 3012 1547 3079 vim
1591 3008 1647 3078 si
1688 3024 1865 3079 retro
1903 3036 2180 3105 quoque
2224 3010 2386 3081 veli-

225 3146 380 3191 mus
415 3120 795 3208 custodire,
821 3120 1034 3191 muita
1069 3144 1337 3190 necesse
1369 3136 1474 3191 est
1504 3121 1906 3217 perturbari.

297 3338 442 3393 CXV
447 3338 498 3391 1.
519 3356 542 3391 ι
554 3378 569 3390 .
593 3336 794 3393 Plinius
812 3336 878 3391 de
896 3337 1260 3412 ejiciendis-e-
1357 3336 1567 3391 detur.-
1592 3338 1698 3391 Ευ.
1720 3368 1791 3379 --
1810 3344 2259 3406 Tesnperamenuun
2270 3340 2389 3405 ejus.

225 3417 508 3471 :tatoribus
541 3416 883 3471 considam-at
904 3435 920 3481 3
945 3415 1042 3471 »ed
1069 3416 1260 3488 Traia·
1357 3418 1501 3471 Num
1514 3416 1703 3471 melius
1716 3420 2187 3487 utriusqeoeae’nempe
2198 3428 2251 3469 et
2262 3415 2391 3487 legis

229 3516 332 3551 nus
347 3537 364 3561 ,
393 3496 528 3549 utin
555 3496 794 3551 futurum
809 3515 1036 3569 quoque
1057 3495 1136 3552 rei
1157 3514 1261 3569 pu·
1357 3508 1410 3551 et
1427 3492 1845 3551 consuetudinis.
1866 3496 1972 3548 En.
1986 3526 2053 3537 --
2068 3498 2386 3555 Novaro-mus,

227 3578 378 3631 blica
399 3576 731 3649 prospiceret
747 3614 766 3641 ‚
791 3575 1081 3648 prudenter
1103 3575 1264 3629 etiam
1354 3588 1683 3632 mutaremus
1690 3584 1781 3638 ,ut
1790 3592 1973 3647 snpra.
1986 3574 2393 3627 cumr-ovem

229 3662 302 3717 de
317 3662 558 3737 legendis
575 3664 828 3737 precipit.
847 3664 1088 3719 Eo.-1n
1107 3666 1264 3715 dives*-
1361 3677 1484 3717 mus,
1506 3674 1619 3711 non
1632 3653 1884 3707 inusitato
1898 3652 2068 3727 lapsu.
2092 3654 2195 3707 En.
2213 3658 2391 3705 -Ad-

229 3764 336 3795 sm
353 3763 576 3804 movere,
594 3744 1183 3806 unoverbodimakere,
1205 3755 1268 3797 ut
1359 3740 1493 3801 sciti.
1518 3736 1651 3789 Tac.
1676 3734 1819 3787 Hist.
1848 3734 1903 3787 11
1927 3771 1944 3797 ,
1974 3734 2065 3798 53,
2092 3737 2145 3785 in
2166 3748 2390 3787 senatum

234 3822 348 3879 Cic.
365 3822 540 3881 Acad,
553 3824 659 3887 lv,
675 3831 742 3888 44
759 3841 772 3875 :
787 3848 810 3871 ι
827 3822 1132 3879 Dian-ahor:
1149 3834 1264 3877 tum
1361 3834 1517 3883 nuper
1524 3818 1761 3867 adscitus.
1782 3814 1890 3867 En.
1910 3843 1983 3853 —
2001 3816 2277 3875 custodire,
2300 3814 2393 3867 ob-

233 3902 336 3957 hoc
353 3902 488 3957 mihi
512 3902 842 3975 probabilius
859 3944 876 3971 ,
907 3916 1020 3957 tum
1039 3902 1176 3957 illud
1193 3904 1266 3957 vi·
1361 3894 1710 3959 servareffffl.
1731 3894 1801 3947 ad
1817 3891 2000 3947 Nostri
2012 3910 2099 3967 ep.
2120 3894 2171 3959 1,
2193 3894 2387 3949 20.E1>.

1033 4088 1575 4121 ------0-—-—--

1966 4272 2083 4354 14.
