2857 4690
424 357 608 430 '38

446 719 479 772 7

444 1375 477 1425 8

1082 362 1158 428 C.
1213 359 1559 461 PLINII
1609 359 1800 428 LIB.
1845 361 2061 428 VIII.

514 497 651 569 tas,
699 482 814 576 qui
866 506 1146 550 numero
1198 483 1444 550 civium
1491 481 1767 566 excidit,
1799 505 1998 575 quem
2043 480 2296 549 socium
2335 484 2536 552 etiam
2579 487 2654 554 in

514 591 737 660 liberis
770 591 1042 679 habuit3
1075 590 1353 660 felicitas
1380 593 1657 678 horum,
1696 590 1938 684 quibus
1967 593 2278 660 successit
2315 593 2385 660 in
2423 592 2652 663 locum

512 704 761 796 patris,
804 703 921 797 qui
957 717 1213 797 patrem
1252 701 1636 771 abstulerat.
1677 701 1808 770 Sed
1837 701 1978 770 haec
2014 726 2282 796 quoque
2314 703 2656 775 hereditas

510 810 695 899 Afri,
733 830 809 882 ut
850 812 1103 907 reliqua
1136 838 1287 882 cum
1325 812 1530 882 fratre
1567 813 1877 906 quaesita,
1909 813 2419 884 transmittenda
2453 833 2655 885 erant

512 923 663 992 filiae
704 925 967 1010 fratris,
1002 950 1039 992 a
1086 949 1220 1019 quo
1257 924 1495 994 Tullus
1531 949 1612 992 ex
1651 947 1794 992 asse
1831 923 2022 994 heres
2067 925 2446 1014 institutuS,
2481 949 2654 1019 prae·

510 1033 815 1128 latusque
868 1033 1019 1102 ffliae
1067 1033 1325 1120 fuerat,
1376 1049 1454 1103 ut
1501 1033 1988 1104 conciliaretur.
2033 1037 2191 1123 Quo
2247 1035 2654 1105 laudabilius

510 1159 983 1214 testamentum
1022 1159 1158 1233 est,
1195 1145 1379 1240 quod
1410 1148 1654 1240 pietas,
1693 1145 1893 1232 fides,
1928 1146 2181 1240 pudor,
2219 1149 2484 1243 scripsit
2517 1175 2536 1216 ε
2579 1149 2654 1215 in

510 1281 647 1348 quo
682 1256 967 1350 denique
1002 1258 1313 1326 omnibus
1342 1256 1836 1343 adfinitatibus,
1865 1281 1989 1350 pro
2023 1257 2346 1351 cujusque
2382 1257 2653 1342 offici0‚

512 1367 725 1459 gratia
774 1366 981 1435 relata
1032 1382 1165 1450 est3
1206 1366 1412 1435 relata
1456 1381 1525 1434 et
1579 1368 1792 1436 uxori.
1837 1367 2113 1461 Accepit
2165 1369 2654 1436 amoenissimas

511 1463 735 1563 villas,
766 1481 1019 1572 accepit
1043 1503 1354 1572 magnam
1398 1481 1750 1571 pecuniam
1789 1503 1957 1546 uxor
1995 1479 2251 1572 optima
2282 1493 2350 1546 et
2387 1479 2654 1571 patien-

512 1588 765 1656 tissima
811 1613 828 1657 ε
874 1613 952 1657 ac
996 1603 1185 1656 tanto
1230 1589 1466 1658 melius
1508 1589 1590 1658 de
1635 1591 1780 1657 viro
1827 1589 2102 1675 merita,
2137 1603 2392 1682 quanto
2434 1590 2656 1681 magis

511 1711 608 1765 est
642 1699 1043 1790 reprehensa
1062 1752 1080 1784 ‚
1116 1700 1296 1792 quod
1326 1701 1574 1795 nupsit.
1601 1703 1774 1769 Nam
1803 1699 2045 1769 mulier
2074 1699 2408 1769 natalibus
2435 1699 2654 1785 clara,

512 1808 809 1876 moribus
854 1808 1102 1902 proba,
1148 1824 1339 1879 aetate
1390 1809 1699 1897 declivis,
1741 1811 1858 1880 diu
1908 1811 2141 1897 vidua,
2187 1825 2403 1879 mater
2447 1808 2654 1898 olim,

508 1943 749 2012 parum
780 1917 1017 1987 decore
1046 1937 1326 2016 sequuta
1359 1923 1864 1991 matrimonium
1894 1921 2245 2014 videbatur
2281 1921 2504 1990 divitis
2543 1947 2654 1991 se-

510 2030 648 2114 nis,
692 2031 783 2097 ita
816 2030 1058 2123 perditi
1095 2032 1366 2114 morbo,
1404 2042 1482 2100 ut
1509 2057 1648 2100 esse
1691 2031 1886 2101 taedio
1923 2047 2144 2126 posset
2179 2032 2406 2115 uxori,
2441 2055 2654 2124 quam

440 2155 474 2206 9
502 2140 766 2232 juvenis
802 2163 1131 2233 sanusque
1169 2141 1480 2210 duxisset.
1522 2143 1794 2235 Quippe
1831 2140 2143 2210 omnibus
2175 2140 2494 2210 membris
2527 2166 2650 2234 ex·-

408 2803 475 2856 ἰο

390 2311 402 2323 ,
510 2263 726 2316 tortus
754 2262 821 2315 et
850 2249 1098 2316 fractus
1133 2264 1349 2318 tantas
1388 2276 1546 2344 opes
1584 2251 1739 2319 solis
1768 2252 1976 2321 oculis
2009 2253 2240 2321 obibat
2272 2279 2288 2320 ε
2328 2277 2405 2320 ac
2443 2277 2529 2321 ne
2575 2255 2650 2320 in

508 2358 755 2429 lectulo
782 2358 1087 2452 quidem,
1120 2362 1247 2430 nisi
1286 2362 1369 2429 ab
1404 2361 1581 2447 aliis,
1613 2363 2026 2432 movebatur.
2062 2364 2248 2452 Quin
2277 2364 2476 2433 etiam
2506 2364 2655 2459 (foe-

508 2468 667 2537 dum
700 2468 1284 2563 miserandumque
1314 2470 1528 2565 dictu)
1561 2471 1792 2541 dentes
1825 2472 2140 2541 lavandos
2175 2472 2650 2568 fricandosque

508 2578 863 2673 praebebat.
900 2578 1221 2650 Auditum
1259 2596 1359 2651 est
1394 2582 1775 2676 frequenter
1811 2583 1894 2651 ab
1935 2584 2117 2676 ipso,
2148 2606 2358 2675 quum
2396 2608 2648 2676 quere-

508 2698 695 2757 retur
725 2688 808 2757 de
848 2690 1271 2761 contumeliis
1312 2691 1674 2761 debilitatis
1715 2717 1886 2777 suae,
1913 2718 1987 2761 se
2013 2692 2271 2783 digitos
2293 2716 2645 2763 servorum

505 2822 785 2867 suorum
824 2802 1129 2891 quotidie
1164 2803 1440 2895 lz‘ngere.
1469 2803 1752 2871 Vivebat
1787 2818 2045 2887 tamen,
2085 2815 2154 2869 et
2195 2802 2416 2869 vivere
2455 2801 2644 2871 vole-

506 2908 649 2993 bat,
678 2924 1089 2980 sustentante
1119 2914 1403 2981 maxime
1431 2938 1676 3000 uxore3
1709 2904 1858 3007 quae
1885 2910 2152 3005 culpam
2182 2912 2474 2980 inchoati
2501 2936 2644 2980 ma-

504 3122 557 3161 et
595 3108 848 3163 ditescere
882 3113 1099 3181 cupiens
1118 3150 1133 3176 ‚
1174 3114 1273 3165 sub
1306 3115 1522 3167 Tiberio

504 3188 684 3259 plures
716 3192 999 3243 accusavit.
1022 3192 1170 3243 Obiit
1197 3194 1294 3245 sub
1312 3194 1522 3247 Nerone

505 3286 632 3320 ann.
654 3268 781 3321 Chr.
806 3272 892 3321 60.
921 3270 1024 3321 En.

574 3352 625 3401 6.
672 3352 863 3400 Socium
900 3353 951 3399 in
990 3352 1166 3402 liberis.
1208 3351 1371 3423 CuJ'us
1410 3352 1521 3422 ipse

386 3500 389 3504 ἵ
504 3427 642 3479 filios
656 3428 954 3500 adoptasset
970 3470 985 3494 ‚
1008 3440 1065 3481 ut
1078 3432 1111 3498 s
1133 3450 1160 3481 ι
1175 3434 1387 3501 ‚filiorm
1407 3452 1522 3499 quoe

506 3510 581 3557 illi
603 3512 885 3576 cumfratre
904 3512 1185 3561 communi&
1212 3510 1281 3561 G.

576 3605 628 3656 7.
672 3592 736 3638 Ue
768 3592 1127 3641 conciliaretur.
1154 3590 1227 3641 Ut
1263 3590 1380 3642 fllia
1414 3608 1521 3643 suae

502 3667 788 3737 propitium
815 3666 1057 3722 redderet
1086 3669 1299 3722 fratrem
1327 3688 1480 3722 suum
1501 3712 1517 3737 ,

505 3763 537 3797 a
564 3765 672 3817 quo
702 3744 780 3797 illi
801 3746 997 3799 insidiae
1018 3748 1310 3803 metuendas
1334 3762 1486 3802 erant
1501 3788 1517 3813 ,

504 3826 549 3877 si
574 3826 684 3894 ipsa
706 3824 857 3879 heres
874 3839 1038 3891 essen
1067 3828 1219 3882 illum
1241 3830 1413 3901 ipsum
1431 3830 1521 3883 he·

502 3905 684 3959 redem
702 3907 961 3975 praeterita
984 3906 1093 3960 filia
1108 3909 1328 3961 instituit
1342 3950 1356 3973 ,
1377 3914 1518 3961 futu-

504 4004 625 4037 rum
663 3985 939 4037 arbitratus
958 4024 975 4049 ,
1016 3987 1163 4058 quod
1198 3987 1389 4041 accidit
1404 4029 1418 4051 ‚
1459 4000 1519 4041 ut

504 4083 603 4117 nec
622 4064 773 4117 vivus
792 4064 1131 4119 insidiaretur
1148 4086 1251 4119 ωε
1274 4088 1333 4121 ex
1354 4068 1518 4121 fratre

505 4146 683 4216 nepti,
707 4144 857 4216 cujus
871 4147 985 4218 jam
1005 4146 1143 4201 bona
1166 4148 1376 4203 nemine
1392 4164 1518 4203 con·

1621 3124 1702 3166 tra
1749 3112 1955 3166 dicente
1996 3112 2246 3179 haberet;
2299 3124 2350 3165 et
2395 3128 2606 3169 curaret
2624 3158 2643 3183 ,

1619 3212 1786 3265 quum
1817 3194 2009 3246 liberos
2045 3212 2106 3245 ex
2135 3204 2191 3245 se
2215 3204 2369 3247 natos
2401 3213 2510 3245 non
2545 3196 2643 3247 ha-

1616 3274 1763 3326 beret
1783 3312 1796 3336 ,
1835 3284 1895 3326 ut
1933 3288 2073 3326 certe
2099 3285 2215 3343 post
2239 3284 2460 3325 mortem
2487 3292 2640 3327 suam

1617 3354 1812 3407 rediret
1840 3352 1907 3404 nd
1934 3352 2079 3404 illum
2111 3352 2392 3405 hereditas,
2423 3351 2494 3405 G.

1695 3452 1776 3486 10.
1801 3438 1868 3483 Et
1881 3435 2042 3483 vivere
2059 3436 2275 3484 volebat.
2297 3434 2417 3485 Non
2441 3443 2640 3502 praetu-

1617 3512 1675 3565 lit
1708 3516 2128 3585 ἀποκαρτίρησιν,
2171 3510 2319 3583 quod
2355 3510 2638 3564 honestum

1615 3611 1808 3645 nomen
1831 3592 2056 3664 quaesitae
2082 3608 2176 3663 per
2197 3590 2431 3644 inediam
2454 3592 2640 3645 mortis

1616 3672 1686 3725 ab
1715 3672 1776 3723 iis
1791 3713 1805 3737 ‚
1845 3672 1940 3742 qui
1975 3669 2182 3723 dolores
2212 3670 2522 3724 morborum
2552 3672 2640 3725 vel

1615 3752 1904 3805 curationis
1917 3750 2146 3821 perferre
2159 3749 2380 3803 nollent.
2391 3750 2510 3811 His,
2519 3768 2638 3822 qun

1616 3829 1684 3883 ad
1705 3830 1927 3895 Quintil.
1950 3830 2086 3881 VIII
2105 3867 2121 3894 ‚
2141 3830 2182 3882 ’5
2200 3867 2216 3893 ,
2249 3830 2314 3882 23
2331 3867 2346 3893 ,
2377 3828 2601 3881 dicimus
2619 3870 2634 3893 ,

1615 3908 1742 3963 add.
1761 3910 1983 3964 Ten-tull.
2012 3908 2168 3981 Apol.
2191 3927 2309 3980 cap.
2334 3912 2423 3972 46.
2437 3910 2638 3963 Notum

1613 3990 1668 4043 in
1699 3990 1879 4061 primis
1913 3988 2208 4061 exemplum
2246 3988 2406 4040 Attici
2435 3988 2636 4041 Corne·

1611 4070 1741 4124 liani
1759 4088 1773 4122 ε
1795 4084 1849 4123 et
1863 4068 2076 4124 Corellii
2088 4066 2208 4121 Rufi
2226 4066 2373 4139 apud
2392 4064 2634 4120 nostrum

1611 4152 1666 4217 1,
1699 4170 1748 4205 2.
1787 4150 1927 4207 Cum
1953 4150 2239 4204 Moeeenate
2253 4144 2472 4203 Tullum
2497 4148 2634 4202 bene
