2857 4690
556 373 697 450 ηαδ
1270 363 1824 435 EXCURSUS
1879 365 1934 430 1.

554 500 678 568 bus
713 508 781 564 et
818 509 1059 562 metum
1099 487 1471 582 injiciebat,
1509 487 1615 555 cui
1657 487 1902 556 Noster
1944 485 2078 552 vim
2121 483 2189 550 in
2235 483 2676 553 emendandis

550 605 811 700 scriptis
846 601 1202 670 maximam
1242 597 1579 667 tribuebat
1599 648 1618 681 ,
1649 598 1736 682 V,
1773 599 1901 689 Ep.
1939 591 2055 682 13,
2103 617 2158 662 1.
2186 623 2218 657 «
2240 594 2675 663 Recitaturus

552 712 1071 799 oratiunculam,
1108 733 1307 803 quam
1344 704 1684 800 publicare
1719 705 1978 798 cogito,
2014 703 2332 773 advocavi
2373 702 2676 798 aliquos,

551 841 629 896 ut
683 846 979 908 vererer3
1022 842 1303 914 paucOS,
1344 830 1421 883 ut
1459 837 1690 882 verum
1725 813 2046 881 audirem.
2095 815 2274 883 Nam
2309 812 2475 882 mihi
2539 812 2672 881 du-

551 935 705 1030 plex
738 933 911 1000 ratio
950 926 1308 1011 recitandi3
1359 947 1530 1010 una,
1574 937 1650 991 ut
1687 920 2132 992 sollicitudine
2175 920 2522 1006 intendar;
2569 920 2670 989 al-

552 1060 732 1128 tera,
777 1057 855 1109 ut
887 1040 1265 1122 admonear,
1306 1035 1361 1102 si
1402 1033 1567 1128 quid
1601 1033 1772 1102 forte
1805 1055 1943 1120 me,
1989 1046 2064 1098 ut
2103 1055 2366 1118 meum,
2415 1030 2672 1100 fallat.»

550 1153 891 1236 Similiter,
920 1152 1085 1234 VH,
1120 1152 1242 1240 Ep.
1282 1170 1391 1240 17,
1433 1141 1552 1214 13:
1591 1144 1874 1212 «Timor
1907 1157 2006 1211 est
2034 1135 2425 1211 emendator
2447 1165 2670 1236 asper-

551 1267 782 1335 rimus.
798 1264 945 1330 Hoc
971 1260 1213 1354 ipsum,
1239 1253 1421 1349 quod
1447 1279 1568 1322 nos
1593 1254 1987 1323 recitaturos
2013 1251 2382 1344 cogitamus
2401 1303 2420 1337 ,
2447 1275 2666 1320 emen-

552 1376 711 1445 dat:
750 1370 930 1468 quod
968 1367 1373 1438 auditorium
1416 1363 1852 1458 ingredimur,
1889 1360 2247 1430 emendat:
2297 1360 2480 1455 quod
2525 1361 2664 1456 pal—

466 1525 469 1528 *
554 1487 765 1556 lemus
784 1535 803 1570 ,
825 1479 1293 1559 horrescimuS,
1326 1472 1921 1566 circumspicimus,
1957 1469 2338 1539 emendat.»
2365 1473 2564 1556 Tum,
2588 1472 2666 1552 V,

554 1601 678 1690 Ep.
718 1593 791 1675 3,
812 1591 854 1660 8
878 1615 893 1658 :
913 1593 1193 1681 «Itaque
1224 1587 1343 1654 has
1378 1581 1701 1652 recitandi
1737 1605 2000 1651 caussas
2033 1603 2278 1673 sequor
2307 1605 2324 1648 :
2373 1581 2662 1673 primum

552 1703 738 1801 ‘quod
778 1704 951 1797 ipse,
982 1698 1103 1793 qui
1140 1697 1412 1781 recitat,
1447 1691 1806 1786 aliquando
1837 1689 2055 1758 acrius
2094 1688 2358 1782 scriptis
2393 1689 2532 1757 suis
2563 1689 2666 1756 in-

556 1815 773 1886 tendit
808 1838 823 1879 :
864 1808 1140 1894 deinde,
1184 1803 1364 1900 quod
1406 1803 1490 1871 de
1533 1801 1776 1896 quihus
1816 1797 2117 1885 dubitat,
2155 1797 2342 1890 quasi
2389 1821 2474 1864 ex
2511 1819 2663 1865 con-

556 1926 684 1999 silii
718 1919 1047 1992 sententia
1088 1915 1339 1986 stat-uit.
1363 1943 1397 1978 >³
1428 1917 1570 1982 Has
1610 1911 1816 2006 igitur
1858 1905 2182 1977 recitandi
2223 1907 2511 1975 rationes
2557 1921 2666 1974 aut

556 2061 709 2105 vere
748 2031 1019 2113 habuit,
1048 2040 1204 2112 aut,
1240 2021 1422 2118 quod
1457 2046 1538 2090 ex
1579 2019 1886 2114 pluribus
1936 2017 2097 2086 locis
2142 2014 2445 2111 colligaS,
2480 2017 2664 2085 vani-

557 2147 679 2215 tati
700 2167 833 2213 suae
858 2136 1225 2235 praetendit.
1254 2137 1432 2202 Nam
1447 2183 1466 2215 ,
1485 2131 1542 2199 si
1573 2151 1710 2198 rem
1745 2153 1898 2196 vere
1923 2127 2202 2196 aestimes
2217 2179 2236 2212 ,
2263 2126 2421 2194 satis
2445 2149 2665 2219 graves

560 2251 904 2326 reverendi
930 2271 1192 2318 caussas
1218 2243 1456 2326 habet,
1481 2241 1598 2334 qui
1634 2239 1811 2306 inter
1838 2235 2260 2306 scribendum
2290 2237 2544 2328 cogitat
2563 2289 2582 2320 ,
2603 2258 2664 2302 se

559 2367 804 2435 librum
832 2386 968 2431 esse
992 2354 1484 2453 publicaturum
1504 2376 1524 2437 3
1547 2349 1794 2444 judicia
1829 2362 2050 2416 autem
2085 2344 2306 2414 subita
2347 2345 2431 2414 de
2471 2343 2626 2415 locis
2649 2397 2666 2427 ,

561 2500 707 2570 quae
732 2470 930 2541 celeri
963 2467 1153 2561 lapsu
1181 2488 1409 2533 aurem
1445 2456 1908 2555 praetervolant
1943 2469 2012 2524 et
2041 2453 2351 2523 omnibus
2376 2478 2661 2548 pronun-

562 2581 857 2653 tiationis
910 2574 1316 2646 ornamentis
1358 2570 1786 2663 adjuvantur,
1814 2590 2050 2660 parum
2080 2563 2303 2633 valent
2327 2563 2410 2632 ad
2459 2589 2664 2633 emen-

563 2690 893 2771 dandum,
918 2683 1281 2779 praesertim
1320 2704 1525 2774 quum
1567 2676 1728 2745 olim
1780 2676 1864 2744 ab
1913 2676 1992 2743 iis
2026 2673 2525 2768 proferrentur,
2561 2674 2662 2769 qui

564 2827 701 2873 non
730 2800 854 2867 nisi
886 2791 1198 2865 laudandi
1258 2814 1517 2871 caussa,
1559 2812 1642 2857 ex
1672 2811 1856 2856 more
1884 2800 2295 2879 temporum,
2338 2786 2665 2853 convenis·

566 2926 733 2984 sent.
790 2902 1169 2999 Simplicius
1211 2925 1368 2995 ergo
1414 2897 1528 2967 alii
1579 2910 1790 2965 totam
1839 2920 1978 2964 rem
2031 2893 2116 2962 ad
2167 2895 2662 2964 ostentationem

566 3019 975 3104 referebant3
1011 3012 1189 3083 unde
1218 3026 1285 3081 et
1320 3006 1820 3079 recitationibus
1847 3028 2092 3073 nomen
2119 3008 2662 3090 ostentatc‘onum,

567 3132 941 3217 ἐπιδείξεων,
982 3128 1203 3209 haesit,
1264 3124 1523 3218 ipsique
1577 3121 1931 3213 scriptores
1975 3139 2049 3184 se
2093 3131 2436 3185 ostentam
2487 3127 2553 3181 et
2601 3137 2664 3181 se

550 3249 867 3346 profert-e
906 3238 1317 3309 dicebantur.
1357 3230 1684 3301 Eumdem
1715 3250 1984 3297 sensum
2015 3226 2269 3293 Auctor
2307 3223 2450 3315 ipsc
2473 3244 2663 3315 quum

571 3359 727 3429 alibi
774 3349 1098 3451 prodidit,
1132 3360 1272 3413 tum
1314 3346 1417 3428 ΙΙ,
1457 3344 1580 3433 Ep.
1629 3362 1748 3421 10,
1788 3338 1826 3429 S
1869 3361 1960 3432 9:
2003 3334 2120 3403 ubi
2159 3333 2514 3402 octavium
2561 3355 2664 3424 ap-

572 3470 807 3563 plausu
832 3467 1348 3534 commemorato
1389 3449 1474 3519 ad
1516 3444 1926 3518 recitandum
1957 3440 2273 3537 impellit,
2314 3440 2660 3534 additque:

573 3584 731 3649 Hoc
758 3577 1003 3667 fructu
1040 3582 1227 3639 tanto
1273 3564 1501 3633 desine
1546 3557 1778 3629 studia
1821 3551 2314 3644 mast-andare.
2361 3549 2494 3620 Sed
2534 3547 2667 3643 ple·-

438 3712 459 3731 ·
576 3707 857 3776 rumque
898 3670 1039 3748 laus
1080 3676 1174 3744 sic
1210 3669 1484 3741 collecta
1515 3690 1640 3735 nec
1679 3664 1809 3733 late
1857 3662 2193 3757 serpebat,
2238 3682 2364 3727 nec
2402 3657 2520 3728 diu
2552 3657 2664 3727 du-

580 3794 785 3862 rabat.
814 3787 996 3858 Dial.
1044 3786 1123 3854 de
1164 3776 1321 3851 Cor.
1361 3776 1553 3871 Eloq.
1597 3799 1682 3871 9:
1717 3776 1858 3843 «Ut
1890 3772 2305 3840 beatissimus
2341 3770 2666 3837 recitatio-

580 3928 730 3971 nem
768 3910 1037 3969 eventus
1064 3902 1530 3989 prosequatur,
1562 3884 1776 3954 omnis
1807 3881 1916 3951 illa
1947 3881 2088 3951 laus
2117 3882 2294 3947 intra
2323 3902 2534 3947 unum
2563 3870 2678 3947 aut

580 4011 857 4081 alterum
919 4005 1089 4074 diem
1112 4056 1131 4090 ,
1192 3999 1375 4070 velut
1422 3990 1493 4064 in
1546 3993 1754 4063 herba
1797 3990 1901 4061 vel
1963 3992 2125 4059 flore
2174 4002 2538 4084 praecepta,
2589 3986 2662 4055 ad

582 4118 831 4187 nullam
891 4126 1137 4185 certam
1179 4124 1245 4179 et
1300 4106 1575 4201 solidam
1617 4103 1918 4199 pervenit
1961 4100 2221 4194 frugem
2245 4092 2325 4165 »Ε
2380 4095 2475 4165 nil
2522 4095 2659 4165 inde
