2857 4690
494 375 637 464 254

1068 383 1145 450 C.
1196 381 1536 451 PLINII
1586 381 1928 450 SECUN
1947 379 2061 448 DI

488 527 721 572 omnes
762 503 1005 573 facturi
1042 518 1259 574 erant.
1301 507 1447 576 Nec
1488 502 1779 574 Hercule
1827 517 2180 598 tantopere
2227 503 2496 572 cunctis
2541 501 2637 570 sa-

421 618 452 670 3
488 627 675 682 ctum
712 611 1012 708 placeret
1028 665 1049 698 ,
1088 614 1217 683 nisi
1262 613 1620 709 placuisset
1661 627 2020 709 antequam
2065 611 2280 682 fieret.
2328 614 2422 683 At
2467 637 2640 707 quo,

486 723 585 794 dii
610 725 807 812 boni,
826 739 1360 818 temperamento
1380 740 1776 822 potestatem
1799 724 1986 794 tuam
2005 721 2488 819 fortunamque
2507 749 2642 792 mo·

488 835 763 906 deratus
792 834 905 905 es?
939 841 1317 930 Imperator
1344 851 1420 906 tu
1451 835 1702 924 titulis,
1731 850 1800 905 et
1828 835 2269 931 imaginibus,
2295 850 2364 904 et
2395 835 2639 930 sig-nis:

490 960 809 1016 coeterum
842 945 1167 1016 modestia
1186 999 1205 1034 ,
1245 946 1513 1036 labore,
1553 945 1932 1043 vigilantia,
1967 942 2140 1034 dux,
2180 959 2250 1015 et
2283 945 2546 1042 legatus
2577 961 2644 1014 et

490 1056 717 1146 miles,
752 1081 963 1153 quum
998 1059 1139 1154 jam
1177 1073 1293 1128 tua
1332 1058 1603 1144 vexilla,
1653 1074 1804 1128 tuas
1847 1057 2108 1154 aquilas
2141 1081 2392 1153 magno
2428 1057 2644 1152 gradu

492 1169 784 1240 anteit-es
823 1195 838 1238 τ
874 1193 1092 1263 neque
1139 1168 1324 1239 aliud
1367 1169 1492 1239 tibi
1541 1195 1629 1239 ex
1680 1169 1790 1241 illa
1832 1169 2233 1264 adoptione,
2277 1193 2483 1263 quam
2523 1167 2644 1237 fflii

492 1279 845 1373 pietatem,
881 1277 1003 1349 filii
1036 1280 1438 1375 obsequium
1475 1303 1835 1365 assereres,
1873 1279 2278 1375 longamque
2315 1276 2486 1348 huic
2525 1301 2645 1347 no-

424 1404 457 1462 ⁴
495 1390 661 1459 mini
698 1405 962 1460 estatem
991 1388 1263 1487 longam
1294 1391 1577 1487 gloriam
1613 1404 1981 1488 precarem.
2007 1393 2156 1461 Jam
2185 1405 2254 1460 te
2287 1389 2646 1485 providen-

494 1502 590 1570 tia
616 1501 897 1572 deorum
926 1501 1225 1598 primum
1254 1505 1325 1572 in
1358 1503 1584 1574 locum
1617 1516 2054 1598 provexerat3
2089 1516 2165 1571 tu
2191 1499 2414 1570 adhuc
2451 1493 2524 1568 i'n
2557 1525 2648 1569 se-

494 1609 719 1681 cundo
756 1613 1093 1700 resistere,
1129 1628 1333 1708 atque
1368 1615 1576 1683 etiam
1610 1637 1952 1683 senescere
1978 1611 2260 1707 optabas
2291 1635 2308 1679 t
2340 1613 2649 1706 privatus

497 1721 620 1791 tibi
652 1722 1021 1812 videbaris,
1058 1724 1385 1818 quamdiu
1419 1729 1801 1820 Imperator
1843 1738 1913 1794 et
1949 1721 2119 1794 alius
2161 1736 2354 1792 esset.
2401 1721 2650 1791 Audita

496 1849 655 1903 sunt
678 1849 835 1905 vota
871 1850 1029 1923 tua,
1064 1835 1182 1905 sed
1218 1837 1290 1905 in
1326 1851 1658 1932 quantum
1689 1837 1952 1932 optimo
1981 1834 2080 1904 illi
2113 1849 2184 1904 et
2223 1833 2648 1904 sanctissimo

430 1949 442 1962 ’
496 1944 636 2014 seni
674 1944 841 2016 utile
878 1945 1037 2036 fuit,
1064 1971 1265 2041 quem
1300 1947 1393 2016 dii
1426 1947 1592 2018 caelo
1615 1947 2162 2034 vindicaverunt,
2193 1969 2278 2013 ne
2301 1944 2470 2040 quid
2499 1957 2650 2038 post

426 2076 459 2128 5
498 2053 662 2126 illud
692 2057 997 2128 divinum
1034 2073 1103 2127 et
1140 2057 1520 2130 immortale
1560 2056 1810 2128 factum
1832 2109 1852 2142 ,
1883 2054 2166 2126 mortale
2199 2054 2474 2124 faceret.
2519 2055 2652 2122 De-

498 2167 641 2236 beri
680 2169 934 2265 quippe
966 2170 1267 2250 maximo
1303 2171 1492 2265 operi
1531 2170 1708 2240 hanc
1743 2169 2243 2238 venerationem
2263 2216 2284 2256 ‚
2311 2179 2391 2234 ut
2425 2165 2650 2233 novis-

498 2279 742 2350 simum
780 2295 986 2369 esset,
1022 2295 1502 2377 auctoremque
1531 2281 1675 2375 ejus
1707 2281 1934 2351 statim
1970 2273 2506 2349 consecrandum
2529 2327 2547 2359 ,
2577 2289 2653 2344 ut

498 2392 907 2488 quandoque
943 2393 1121 2462 inter
1155 2408 1460 2487 posteros
1497 2406 1938 2486 quaereretur,
1971 2414 2056 2458 an
2105 2386 2270 2457 illud
2306 2386 2450 2480 jam
2487 2384 2652 2454 deus

430 2517 465 2567 6
500 2500 778 2573 fecisset.
808 2508 913 2573 Ita
938 2502 1052 2572 ille
1074 2502 1265 2573 nullo
1284 2505 1499 2599 magis
1514 2505 1791 2573 nomine
1807 2500 2118 2597 publicus
2133 2522 2381 2595 parens
2403 2550 2423 2583 ,
2443 2520 2650 2593 quam

500 2613 661 2707 quia
701 2626 879 2682 tuuS.
920 2616 1167 2709 Ingens
1202 2613 1447 2709 gloria,
1482 2613 1850 2710 ingensque
1887 2612 2100 2695 fama,
2129 2633 2340 2705 quum
2379 2608 2652 2678 abunde

500 2735 815 2815 expertus
836 2738 1010 2793 esset
1028 2777 1048 2812 ,
1072 2748 1273 2819 quam
1300 2724 1470 2793 bene
1496 2724 1796 2795 humeris
1825 2726 1958 2794 tuis
1979 2723 2235 2795 sederet
2263 2722 2650 2816 imperium,

500 2979 624 3034 dam
643 2980 789 3034 estin
802 2982 905 3035 hoc
924 2980 1063 3045 loco,
1084 2997 1248 3053 quam
1264 2982 1468 3055 capias,
1481 2982 1525 3035 si

498 3061 697 3136 cogites
704 3064 993 3131 ,principem
1002 3060 1203 3114 ordinis
1210 3064 1423 3135 proprie
1433 3082 1528 3115 no·

499 3162 625 3197 mm
638 3160 773 3209 esse,
790 3152 853 3194 ut
858 3144 1025 3209 ,cpn'n
1027 3146 1299 3211 epsHorae.
1316 3145 1437 3195 ibat.
1453 3142 1523 3197 G.

573 3225 623 3278 3.
646 3225 1227 3291 riculis,ee1·maginibus.
1246 3223 1464 3274 Titulos
1449 3242 1528 3275 m·-

498 3304 715 3377 telligo'
698 3302 1099 3375 inscriptionum
1114 3300 1485 3373 publicarum’
1469 3320 1526 3355 m

502 3384 719 3448 stamis,
742 3382 965 3455 clipeis,
995 3393 1048 3435 et
1073 3381 1188 3434 aliis
1208 3398 1527 3435 monumen-

500 3464 604 3517 tis:
627 3466 864 3533 imagines
884 3480 994 3515 non
1010 3472 1219 3515 tantum
1240 3450 1365 3515 illas
1377 3462 1529 3515 nobi-

501 3544 661 3598 litatis
686 3542 924 3606 indices,
962 3540 1231 3637 privatas3
1274 3538 1367 3594 sed
1404 3560 1527 3605 eas,

501 3640 619 3695 «με
636 3624 693 3675 in
710 3622 898 3679 castris
910 3660 926 3686 ,
949 3642 1060 3674 cum
1076 3625 1225 3691 signis
1242 3632 1297 3676 et
1312 3624 1363 3673 in
1379 3623 1530 3691 signis

502 3702 818 3756 militaribus
846 3700 1178 3767 colebantur,
1213 3700 1281 3754 de
1302 3702 1525 3773 quibus,

504 3780 739 3854 ipsisque
765 3778 901 3834 adeo
918 3784 1070 3849 signis
1096 3780 1308 3854 Lipsius
1326 3818 1342 3844 ,
1368 3778 1436 3833 de
1456 3782 1529 3832 Re

506 3860 659 3917 milit.
682 3860 785 3923 IV,
815 3859 865 3912 5.
892 3858 1023 3914 Ideo
1050 3861 1155 3925 ait,
1176 3864 1293 3931 jam
1318 3876 1406 3911 cua
1435 3880 1527 3913 ve-

506 3946 659 4004 xilla,
691 3957 802 3993 tuas
828 3940 1189 4009 aquilas.Vid.
1208 3940 1353 4003 LIX,
1381 3939 1438 4003 8,
1457 3938 1524 3992 G.

506 4052 578 4065 -—
592 4029 933 4091 Longumque.
955 4058 967 4069 .
991 4040 1281 4089 ,precarer-e.
1300 4018 1528 4092 Optans,

505 4114 565 4155 ut
590 4101 686 4154 diu
713 4101 807 4154 tibi
826 4098 1182 4171 contingeret,
1209 4100 1310 4152 filii
1332 4118 1529 4153 nomen

504 4201 685 4255 gerere
702 4219 718 4246 ‚
746 4192 799 4235 et
820 4179 1061 4252 obsequii
1080 4178 1249 4251 gloria
1272 4178 1393 4233 frui.
1417 4180 1481 4233 E.

1695 2990 1747 3049 4.
1775 2988 1906 3034 Vota
1929 2998 2032 3035 tua.
2053 2982 2234 3048 Quum
2263 2992 2478 3053 optares
2499 3020 2516 3045 ‚
2545 3002 2648 3035 non

1623 3082 1749 3117 cum
1773 3062 1952 3117 Nerva
1982 3063 2261 3135 imperare.
2285 3061 2355 3114 G.
2385 3092 2459 3102 —-
2487 3062 2650 3115 Gieri-

1623 3144 1740 3217 gius
1759 3142 2004 3215 intelligit
2020 3156 2144 3195 vota
2155 3182 2172 3204 ‚
2194 3160 2312 3213 quoe
2333 3140 2532 3195 fecerat
2546 3160 2650 3193 om·

1623 3224 1753 3277 nino
1778 3237 1876 3295 pro
1901 3222 2070 3276 salute
2097 3224 2305 3275 Nervae.
2329 3220 2445 3274 Has
2473 3239 2648 3293 preces

1623 3302 1944 3356 audiverunt
1965 3301 2042 3355 dii
2059 3302 2134 3355 ita
2149 3342 2164 3369 ,
2193 3310 2252 3353 ut
2274 3298 2511 3353 Nervam
2529 3300 2649 3352 caelo

1623 3380 1951 3436 vindicarent
1967 3420 1982 3445 ,
2021 3382 2127 3435 hoc
2163 3393 2241 3435 est
2259 3420 2275 3447 ‚
2314 3398 2580 3433 summam
2605 3380 2650 3431 ei

1625 3459 1889 3515 dederunt
1913 3461 2155 3515 salutem.
2189 3460 2253 3512 E.
2277 3490 2348 3500 -
2369 3460 2561 3513 Refero
2586 3456 2651 3511 ad

1626 3542 1898 3614 superiora
1915 3578 1932 3605 ,
1961 3546 2012 3593 in
2041 3544 2252 3595 secundo
2278 3544 2387 3593 Ioco
2413 3542 2648 3593 resistere.

1625 3620 1787 3689 Quod
1807 3621 1932 3675 item
1951 3620 2193 3675 Gesnero
2211 3620 2434 3693 placuit.
2457 3619 2513 3673 S.

1699 3700 1751 3754 5.
1797 3708 1860 3753 Ue
1894 3704 2223 3770 quandoque,
2271 3712 2372 3753 etc.
2417 3698 2652 3750 Acumen

1623 3780 2025 3853 frigidissimum
2041 3780 2100 3834 in
2117 3780 2200 3832 his
2217 3778 2478 3851 reperisse
2493 3777 2655 3832 Gieri·

1626 3862 1744 3933 gius
1767 3862 1866 3916 sibi
1886 3860 2113 3915 videtur.
2136 3860 2360 3922 Dubito,
2388 3878 2459 3912 an
2481 3858 2656 3911 simili·-

1627 3952 1708 3995 ter
1733 3942 2012 3996 statuerint
2043 3940 2298 3995 Romani:
2329 3939 2413 3993 his
2445 3951 2618 3993 autem
2637 3976 2653 4000 ‚

1627 4040 1738 4074 non
1752 4021 1903 4075 nobis
1919 4060 1934 4086 ,
1952 4020 2152 4075 Plinius
2164 4020 2309 4073 hunc
2323 4018 2526 4073 librum
2540 4016 2657 4073 scri-

1668 4102 1752 4155 sit.
1774 4102 1828 4156 S.

1629 4122 1666 4176 P
1701 4184 1754 4233 6.
1783 4188 1984 4252 Ingens.
2005 4218 2018 4231 .
2041 4183 2224 4250 fama.
2249 4179 2506 4251 Virgilius
2535 4178 2649 4230 AEn.
