2857 4690
468 358 598 405 102

1072 338 1154 405 C.
1212 336 1548 405 PLINII
1597 336 1786 403 LIB.
1839 338 1973 403 IX.

394 492 425 527 ει
460 460 609 552 Ipse
643 457 865 525 nescio
898 457 1059 551 quid
1105 457 1222 526 illo
1264 457 1521 552 legente
1559 456 1822 526 interim
1857 457 2133 545 faciam,
2169 458 2425 529 sedeam
2467 459 2586 530 de·-

459 568 670 653 fixuS‚
710 583 775 636 et
822 584 1081 654 mutuS‚
1119 584 1185 637 et
1232 567 1462 637 similis
1503 569 1717 637 otioso
1741 622 1758 651 ‚
1796 594 1882 637 an
1920 579 2036 658 (ut
2077 569 2396 663 quidam)
2435 594 2588 664 quae

458 678 965 774 pronuntiabit,
1016 704 1394 765 murmure,
1450 676 1698 759 oculis,
1759 704 1964 747 manu
2013 703 2396 773 prosequar.
2453 679 2591 750 Sed

458 804 665 883 pum,
704 816 807 857 me
848 814 985 857 non
1027 791 1249 858 minus
1284 787 1458 857 male
1495 787 1776 873 saltare,
1813 813 2012 881 quam
2053 788 2294 883 legere.
2333 792 2590 858 Iterum

458 900 717 983 dicam,
761 898 1011 993 explica
1053 914 1285 967 aestum
1320 922 1539 966 meum
1563 922 1902 991 ‚vereque
1941 898 2264 981 rescribe,
2302 922 2464 967 num
2502 898 2594 967 sit

458 1008 729 1092 meliuS‚
782 1011 1065 1103 pessime
1121 1008 1377 1135 legere,
1433 1032 1636 1102 quam
1675 1008 1800 1076 ista
1845 1007 1950 1077 vel
2006 1034 2147 1077 non
2193 1008 2448 1098 facere,
2485 1006 2592 1078 vel

458 1120 690 1189 facere.
718 1118 904 1188 Vale.

534 1341 583 1373 ².
606 1326 713 1372 An.
732 1356 746 1370 .
770 1357 783 1370 .
806 1360 817 1370 .
840 1319 853 1370 .'
856 1336 1147 1389 prosequar.
1176 1318 1477 1373 cachinnos

461 1399 705 1453 excitaret
724 1437 738 1461 ,
759 1400 803 1450 si
822 1398 939 1469 quis
958 1398 1116 1451 hodie
1136 1400 1325 1470 scripta
1351 1416 1442 1451 sua
1459 1436 1476 1462 ‚

461 1476 589 1531 dum
624 1480 969 1531 recitarentur
988 1516 1003 1540 ,
1032 1480 1104 1531 sic
1131 1496 1478 1551 prosequere-

461 1570 565 1611 tur.
591 1557 695 1611 Sed
711 1558 839 1610 olim
864 1557 1131 1611 auditores
1153 1597 1168 1621 ‚
1190 1559 1281 1629 qui
1308 1570 1357 1611 et
1380 1558 1478 1628 ipsi

460 1648 573 1689 toto
596 1655 817 1708 corpore
841 1656 995 1691 sensa
1022 1656 1113 1690 sua
1140 1636 1478 1691 declarabant

461 1716 551 1783 (nt
578 1726 721 1769 notat
745 1715 893 1769 Gier.
922 1716 1025 1770 boc
1048 1718 1167 1771 loco
1192 1730 1245 1769 et
1270 1716 1339 1768 ad
1367 1716 1479 1779 vl,

467 1814 563 1865 17,
608 1800 709 1865 ι),
720 1796 939 1874 ιιειΙίῑιιιε
978 1816 1085 1849 non
1124 1796 1476 1851 offendeban-

463 1885 567 1927 tur.
605 1876 735 1927 En.
743 1908 813 1916 —
854 1882 1134 1939 Murmure,
1166 1877 1478 1949 compressis

462 1955 624 2007 labris
656 1958 1038 2025 pronuntians,
1071 1973 1188 2029 quae
1202 1957 1305 2010 ille
1334 1958 1480 2010 clara

462 2052 611 2087 voce.
641 2036 743 2089 En.

536 2116 588 2168 3.
612 2120 747 2166 Male
775 2120 972 2168 saltare.
1000 2087 1223 2185 Respicit
1250 2115 1317 2167 ad
1345 2114 1479 2168 illud

462 2214 613 2245 ιηαηιι
626 2214 921 2263 prosequar.
949 2196 1083 2247 Nam
1110 2195 1201 2248 illa
1222 2212 1478 2249 manuum

464 2284 586 2345 apta
608 2274 737 2326 etad
760 2288 1069 2345 argumenta
1089 2272 1480 2326 accommodata

465 2353 822 2424 gesticulatio,
871 2355 1082 2430 proprie
1132 2353 1338 2408 saltatio
1382 2364 1480 2405 est.

466 2431 597 2484 vid.
618 2431 844 2497 Quintil.
873 2435 931 2498 1,
966 2451 1049 2496 ιι,
1082 2434 1177 2494 18,
1200 2432 1364 2503 sq.1,
1394 2449 1480 2496 n,

472 2517 571 2573 143
600 2512 705 2573 XI,
730 2513 790 2575 3,
818 2517 920 2576 66,
946 2512 1003 2564 it.
1034 2512 1126 2581 89,
1156 2523 1255 2564 etc.
1283 2511 1484 2572 Notum

468 2601 545 2642 est
590 2589 913 2643 Otidianum
954 2589 1114 2652 illud,
1151 2593 1206 2639 Si
1239 2608 1351 2656 voa:-
1382 2603 1476 2650 est,

468 2684 618 2721 canta
635 2691 655 2730 ,·
694 2674 738 2720 si
774 2673 943 2722 mollia
979 2671 1208 2728 brachia,
1234 2671 1365 2720 salta
1386 2689 1406 2718 .·
1430 2678 1482 2720 et

469 2750 656 2802 Juven.
678 2748 751 2813 V,
779 2767 891 2801 120.
908 2753 1199 2798 Structorem
1213 2783 1367 2798 .....
1378 2750 1484 2798 Sal-

472 2843 657 2880 tancem
674 2841 852 2897 spectes
860 2867 877 2889 ,
904 2841 954 2879 ee
971 2828 1369 2894 cheir-enemente:
1392 2845 1484 2898 vo-

1574 1322 1702 1370 lanei
1741 1322 1957 1372 Culte-110.
1987 1318 2055 1373 G.
2092 1350 2163 1362 —-
2194 1320 2448 1374 Calussam
2479 1338 2598 1375 etse

1571 1412 1720 1452 notat
1761 1400 1960 1471 Gierig.
1999 1402 2120 1473 quia
2168 1402 2262 1473 qui
2299 1402 2464 1472 vulgo
2495 1402 2599 1454 sal·

1573 1491 1740 1533 tames
1761 1479 2010 1533 dicuntur
2035 1479 2089 1531 in
2109 1480 2358 1533 manibus
2381 1498 2601 1533 moven-

1575 1559 1656 1613 dis
1678 1558 1966 1631 plurimum
1993 1560 2120 1612 artis
2141 1571 2192 1612 et
2210 1559 2481 1631 elegantia·
2505 1558 2602 1611 ad-

1573 1638 1828 1691 hibebant
1865 1677 1880 1703 ,
1942 1638 2085 1711 quod
2155 1658 2184 1691 e
2241 1638 2600 1691 monumentis

1575 1730 1794 1791 apparet
1816 1756 1831 1781 ‚
1867 1717 1919 1769 in
1955 1718 2146 1789 quibus
2177 1718 2468 1777 saltatrices
2512 1735 2602 1770 ex-

1573 1817 1780 1870 pressae.
1809 1798 1910 1850 En.

1645 1884 1846 1930 —Num
1868 1880 2122 1929 sitmele‘us.
2143 1876 2440 1948 scripsisses
2458 1876 2560 1928 ista
2577 1913 2595 1938 ‚

1574 1958 1847 2021 See-unde,
1877 1957 2066 2012 Catoni
2105 1958 2306 2021 alicui,
2337 1956 2485 2009 triste
2517 1972 2602 2007 re-

1576 2056 1824 2109 sponsum
1865 2038 2178 2108 accepisses,
2221 2048 2272 2089 et
2309 2034 2478 2088 simile
2519 2032 2604 2085 illi

1571 2118 1806 2192 judicio,
1829 2117 1970 2190 quod
2001 2116 2068 2169 de
2101 2116 2236 2169 Aulo
2255 2114 2443 2167 Albino
2475 2112 2603 2165 tulit

1575 2198 1823 2267 antiquus
1849 2208 1902 2248 et
1927 2196 2244 2268 archetypus
2279 2197 2412 2248 Cato
2449 2190 2600 2262 apud

1575 2278 1804 2333 Gellium
1822 2276 1919 2337 XI,
1939 2280 2004 2327 8:
2029 2280 2120 2327 Noe
2139 2291 2216 2336 tu,
2237 2278 2422 2343 inquit,
2447 2276 2598 2332 Aule,

1577 2353 1777 2404 nimium
1818 2363 2034 2418 nugator
2073 2368 2122 2398 es
2138 2386 2155 2406 ‚
2196 2365 2344 2413 quum
2379 2347 2604 2396 11ιαὶιαὶςεί

1578 2435 1772 2497 culpam
1779 2431 2046 2497 deprecari,
2056 2445 2204 2496 quam
2216 2445 2273 2476 cu
2278 2429 2361 2493 lpa
2379 2443 2567 2476 vacare
2575 2461 2594 2484 ‚

1577 2521 1677 2562 etc.
1698 2508 1806 2563 sed
1827 2508 2076 2560 nimirum
2101 2505 2298 2560 Plinius
2330 2502 2605 2556 familiari-

1576 2599 1656 2640 ter
1689 2587 1944 2640 deliberat
1989 2604 2109 2640 cum
2149 2581 2555 2637 familiarissimo
2577 2617 2598 2644 ,

1578 2667 1645 2720 de
1672 2687 1730 2720 re
1753 2685 1843 2738 per
1873 2686 1928 2720 se
1951 2683 2147 2737 ρει-νας
2179 2662 2269 2716 sed
2291 2662 2372 2714 vel
2388 2680 2448 2715 ea
2477 2661 2600 2730 ipsa

1579 2764 1760 2798 caussa
1793 2745 2012 2818 alicujus
2046 2743 2324 2806 momenti,
2353 2738 2497 2812 quod
2523 2737 2600 2792 ad

1579 2825 1832 2881 bonorem
1854 2825 2151 2906 studiorum
2172 2823 2469 2896 pertineret.
2487 2819 2560 2896 G

1329 3387 1729 3544 m
