<?xml version="1.0" encoding="UTF-8"?>
<!DOCTYPE html PUBLIC "-//W3C//DTD XHTML 1.0 Transitional//EN"
    "http://www.w3.org/TR/xhtml1/DTD/xhtml1-transitional.dtd">
<html xmlns="http://www.w3.org/1999/xhtml" xml:lang="en" lang="en">
 <head>
  <title>
</title>
<meta http-equiv="Content-Type" content="text/html;charset=utf-8" />
  <meta name='ocr-system' content='tesseract 3.04.00' />
  <meta name='ocr-capabilities' content='ocr_page ocr_carea ocr_par ocr_line ocrx_word'/>
</head>
<body>
  <div class='ocr_page' id='page_1' title='image "./cpliniisecundie00schgoog_0341.png"; bbox 0 0 2857 4690; ppageno 0'>
   <div class='ocr_carea' id='block_1_1' title="bbox 516 353 655 424">
    <p class='ocr_par' dir='ltr' id='par_1_1' title="bbox 516 353 655 424">
     <span class='ocr_line' id='line_1_1' title="bbox 516 353 655 424; baseline -0.029 0"><span class='ocrx_word' id='word_1_1' title='bbox 516 353 655 424; x_wconf 80' lang='lat'>330</span> 
     </span>
    </p>
   </div>
   <div class='ocr_carea' id='block_1_2' title="bbox 1081 354 2061 422">
    <p class='ocr_par' dir='ltr' id='par_1_2' title="bbox 1081 354 2061 422">
     <span class='ocr_line' id='line_1_2' title="bbox 1081 354 2061 422; baseline -0.003 0"><span class='ocrx_word' id='word_1_2' title='bbox 1081 355 1154 422; x_wconf 94' lang='lat' dir='ltr'>C.</span> <span class='ocrx_word' id='word_1_3' title='bbox 1208 355 1546 422; x_wconf 88' lang='lat' dir='ltr'><strong>PLINlI</strong></span> <span class='ocrx_word' id='word_1_4' title='bbox 1597 354 2061 421; x_wconf 90' lang='lat' dir='ltr'><strong>SECUNDI</strong></span> 
     </span>
    </p>
   </div>
   <div class='ocr_carea' id='block_1_3' title="bbox 512 474 2636 570">
    <p class='ocr_par' dir='ltr' id='par_1_3' title="bbox 512 474 2636 570">
     <span class='ocr_line' id='line_1_3' title="bbox 512 474 2636 570; baseline -0.001 -24"><span class='ocrx_word' id='word_1_5' title='bbox 512 477 837 547; x_wconf 84' lang='lat' dir='ltr'>senatus?</span> <span class='ocrx_word' id='word_1_6' title='bbox 872 503 1007 545; x_wconf 90' lang='lat' dir='ltr'>non</span> <span class='ocrx_word' id='word_1_7' title='bbox 1058 475 1444 547; x_wconf 88' lang='lat' dir='ltr'>consulatus</span> <span class='ocrx_word' id='word_1_8' title='bbox 1489 479 1662 570; x_wconf 85' lang='lat' dir='ltr'>ipse,</span> <span class='ocrx_word' id='word_1_9' title='bbox 1702 478 1818 570; x_wconf 87' lang='lat' dir='ltr'>qui</span> <span class='ocrx_word' id='word_1_10' title='bbox 1859 477 1979 544; x_wconf 88' lang='lat' dir='ltr'>sibi</span> <span class='ocrx_word' id='word_1_11' title='bbox 2024 475 2156 543; x_wconf 86' lang='lat' dir='ltr'>tuis</span> <span class='ocrx_word' id='word_1_12' title='bbox 2200 474 2500 543; x_wconf 81' lang='lat' dir='ltr'>humeris</span> <span class='ocrx_word' id='word_1_13' title='bbox 2533 489 2636 544; x_wconf 87' lang='lat' dir='ltr'>at-</span> 
     </span>
    </p>
   </div>
   <div class='ocr_carea' id='block_1_4' title="bbox 514 584 1502 681">
    <p class='ocr_par' dir='ltr' id='par_1_4' title="bbox 514 584 1502 681">
     <span class='ocr_line' id='line_1_4' title="bbox 514 584 1502 681; baseline -0.002 -27"><span class='ocrx_word' id='word_1_14' title='bbox 514 585 658 654; x_wconf 88' lang='lat' dir='ltr'>tolli</span> <span class='ocrx_word' id='word_1_15' title='bbox 692 603 760 654; x_wconf 91' lang='lat' dir='ltr'>et</span> <span class='ocrx_word' id='word_1_16' title='bbox 795 609 1148 681; x_wconf 84' lang='lat' dir='ltr'>augescere</span> <span class='ocrx_word' id='word_1_17' title='bbox 1186 584 1502 654; x_wconf 75' lang='lat' dir='ltr'>videtur?</span> 
     </span>
    </p>
   </div>
   <div class='ocr_carea' id='block_1_5' title="bbox 444 693 2638 1997">
    <p class='ocr_par' dir='ltr' id='par_1_5' title="bbox 444 693 2638 1997">
     <span class='ocr_line' id='line_1_5' title="bbox 606 693 2638 790; baseline 0.001 -31"><span class='ocrx_word' id='word_1_18' title='bbox 606 694 853 762; x_wconf 88' lang='lat' dir='ltr'><strong>LVIII.</strong></span> <span class='ocrx_word' id='word_1_19' title='bbox 898 699 1049 764; x_wconf 88' lang='lat' dir='ltr'>Non</span> <span class='ocrx_word' id='word_1_20' title='bbox 1087 709 1153 762; x_wconf 89' lang='lat' dir='ltr'>te</span> <span class='ocrx_word' id='word_1_21' title='bbox 1187 694 1271 763; x_wconf 89' lang='lat' dir='ltr'>ad</span> <span class='ocrx_word' id='word_1_22' title='bbox 1314 694 1651 790; x_wconf 87' lang='lat' dir='ltr'>exemplar</span> <span class='ocrx_word' id='word_1_23' title='bbox 1697 696 1840 788; x_wconf 88' lang='lat' dir='ltr'>ejus</span> <span class='ocrx_word' id='word_1_24' title='bbox 1888 718 2096 779; x_wconf 76' lang='lat' dir='ltr'>vom,</span> <span class='ocrx_word' id='word_1_25' title='bbox 2135 694 2252 787; x_wconf 90' lang='lat' dir='ltr'>qui</span> <span class='ocrx_word' id='word_1_26' title='bbox 2301 693 2638 762; x_wconf 88' lang='lat' dir='ltr'>continuis</span> 
     </span>
     <span class='ocr_line' id='line_1_6' title="bbox 509 802 2638 900; baseline -0 -29"><span class='ocrx_word' id='word_1_27' title='bbox 509 802 965 872; x_wconf 88' lang='lat' dir='ltr'>consulatibus</span> <span class='ocrx_word' id='word_1_28' title='bbox 1003 804 1247 874; x_wconf 81' lang='lat' dir='ltr'><strong>fecerat</strong></span> <span class='ocrx_word' id='word_1_29' title='bbox 1274 804 1548 900; x_wconf 84' lang='lat' dir='ltr'>longum</span> <span class='ocrx_word' id='word_1_30' title='bbox 1589 803 1939 900; x_wconf 80' lang='lat' dir='ltr'>quemdam</span> <span class='ocrx_word' id='word_1_31' title='bbox 1971 818 2037 872; x_wconf 80' lang='lat' dir='ltr'>et</span> <span class='ocrx_word' id='word_1_32' title='bbox 2073 804 2212 872; x_wconf 87' lang='lat' dir='ltr'>sine</span> <span class='ocrx_word' id='word_1_33' title='bbox 2250 803 2638 872; x_wconf 83' lang='lat' dir='ltr'>discrimine</span> 
     </span>
     <span class='ocr_line' id='line_1_7' title="bbox 511 913 2634 1020; baseline -0.001 -38"><span class='ocrx_word' id='word_1_34' title='bbox 511 939 812 982; x_wconf 86' lang='lat' dir='ltr'>annum:</span> <span class='ocrx_word' id='word_1_35' title='bbox 852 915 954 982; x_wconf 89' lang='lat' dir='ltr'>his</span> <span class='ocrx_word' id='word_1_36' title='bbox 1004 926 1067 983; x_wconf 91' lang='lat' dir='ltr'>te</span> <span class='ocrx_word' id='word_1_37' title='bbox 1116 913 1427 1001; x_wconf 86' lang='lat' dir='ltr'>confero,</span> <span class='ocrx_word' id='word_1_38' title='bbox 1467 937 1635 1008; x_wconf 91' lang='lat' dir='ltr'>quos</span> <span class='ocrx_word' id='word_1_39' title='bbox 1684 928 1941 982; x_wconf 88' lang='lat' dir='ltr'>certum</span> <span class='ocrx_word' id='word_1_40' title='bbox 1989 925 2125 998; x_wconf 89' lang='lat' dir='ltr'>est,</span> <span class='ocrx_word' id='word_1_41' title='bbox 2166 915 2432 1020; x_wconf 84' lang='lat' dir='ltr'>quoties</span> <span class='ocrx_word' id='word_1_42' title='bbox 2471 936 2634 980; x_wconf 91' lang='lat' dir='ltr'>con-</span> 
     </span>
     <span class='ocr_line' id='line_1_8' title="bbox 510 1015 2638 1118; baseline 0 -28"><span class='ocrx_word' id='word_1_43' title='bbox 510 1015 681 1090; x_wconf 87' lang='lat' dir='ltr'>sules</span> <span class='ocrx_word' id='word_1_44' title='bbox 734 1021 1039 1112; x_wconf 85' lang='lat' dir='ltr'>fuerunt,</span> <span class='ocrx_word' id='word_1_45' title='bbox 1092 1048 1229 1094; x_wconf 88' lang='lat' dir='ltr'>non</span> <span class='ocrx_word' id='word_1_46' title='bbox 1288 1025 1413 1092; x_wconf 86' lang='lat' dir='ltr'>sibi</span> <span class='ocrx_word' id='word_1_47' title='bbox 1466 1023 1867 1118; x_wconf 64' lang='lat' dir='ltr'>praestitisse.</span> <span class='ocrx_word' id='word_1_48' title='bbox 1913 1025 2077 1092; x_wconf 86' lang='lat' dir='ltr'>Erat</span> <span class='ocrx_word' id='word_1_49' title='bbox 2130 1024 2218 1090; x_wconf 90' lang='lat' dir='ltr'>in</span> <span class='ocrx_word' id='word_1_50' title='bbox 2249 1038 2486 1092; x_wconf 88' lang='lat' dir='ltr'>senatu</span> <span class='ocrx_word' id='word_1_51' title='bbox 2533 1037 2638 1091; x_wconf 87' lang='lat' dir='ltr'>ter</span> 
     </span>
     <span class='ocr_line' id='line_1_9' title="bbox 444 1130 2634 1226; baseline 0.004 -33"><span class='ocrx_word' id='word_1_52' title='bbox 444 1159 475 1193; x_wconf 76' lang='lat'>2</span> <span class='ocrx_word' id='word_1_53' title='bbox 510 1130 780 1218; x_wconf 88' lang='lat' dir='ltr'>consul,</span> <span class='ocrx_word' id='word_1_54' title='bbox 802 1157 1009 1226; x_wconf 86' lang='lat' dir='ltr'>quum</span> <span class='ocrx_word' id='word_1_55' title='bbox 1036 1147 1111 1202; x_wconf 90' lang='lat' dir='ltr'>tu</span> <span class='ocrx_word' id='word_1_56' title='bbox 1135 1134 1406 1202; x_wconf 86' lang='lat' dir='ltr'>tertium</span> <span class='ocrx_word' id='word_1_57' title='bbox 1426 1133 1841 1202; x_wconf 88' lang='lat' dir='ltr'>consulatum</span> <span class='ocrx_word' id='word_1_58' title='bbox 1863 1133 2234 1202; x_wconf 75' lang='lat' dir='ltr'>recusabas,</span> <span class='ocrx_word' id='word_1_59' title='bbox 2251 1135 2634 1202; x_wconf 88' lang='lat' dir='ltr'>Onerosum</span> 
     </span>
     <span class='ocr_line' id='line_1_10' title="bbox 510 1241 2638 1335; baseline 0.001 -27"><span class='ocrx_word' id='word_1_60' title='bbox 510 1242 735 1310; x_wconf 90' lang='lat' dir='ltr'>nescio</span> <span class='ocrx_word' id='word_1_61' title='bbox 774 1243 938 1335; x_wconf 87' lang='lat' dir='ltr'>quid</span> <span class='ocrx_word' id='word_1_62' title='bbox 974 1243 1384 1312; x_wconf 84' lang='lat' dir='ltr'>verecundiae</span> <span class='ocrx_word' id='word_1_63' title='bbox 1434 1260 1564 1313; x_wconf 86' lang='lat' dir='ltr'>tuae</span> <span class='ocrx_word' id='word_1_64' title='bbox 1613 1265 1973 1312; x_wconf 88' lang='lat' dir='ltr'>consensus</span> <span class='ocrx_word' id='word_1_65' title='bbox 2003 1255 2232 1310; x_wconf 76' lang='lat' dir='ltr'>noster</span> <span class='ocrx_word' id='word_1_66' title='bbox 2261 1241 2638 1323; x_wconf 80' lang='lat' dir='ltr'>indixerat,</span> 
     </span>
     <span class='ocr_line' id='line_1_11' title="bbox 510 1351 2630 1447; baseline 0.001 -29"><span class='ocrx_word' id='word_1_67' title='bbox 510 1365 586 1418; x_wconf 88' lang='lat' dir='ltr'>ut</span> <span class='ocrx_word' id='word_1_68' title='bbox 623 1352 931 1444; x_wconf 86' lang='lat' dir='ltr'>princeps</span> <span class='ocrx_word' id='word_1_69' title='bbox 962 1353 1155 1421; x_wconf 88' lang='lat' dir='ltr'>toties</span> <span class='ocrx_word' id='word_1_70' title='bbox 1188 1353 1418 1423; x_wconf 88' lang='lat' dir='ltr'>consul</span> <span class='ocrx_word' id='word_1_71' title='bbox 1457 1377 1659 1438; x_wconf 78' lang='lat' dir='ltr'>esseS‚</span> <span class='ocrx_word' id='word_1_72' title='bbox 1693 1353 1955 1447; x_wconf 88' lang='lat' dir='ltr'>quoties</span> <span class='ocrx_word' id='word_1_73' title='bbox 1992 1367 2256 1420; x_wconf 86' lang='lat' dir='ltr'>senator</span> <span class='ocrx_word' id='word_1_74' title='bbox 2291 1366 2492 1420; x_wconf 82' lang='lat' dir='ltr'>tuus:</span> <span class='ocrx_word' id='word_1_75' title='bbox 2533 1351 2630 1420; x_wconf 88' lang='lat' dir='ltr'>ni-</span> 
     </span>
     <span class='ocr_line' id='line_1_12' title="bbox 444 1461 2636 1557; baseline 0.001 -32"><span class='ocrx_word' id='word_1_76' title='bbox 444 1473 476 1525; x_wconf 89' lang='grc'>3</span> <span class='ocrx_word' id='word_1_77' title='bbox 510 1461 646 1529; x_wconf 81' lang='lat' dir='ltr'>mia</span> <span class='ocrx_word' id='word_1_78' title='bbox 684 1461 1005 1532; x_wconf 85' lang='lat' dir='ltr'>modestia</span> <span class='ocrx_word' id='word_1_79' title='bbox 1046 1462 1220 1531; x_wconf 88' lang='lat' dir='ltr'>istud</span> <span class='ocrx_word' id='word_1_80' title='bbox 1245 1517 1265 1550; x_wconf 87' lang='lat'>,</span> <span class='ocrx_word' id='word_1_81' title='bbox 1293 1465 1492 1532; x_wconf 87' lang='lat' dir='ltr'>etiam</span> <span class='ocrx_word' id='word_1_82' title='bbox 1534 1463 1831 1557; x_wconf 86' lang='lat' dir='ltr'>privatus</span> <span class='ocrx_word' id='word_1_83' title='bbox 1861 1517 1880 1550; x_wconf 92' lang='lat'>‚</span> <span class='ocrx_word' id='word_1_84' title='bbox 1917 1485 2300 1531; x_wconf 86' lang='lat' dir='ltr'>recusasses.</span> <span class='ocrx_word' id='word_1_85' title='bbox 2331 1465 2436 1530; x_wconf 83' lang='lat' dir='ltr'>An</span> <span class='ocrx_word' id='word_1_86' title='bbox 2477 1486 2636 1530; x_wconf 88' lang='lat' dir='ltr'>con·</span> 
     </span>
     <span class='ocr_line' id='line_1_13' title="bbox 510 1568 2634 1667; baseline -0 -29"><span class='ocrx_word' id='word_1_87' title='bbox 510 1569 745 1640; x_wconf 89' lang='lat' dir='ltr'>sularis</span> <span class='ocrx_word' id='word_1_88' title='bbox 800 1573 925 1640; x_wconf 84' lang='lat' dir='ltr'>viri</span> <span class='ocrx_word' id='word_1_89' title='bbox 979 1571 1534 1667; x_wconf 83' lang='lat' dir='ltr'>triumphalisque</span> <span class='ocrx_word' id='word_1_90' title='bbox 1593 1571 1770 1641; x_wconf 89' lang='lat' dir='ltr'>filius</span> <span class='ocrx_word' id='word_1_91' title='bbox 1805 1624 1824 1655; x_wconf 94' lang='lat'>‚</span> <span class='ocrx_word' id='word_1_92' title='bbox 1880 1596 2088 1665; x_wconf 88' lang='lat' dir='ltr'>quum</span> <span class='ocrx_word' id='word_1_93' title='bbox 2153 1571 2350 1639; x_wconf 87' lang='lat' dir='ltr'>tertio</span> <span class='ocrx_word' id='word_1_94' title='bbox 2399 1568 2634 1638; x_wconf 91' lang='lat' dir='ltr'>consul</span> 
     </span>
     <span class='ocr_line' id='line_1_14' title="bbox 510 1678 2634 1766; baseline 0 -18"><span class='ocrx_word' id='word_1_95' title='bbox 510 1695 804 1766; x_wconf 87' lang='lat' dir='ltr'>creatur,</span> <span class='ocrx_word' id='word_1_96' title='bbox 836 1681 1217 1751; x_wconf 81' lang='lat' dir='ltr'>adscendit?</span> <span class='ocrx_word' id='word_1_97' title='bbox 1260 1707 1397 1750; x_wconf 89' lang='lat' dir='ltr'>non</span> <span class='ocrx_word' id='word_1_98' title='bbox 1445 1681 1745 1751; x_wconf 86' lang='lat' dir='ltr'>debitum</span> <span class='ocrx_word' id='word_1_99' title='bbox 1797 1680 1926 1751; x_wconf 90' lang='lat' dir='ltr'>hoc</span> <span class='ocrx_word' id='word_1_100' title='bbox 1975 1678 2118 1749; x_wconf 82' lang='lat' dir='ltr'>illi?</span> <span class='ocrx_word' id='word_1_101' title='bbox 2157 1705 2292 1748; x_wconf 89' lang='lat' dir='ltr'>non</span> <span class='ocrx_word' id='word_1_102' title='bbox 2350 1679 2454 1748; x_wconf 82' lang='lat' dir='ltr'>vel</span> <span class='ocrx_word' id='word_1_103' title='bbox 2495 1679 2634 1748; x_wconf 87' lang='lat' dir='ltr'>sola</span> 
     </span>
     <span class='ocr_line' id='line_1_15' title="bbox 444 1791 2632 1886; baseline 0 -29"><span class='ocrx_word' id='word_1_104' title='bbox 444 1809 477 1866; x_wconf 72' lang='grc'><strong><em>4</em></strong></span> <span class='ocrx_word' id='word_1_105' title='bbox 512 1792 769 1884; x_wconf 83' lang='lat' dir='ltr'>generis</span> <span class='ocrx_word' id='word_1_106' title='bbox 836 1791 1136 1861; x_wconf 85' lang='lat' dir='ltr'>claritate</span> <span class='ocrx_word' id='word_1_107' title='bbox 1198 1793 1635 1886; x_wconf 86' lang='lat' dir='ltr'>promeritum</span> <span class='ocrx_word' id='word_1_108' title='bbox 1673 1793 1702 1862; x_wconf 76' lang='grc' dir='ltr'>Ρ</span> <span class='ocrx_word' id='word_1_109' title='bbox 1749 1791 2054 1885; x_wconf 85' lang='lat' dir='ltr'>Contigit</span> <span class='ocrx_word' id='word_1_110' title='bbox 2121 1815 2282 1886; x_wconf 86' lang='lat' dir='ltr'>ergo</span> <span class='ocrx_word' id='word_1_111' title='bbox 2358 1793 2632 1884; x_wconf 86' lang='lat' dir='ltr'>privatis</span> 
     </span>
     <span class='ocr_line' id='line_1_16' title="bbox 510 1900 2632 1997; baseline 0.001 -30"><span class='ocrx_word' id='word_1_112' title='bbox 510 1901 770 1994; x_wconf 83' lang='lat' dir='ltr'>aperire</span> <span class='ocrx_word' id='word_1_113' title='bbox 800 1925 1050 1971; x_wconf 88' lang='lat' dir='ltr'>annum</span> <span class='ocrx_word' id='word_1_114' title='bbox 1068 1956 1088 1988; x_wconf 88' lang='lat'>‚</span> <span class='ocrx_word' id='word_1_115' title='bbox 1120 1904 1454 1997; x_wconf 80' lang='lat' dir='ltr'>fastosque</span> <span class='ocrx_word' id='word_1_116' title='bbox 1473 1926 1796 1970; x_wconf 84' lang='lat' dir='ltr'>reserare:</span> <span class='ocrx_word' id='word_1_117' title='bbox 1825 1915 1888 1970; x_wconf 85' lang='lat' dir='ltr'>et</span> <span class='ocrx_word' id='word_1_118' title='bbox 1911 1902 2039 1971; x_wconf 92' lang='lat' dir='ltr'>hoc</span> <span class='ocrx_word' id='word_1_119' title='bbox 2064 1925 2330 1995; x_wconf 87' lang='lat' dir='ltr'>quoque</span> <span class='ocrx_word' id='word_1_120' title='bbox 2357 1900 2632 1969; x_wconf 81' lang='lat' dir='ltr'>redditae</span> 
     </span>
    </p>
   </div>
   <div class='ocr_carea' id='block_1_6' title="bbox 506 2085 1528 4140">
    <p class='ocr_par' dir='ltr' id='par_1_6' title="bbox 506 2085 1528 3099">
     <span class='ocr_line' id='line_1_17' title="bbox 581 2085 1524 2150; baseline 0.004 -16"><span class='ocrx_word' id='word_1_121' title='bbox 581 2085 760 2137; x_wconf 88' lang='lat' dir='ltr'><strong>LVIII</strong></span> <span class='ocrx_word' id='word_1_122' title='bbox 775 2123 793 2150; x_wconf 89' lang='lat'>,</span> <span class='ocrx_word' id='word_1_123' title='bbox 828 2105 875 2139; x_wconf 83' lang='lat'>1.</span> <span class='ocrx_word' id='word_1_124' title='bbox 910 2091 1159 2140; x_wconf 76' lang='lat' dir='ltr'>Continuis</span> <span class='ocrx_word' id='word_1_125' title='bbox 1183 2089 1524 2139; x_wconf 75' lang='lat' dir='ltr'>consulatibus.</span> 
     </span>
     <span class='ocr_line' id='line_1_18' title="bbox 508 2163 1526 2219; baseline 0.002 -5"><span class='ocrx_word' id='word_1_126' title='bbox 508 2163 841 2217; x_wconf 85' lang='lat' dir='ltr'>Domitianus</span> <span class='ocrx_word' id='word_1_127' title='bbox 874 2191 895 2211; x_wconf 75' lang='grc' dir='ltr'><strong>ι</strong></span> <span class='ocrx_word' id='word_1_128' title='bbox 914 2166 1232 2219; x_wconf 83' lang='lat' dir='ltr'>Consulatus</span> <span class='ocrx_word' id='word_1_129' title='bbox 1260 2165 1416 2217; x_wconf 83' lang='lat' dir='ltr'><strong>XVII</strong></span> <span class='ocrx_word' id='word_1_130' title='bbox 1440 2184 1526 2217; x_wconf 86' lang='lat' dir='ltr'>ce·</span> 
     </span>
     <span class='ocr_line' id='line_1_19' title="bbox 506 2242 1527 2315; baseline 0 -21"><span class='ocrx_word' id='word_1_131' title='bbox 506 2242 584 2314; x_wconf 84' lang='lat' dir='ltr'>pit</span> <span class='ocrx_word' id='word_1_132' title='bbox 606 2283 621 2308; x_wconf 91' lang='lat'>,</span> <span class='ocrx_word' id='word_1_133' title='bbox 650 2255 779 2315; x_wconf 83' lang='lat' dir='ltr'>quot</span> <span class='ocrx_word' id='word_1_134' title='bbox 804 2257 926 2298; x_wconf 88' lang='lat' dir='ltr'>ante</span> <span class='ocrx_word' id='word_1_135' title='bbox 951 2263 1071 2297; x_wconf 88' lang='lat' dir='ltr'>enm</span> <span class='ocrx_word' id='word_1_136' title='bbox 1097 2263 1254 2298; x_wconf 87' lang='lat' dir='ltr'>nemo</span> <span class='ocrx_word' id='word_1_137' title='bbox 1278 2263 1293 2306; x_wconf 78' lang='lat'>3</span> <span class='ocrx_word' id='word_1_138' title='bbox 1322 2263 1386 2296; x_wconf 83' lang='lat' dir='ltr'>ex</span> <span class='ocrx_word' id='word_1_139' title='bbox 1412 2245 1527 2315; x_wconf 85' lang='lat' dir='ltr'>qui·</span> 
     </span>
     <span class='ocr_line' id='line_1_20' title="bbox 512 2323 1522 2395; baseline 0.001 -20"><span class='ocrx_word' id='word_1_140' title='bbox 512 2323 610 2375; x_wconf 88' lang='lat' dir='ltr'>bus</span> <span class='ocrx_word' id='word_1_141' title='bbox 660 2335 859 2395; x_wconf 78' lang='lat' dir='ltr'>septem</span> <span class='ocrx_word' id='word_1_142' title='bbox 906 2323 1107 2379; x_wconf 81' lang='lat' dir='ltr'>medios</span> <span class='ocrx_word' id='word_1_143' title='bbox 1150 2324 1476 2379; x_wconf 79' lang='lat' dir='ltr'>continuavit</span> <span class='ocrx_word' id='word_1_144' title='bbox 1508 2340 1522 2376; x_wconf 74' lang='grc' dir='ltr'><strong><em>ε</em></strong></span> 
     </span>
     <span class='ocr_line' id='line_1_21' title="bbox 510 2404 1526 2474; baseline 0 -20"><span class='ocrx_word' id='word_1_145' title='bbox 510 2422 693 2455; x_wconf 83' lang='lat' dir='ltr'>omncs</span> <span class='ocrx_word' id='word_1_146' title='bbox 748 2416 924 2456; x_wconf 85' lang='lat' dir='ltr'>autem</span> <span class='ocrx_word' id='word_1_147' title='bbox 980 2422 1125 2474; x_wconf 65' lang='lat' dir='ltr'>piene</span> <span class='ocrx_word' id='word_1_148' title='bbox 1170 2404 1321 2456; x_wconf 87' lang='lat' dir='ltr'>titulo</span> <span class='ocrx_word' id='word_1_149' title='bbox 1374 2415 1526 2456; x_wconf 80' lang='lat' dir='ltr'>tenus</span> 
     </span>
     <span class='ocr_line' id='line_1_22' title="bbox 508 2481 1522 2553; baseline 0.002 -20"><span class='ocrx_word' id='word_1_150' title='bbox 508 2481 698 2552; x_wconf 79' lang='lat' dir='ltr'>gessit3</span> <span class='ocrx_word' id='word_1_151' title='bbox 736 2500 837 2534; x_wconf 88' lang='lat' dir='ltr'>nec</span> <span class='ocrx_word' id='word_1_152' title='bbox 879 2500 1197 2553; x_wconf 81' lang='lat' dir='ltr'>quemquam</span> <span class='ocrx_word' id='word_1_153' title='bbox 1244 2483 1379 2535; x_wconf 82' lang='lat' dir='ltr'>ultra</span> <span class='ocrx_word' id='word_1_154' title='bbox 1411 2482 1522 2535; x_wconf 86' lang='lat' dir='ltr'>Ka-</span> 
     </span>
     <span class='ocr_line' id='line_1_23' title="bbox 508 2557 1525 2633; baseline 0.003 -23"><span class='ocrx_word' id='word_1_155' title='bbox 508 2557 697 2633; x_wconf 34' lang='lat' dir='ltr'>lendas·</span> <span class='ocrx_word' id='word_1_156' title='bbox 718 2559 875 2612; x_wconf 82' lang='lat' dir='ltr'>Maii:</span> <span class='ocrx_word' id='word_1_157' title='bbox 902 2562 1076 2631; x_wconf 85' lang='lat' dir='ltr'>plures</span> <span class='ocrx_word' id='word_1_158' title='bbox 1103 2560 1171 2613; x_wconf 89' lang='lat' dir='ltr'>ad</span> <span class='ocrx_word' id='word_1_159' title='bbox 1197 2560 1327 2615; x_wconf 86' lang='lat' dir='ltr'>Idus</span> <span class='ocrx_word' id='word_1_160' title='bbox 1358 2580 1525 2632; x_wconf 87' lang='lat' dir='ltr'>nsque</span> 
     </span>
     <span class='ocr_line' id='line_1_24' title="bbox 509 2637 1521 2711; baseline 0.004 -23"><span class='ocrx_word' id='word_1_161' title='bbox 509 2638 807 2691; x_wconf 79' lang='lat' dir='ltr'>Januarias.</span> <span class='ocrx_word' id='word_1_162' title='bbox 825 2662 845 2683; x_wconf 77' lang='grc' dir='ltr'>ιι</span> <span class='ocrx_word' id='word_1_163' title='bbox 878 2637 1001 2690; x_wconf 81' lang='lat' dir='ltr'>Vid.</span> <span class='ocrx_word' id='word_1_164' title='bbox 1032 2641 1233 2693; x_wconf 82' lang='lat' dir='ltr'>Auson.</span> <span class='ocrx_word' id='word_1_165' title='bbox 1256 2640 1450 2711; x_wconf 82' lang='lat' dir='ltr'>Paneg.</span> <span class='ocrx_word' id='word_1_166' title='bbox 1472 2658 1521 2693; x_wconf 90' lang='lat' dir='ltr'>c.</span> 
     </span>
     <span class='ocr_line' id='line_1_25' title="bbox 510 2716 1526 2789; baseline 0.002 -20"><span class='ocrx_word' id='word_1_167' title='bbox 510 2717 586 2769; x_wconf 84' lang='lat' dir='ltr'>xl</span> <span class='ocrx_word' id='word_1_168' title='bbox 606 2754 621 2779; x_wconf 91' lang='lat'>,</span> <span class='ocrx_word' id='word_1_169' title='bbox 644 2728 691 2775; x_wconf 74' lang='grc'>4.</span> <span class='ocrx_word' id='word_1_170' title='bbox 707 2716 1105 2785; x_wconf 73' lang='lat' dir='ltr'>G.—-Longum.</span> <span class='ocrx_word' id='word_1_171' title='bbox 1124 2720 1258 2771; x_wconf 83' lang='lat' dir='ltr'>Nam</span> <span class='ocrx_word' id='word_1_172' title='bbox 1281 2719 1405 2771; x_wconf 87' lang='lat' dir='ltr'>anni</span> <span class='ocrx_word' id='word_1_173' title='bbox 1433 2737 1526 2789; x_wconf 79' lang='lat' dir='ltr'>per</span> 
     </span>
     <span class='ocr_line' id='line_1_26' title="bbox 509 2794 1528 2869; baseline 0.001 -20"><span class='ocrx_word' id='word_1_174' title='bbox 509 2796 749 2849; x_wconf 85' lang='lat' dir='ltr'>consules</span> <span class='ocrx_word' id='word_1_175' title='bbox 768 2794 1018 2866; x_wconf 79' lang='lat' dir='ltr'>distingui</span> <span class='ocrx_word' id='word_1_176' title='bbox 1045 2797 1183 2849; x_wconf 87' lang='lat' dir='ltr'>soliti</span> <span class='ocrx_word' id='word_1_177' title='bbox 1205 2816 1217 2849; x_wconf 95' lang='lat'>:</span> <span class='ocrx_word' id='word_1_178' title='bbox 1246 2815 1411 2869; x_wconf 87' lang='lat' dir='ltr'>quum</span> <span class='ocrx_word' id='word_1_179' title='bbox 1437 2816 1528 2849; x_wconf 85' lang='lat' dir='ltr'>au-</span> 
     </span>
     <span class='ocr_line' id='line_1_27' title="bbox 508 2874 1526 2947; baseline 0.001 -20"><span class='ocrx_word' id='word_1_180' title='bbox 508 2888 613 2927; x_wconf 86' lang='lat' dir='ltr'>tem</span> <span class='ocrx_word' id='word_1_181' title='bbox 639 2874 725 2927; x_wconf 87' lang='lat' dir='ltr'>ille</span> <span class='ocrx_word' id='word_1_182' title='bbox 757 2894 896 2928; x_wconf 87' lang='lat' dir='ltr'>uuus</span> <span class='ocrx_word' id='word_1_183' title='bbox 914 2874 1115 2947; x_wconf 76' lang='lat' dir='ltr'>sem‘per</span> <span class='ocrx_word' id='word_1_184' title='bbox 1133 2914 1147 2940; x_wconf 91' lang='lat'><strong>‚</strong></span> <span class='ocrx_word' id='word_1_185' title='bbox 1176 2876 1452 2930; x_wconf 76' lang='lat' dir='ltr'>videbatur</span> <span class='ocrx_word' id='word_1_186' title='bbox 1475 2889 1526 2929; x_wconf 88' lang='lat' dir='ltr'>et</span> 
     </span>
     <span class='ocr_line' id='line_1_28' title="bbox 510 2956 1524 3026; baseline 0.001 -19"><span class='ocrx_word' id='word_1_187' title='bbox 510 2974 648 3007; x_wconf 87' lang='lat' dir='ltr'>unus</span> <span class='ocrx_word' id='word_1_188' title='bbox 674 2974 862 3008; x_wconf 87' lang='lat' dir='ltr'>annus.</span> <span class='ocrx_word' id='word_1_189' title='bbox 894 2956 995 3008; x_wconf 84' lang='lat' dir='ltr'>En.</span> <span class='ocrx_word' id='word_1_190' title='bbox 1016 2988 1089 2996; x_wconf 95' lang='lat'>—</span> <span class='ocrx_word' id='word_1_191' title='bbox 1112 2960 1217 3008; x_wconf 78' lang='lat' dir='ltr'>Sibi</span> <span class='ocrx_word' id='word_1_192' title='bbox 1224 2960 1524 3026; x_wconf 75' lang='lat' dir='ltr'>pra-stitisse.</span> 
     </span>
     <span class='ocr_line' id='line_1_29' title="bbox 510 3034 1064 3099; baseline 0.002 -13"><span class='ocrx_word' id='word_1_193' title='bbox 510 3034 637 3087; x_wconf 83' lang='lat' dir='ltr'>vid.</span> <span class='ocrx_word' id='word_1_194' title='bbox 652 3034 882 3087; x_wconf 85' lang='lat' dir='ltr'><strong>XLVIII</strong></span> <span class='ocrx_word' id='word_1_195' title='bbox 897 3072 911 3099; x_wconf 88' lang='lat'>,</span> <span class='ocrx_word' id='word_1_196' title='bbox 931 3055 979 3089; x_wconf 74' lang='lat' dir='ltr'>s.</span> <span class='ocrx_word' id='word_1_197' title='bbox 996 3036 1064 3088; x_wconf 93' lang='lat' dir='ltr'>G.</span> 
     </span>
    </p>

    <p class='ocr_par' dir='ltr' id='par_1_7' title="bbox 506 3115 1526 3645">
     <span class='ocr_line' id='line_1_30' title="bbox 578 3115 1526 3169; baseline 0.005 -5"><span class='ocrx_word' id='word_1_198' title='bbox 578 3144 647 3155; x_wconf 88' lang='lat'>-·-</span> <span class='ocrx_word' id='word_1_199' title='bbox 674 3120 766 3166; x_wconf 82' lang='lat' dir='ltr'>Ter</span> <span class='ocrx_word' id='word_1_200' title='bbox 786 3120 971 3167; x_wconf 81' lang='lat' dir='ltr'>consul.</span> <span class='ocrx_word' id='word_1_201' title='bbox 1001 3116 1077 3169; x_wconf 79' lang='lat' dir='ltr'>De</span> <span class='ocrx_word' id='word_1_202' title='bbox 1104 3119 1163 3167; x_wconf 93' lang='lat' dir='ltr'>C.</span> <span class='ocrx_word' id='word_1_203' title='bbox 1186 3115 1315 3169; x_wconf 75' lang='lat' dir='ltr'>Silio</span> <span class='ocrx_word' id='word_1_204' title='bbox 1341 3116 1526 3169; x_wconf 79' lang='lat' dir='ltr'>Italico</span> 
     </span>
     <span class='ocr_line' id='line_1_31' title="bbox 508 3194 1524 3271; baseline 0.004 -26"><span class='ocrx_word' id='word_1_205' title='bbox 508 3194 805 3266; x_wconf 81' lang='lat' dir='ltr'>suspicatur</span> <span class='ocrx_word' id='word_1_206' title='bbox 824 3194 1069 3266; x_wconf 86' lang='lat' dir='ltr'>Lipsius:</span> <span class='ocrx_word' id='word_1_207' title='bbox 1088 3194 1185 3247; x_wconf 82' lang='lat' dir='ltr'>sed</span> <span class='ocrx_word' id='word_1_208' title='bbox 1206 3196 1524 3271; x_wconf 84' lang='lat' dir='ltr'>suspicatur,</span> 
     </span>
     <span class='ocr_line' id='line_1_32' title="bbox 506 3274 1522 3347; baseline 0.003 -22"><span class='ocrx_word' id='word_1_209' title='bbox 506 3274 633 3345; x_wconf 81' lang='lat' dir='ltr'>quia</span> <span class='ocrx_word' id='word_1_210' title='bbox 654 3274 765 3327; x_wconf 74' lang='lat' dir='ltr'>haec</span> <span class='ocrx_word' id='word_1_211' title='bbox 785 3292 906 3347; x_wconf 79' lang='lat' dir='ltr'>pars</span> <span class='ocrx_word' id='word_1_212' title='bbox 926 3275 1179 3327; x_wconf 83' lang='lat' dir='ltr'>fastorum</span> <span class='ocrx_word' id='word_1_213' title='bbox 1206 3276 1522 3329; x_wconf 85' lang='lat' dir='ltr'>tenebrosa.</span> 
     </span>
     <span class='ocr_line' id='line_1_33' title="bbox 508 3354 1522 3427; baseline 0 -22"><span class='ocrx_word' id='word_1_214' title='bbox 508 3366 561 3405; x_wconf 85' lang='lat' dir='ltr'>et</span> <span class='ocrx_word' id='word_1_215' title='bbox 578 3372 684 3405; x_wconf 85' lang='lat' dir='ltr'>non</span> <span class='ocrx_word' id='word_1_216' title='bbox 704 3354 829 3407; x_wconf 88' lang='lat' dir='ltr'>satis</span> <span class='ocrx_word' id='word_1_217' title='bbox 842 3354 1091 3407; x_wconf 80' lang='lat' dir='ltr'>convenit</span> <span class='ocrx_word' id='word_1_218' title='bbox 1108 3372 1230 3406; x_wconf 86' lang='lat' dir='ltr'>cum</span> <span class='ocrx_word' id='word_1_219' title='bbox 1246 3354 1422 3409; x_wconf 81' lang='lat' dir='ltr'>Nostri</span> <span class='ocrx_word' id='word_1_220' title='bbox 1437 3374 1522 3427; x_wconf 83' lang='lat' dir='ltr'>ep.</span> 
     </span>
     <span class='ocr_line' id='line_1_34' title="bbox 506 3420 1524 3503; baseline 0.005 -20"><span class='ocrx_word' id='word_1_221' title='bbox 506 3432 619 3496; x_wconf 90' lang='lat'>111,</span> <span class='ocrx_word' id='word_1_222' title='bbox 645 3450 705 3503; x_wconf 85' lang='lat'>7,</span> <span class='ocrx_word' id='word_1_223' title='bbox 742 3420 841 3488; x_wconf 86' lang='lat' dir='ltr'>nisi</span> <span class='ocrx_word' id='word_1_224' title='bbox 877 3438 927 3485; x_wconf 81' lang='lat' dir='ltr'>in</span> <span class='ocrx_word' id='word_1_225' title='bbox 963 3449 1135 3485; x_wconf 80' lang='lat' dir='ltr'>senam</span> <span class='ocrx_word' id='word_1_226' title='bbox 1163 3444 1335 3485; x_wconf 86' lang='lat' dir='ltr'>tamen</span> <span class='ocrx_word' id='word_1_227' title='bbox 1364 3434 1524 3488; x_wconf 75' lang='lat' dir='ltr'>fuisse</span> 
     </span>
     <span class='ocr_line' id='line_1_35' title="bbox 506 3510 1522 3605; baseline 0 -40"><span class='ocrx_word' id='word_1_228' title='bbox 506 3512 779 3574; x_wconf 82' lang='lat' dir='ltr'>dicamus,</span> <span class='ocrx_word' id='word_1_229' title='bbox 808 3514 898 3583; x_wconf 87' lang='lat' dir='ltr'>qui</span> <span class='ocrx_word' id='word_1_230' title='bbox 934 3524 1144 3605; x_wconf 47' lang='lat' dir='ltr'>propt-er</span> <span class='ocrx_word' id='word_1_231' title='bbox 1169 3510 1522 3565; x_wconf 76' lang='lat' dir='ltr'>valetudinem</span> 
     </span>
     <span class='ocr_line' id='line_1_36' title="bbox 507 3590 1223 3645; baseline 0 -2"><span class='ocrx_word' id='word_1_232' title='bbox 507 3596 559 3643; x_wconf 77' lang='lat' dir='ltr'>in</span> <span class='ocrx_word' id='word_1_233' title='bbox 580 3596 769 3643; x_wconf 67' lang='lat' dir='ltr'>curiam</span> <span class='ocrx_word' id='word_1_234' title='bbox 786 3610 894 3644; x_wconf 86' lang='lat' dir='ltr'>non</span> <span class='ocrx_word' id='word_1_235' title='bbox 920 3592 1135 3645; x_wconf 78' lang='lat' dir='ltr'>venerit.</span> <span class='ocrx_word' id='word_1_236' title='bbox 1156 3590 1223 3643; x_wconf 91' lang='lat' dir='ltr'>G.</span> 
     </span>
    </p>

    <p class='ocr_par' dir='ltr' id='par_1_8' title="bbox 508 3670 1526 4140">
     <span class='ocr_line' id='line_1_37' title="bbox 582 3670 1522 3743; baseline 0.002 -20"><span class='ocrx_word' id='word_1_237' title='bbox 582 3690 631 3723; x_wconf 74' lang='lat' dir='ltr'>a.</span> <span class='ocrx_word' id='word_1_238' title='bbox 665 3676 969 3723; x_wconf 78' lang='lat' dir='ltr'>onerosum..</span> <span class='ocrx_word' id='word_1_239' title='bbox 984 3708 997 3721; x_wconf 83' lang='lat'><strong>.</strong></span> <span class='ocrx_word' id='word_1_240' title='bbox 1021 3710 1032 3722; x_wconf 93' lang='lat'><strong>.</strong></span> <span class='ocrx_word' id='word_1_241' title='bbox 1047 3687 1174 3723; x_wconf 76' lang='lat' dir='ltr'>tuus.</span> <span class='ocrx_word' id='word_1_242' title='bbox 1194 3670 1318 3722; x_wconf 71' lang='lat' dir='ltr'>Haec</span> <span class='ocrx_word' id='word_1_243' title='bbox 1340 3674 1522 3743; x_wconf 64' lang='grc' dir='ltr'><strong>ἐρωτη-</strong></span> 
     </span>
     <span class='ocr_line' id='line_1_38' title="bbox 508 3748 1524 3823; baseline 0 -20"><span class='ocrx_word' id='word_1_244' title='bbox 508 3758 727 3823; x_wconf 53' lang='lat' dir='ltr'>fia-reme</span> <span class='ocrx_word' id='word_1_245' title='bbox 772 3748 1107 3821; x_wconf 80' lang='lat' dir='ltr'>intelligenda</span> <span class='ocrx_word' id='word_1_246' title='bbox 1149 3768 1261 3803; x_wconf 82' lang='lat' dir='ltr'>esse</span> <span class='ocrx_word' id='word_1_247' title='bbox 1306 3750 1524 3820; x_wconf 80' lang='lat' dir='ltr'>pulchre</span> 
     </span>
     <span class='ocr_line' id='line_1_39' title="bbox 508 3828 1524 3884; baseline 0.001 -4"><span class='ocrx_word' id='word_1_248' title='bbox 508 3829 715 3881; x_wconf 87' lang='lat' dir='ltr'>monuit</span> <span class='ocrx_word' id='word_1_249' title='bbox 732 3828 781 3879; x_wconf 83' lang='lat' dir='ltr'>J.</span> <span class='ocrx_word' id='word_1_250' title='bbox 801 3830 865 3881; x_wconf 83' lang='lat' dir='ltr'>A.</span> <span class='ocrx_word' id='word_1_251' title='bbox 881 3830 1167 3882; x_wconf 84' lang='lat' dir='ltr'>Ernestius.</span> <span class='ocrx_word' id='word_1_252' title='bbox 1192 3830 1246 3884; x_wconf 91' lang='lat' dir='ltr'>S.</span> <span class='ocrx_word' id='word_1_253' title='bbox 1262 3834 1524 3881; x_wconf 79' lang='lat' dir='ltr'>——Onero-</span> 
     </span>
     <span class='ocr_line' id='line_1_40' title="bbox 508 3910 1526 3977; baseline 0.003 -19"><span class='ocrx_word' id='word_1_254' title='bbox 508 3927 613 3959; x_wconf 78' lang='lat' dir='ltr'>sum</span> <span class='ocrx_word' id='word_1_255' title='bbox 644 3910 801 3959; x_wconf 72' lang='lat' dir='ltr'>nescio</span> <span class='ocrx_word' id='word_1_256' title='bbox 822 3912 945 3975; x_wconf 75' lang='lat' dir='ltr'>quid</span> <span class='ocrx_word' id='word_1_257' title='bbox 954 3946 1105 3960; x_wconf 91' lang='grc'><strong>.....</strong></span> <span class='ocrx_word' id='word_1_258' title='bbox 1116 3911 1304 3977; x_wconf 77' lang='lat' dir='ltr'>quoties</span> <span class='ocrx_word' id='word_1_259' title='bbox 1332 3924 1526 3961; x_wconf 77' lang='lat' dir='ltr'>senator</span> 
     </span>
     <span class='ocr_line' id='line_1_41' title="bbox 510 3990 1522 4055; baseline 0.002 -18"><span class='ocrx_word' id='word_1_260' title='bbox 510 4004 617 4038; x_wconf 79' lang='lat' dir='ltr'>mus</span> <span class='ocrx_word' id='word_1_261' title='bbox 632 4008 650 4037; x_wconf 85' lang='lat'>.·</span> <span class='ocrx_word' id='word_1_262' title='bbox 675 3990 826 4038; x_wconf 75' lang='lat' dir='ltr'>nimia</span> <span class='ocrx_word' id='word_1_263' title='bbox 848 3992 1085 4040; x_wconf 77' lang='lat' dir='ltr'>modestia</span> <span class='ocrx_word' id='word_1_264' title='bbox 1103 3993 1235 4041; x_wconf 77' lang='lat' dir='ltr'>istud</span> <span class='ocrx_word' id='word_1_265' title='bbox 1252 3992 1399 4040; x_wconf 76' lang='lat' dir='ltr'>etiam</span> <span class='ocrx_word' id='word_1_266' title='bbox 1417 3992 1522 4055; x_wconf 75' lang='lat' dir='ltr'>pri·</span> 
     </span>
     <span class='ocr_line' id='line_1_42' title="bbox 510 4068 1520 4140; baseline 0 -19"><span class='ocrx_word' id='word_1_267' title='bbox 510 4082 645 4121; x_wconf 73' lang='lat' dir='ltr'>ratus</span> <span class='ocrx_word' id='word_1_268' title='bbox 687 4086 965 4121; x_wconf 69' lang='lat' dir='ltr'>recusasse-s.</span> <span class='ocrx_word' id='word_1_269' title='bbox 1006 4068 1067 4119; x_wconf 87' lang='lat' dir='ltr'>In</span> <span class='ocrx_word' id='word_1_270' title='bbox 1111 4068 1211 4121; x_wconf 84' lang='lat' dir='ltr'>hac</span> <span class='ocrx_word' id='word_1_271' title='bbox 1266 4068 1520 4140; x_wconf 56' lang='lat' dir='ltr'>{articula</span> 
     </span>
    </p>
   </div>
   <div class='ocr_carea' id='block_1_7' title="bbox 1608 2083 2632 4137">
    <p class='ocr_par' dir='ltr' id='par_1_9' title="bbox 1609 2083 2632 3485">
     <span class='ocr_line' id='line_1_43' title="bbox 1613 2083 2628 2156; baseline -0.002 -18"><span class='ocrx_word' id='word_1_272' title='bbox 1613 2086 1717 2156; x_wconf 86' lang='lat' dir='ltr'>aliq</span> <span class='ocrx_word' id='word_1_273' title='bbox 1726 2085 1815 2139; x_wconf 89' lang='lat' dir='ltr'>uid</span> <span class='ocrx_word' id='word_1_274' title='bbox 1833 2086 1955 2138; x_wconf 84' lang='lat' dir='ltr'>duri</span> <span class='ocrx_word' id='word_1_275' title='bbox 1968 2098 2018 2139; x_wconf 88' lang='lat' dir='ltr'>et</span> <span class='ocrx_word' id='word_1_276' title='bbox 2035 2085 2208 2140; x_wconf 78' lang='lat' dir='ltr'>scabri</span> <span class='ocrx_word' id='word_1_277' title='bbox 2218 2086 2386 2139; x_wconf 82' lang='lat' dir='ltr'>inesse</span> <span class='ocrx_word' id='word_1_278' title='bbox 2403 2083 2628 2138; x_wconf 78' lang='lat' dir='ltr'>videtur.</span> 
     </span>
     <span class='ocr_line' id='line_1_44' title="bbox 1613 2163 2631 2230; baseline -0.001 -13"><span class='ocrx_word' id='word_1_279' title='bbox 1613 2164 1846 2230; x_wconf 86' lang='lat' dir='ltr'>Quidam</span> <span class='ocrx_word' id='word_1_280' title='bbox 1873 2163 2144 2217; x_wconf 82' lang='lat' dir='ltr'>molliendi</span> <span class='ocrx_word' id='word_1_281' title='bbox 2167 2183 2350 2217; x_wconf 82' lang='lat' dir='ltr'>caussa</span> <span class='ocrx_word' id='word_1_282' title='bbox 2381 2163 2440 2216; x_wconf 85' lang='lat' dir='ltr'>in</span> <span class='ocrx_word' id='word_1_283' title='bbox 2468 2163 2631 2216; x_wconf 79' lang='lat' dir='ltr'>altem</span> 
     </span>
     <span class='ocr_line' id='line_1_45' title="bbox 1613 2241 2629 2303; baseline -0.004 -7"><span class='ocrx_word' id='word_1_284' title='bbox 1613 2244 1852 2296; x_wconf 79' lang='lat' dir='ltr'>memhro</span> <span class='ocrx_word' id='word_1_285' title='bbox 1885 2243 2013 2296; x_wconf 76' lang='lat' dir='ltr'>addi</span> <span class='ocrx_word' id='word_1_286' title='bbox 2050 2242 2235 2296; x_wconf 85' lang='lat' dir='ltr'>volunt</span> <span class='ocrx_word' id='word_1_287' title='bbox 2269 2263 2381 2294; x_wconf 80' lang='lat' dir='ltr'>cum</span> <span class='ocrx_word' id='word_1_288' title='bbox 2399 2263 2420 2303; x_wconf 84' lang='lat'>‚-</span> <span class='ocrx_word' id='word_1_289' title='bbox 2453 2261 2550 2295; x_wconf 88' lang='lat' dir='ltr'>nec</span> <span class='ocrx_word' id='word_1_290' title='bbox 2577 2241 2629 2293; x_wconf 85' lang='lat' dir='ltr'>id</span> 
     </span>
     <span class='ocr_line' id='line_1_46' title="bbox 1611 2319 2631 2396; baseline 0 -21"><span class='ocrx_word' id='word_1_291' title='bbox 1611 2322 1848 2396; x_wconf 88' lang='lat' dir='ltr'>displicet</span> <span class='ocrx_word' id='word_1_292' title='bbox 1871 2323 2200 2377; x_wconf 73' lang='lat' dir='ltr'>Schwarvio:</span> <span class='ocrx_word' id='word_1_293' title='bbox 2241 2322 2336 2377; x_wconf 87' lang='lat' dir='ltr'>sed</span> <span class='ocrx_word' id='word_1_294' title='bbox 2367 2319 2424 2375; x_wconf 89' lang='lat' dir='ltr'>id</span> <span class='ocrx_word' id='word_1_295' title='bbox 2469 2323 2631 2377; x_wconf 74' lang='lat' dir='ltr'>libros</span> 
     </span>
     <span class='ocr_line' id='line_1_47' title="bbox 1613 2402 2631 2473; baseline -0.002 -18"><span class='ocrx_word' id='word_1_296' title='bbox 1613 2416 1854 2457; x_wconf 78' lang='lat' dir='ltr'>auctores</span> <span class='ocrx_word' id='word_1_297' title='bbox 1887 2422 1994 2455; x_wconf 84' lang='lat' dir='ltr'>non</span> <span class='ocrx_word' id='word_1_298' title='bbox 2035 2403 2212 2456; x_wconf 84' lang='lat' dir='ltr'>habet.</span> <span class='ocrx_word' id='word_1_299' title='bbox 2245 2402 2356 2458; x_wconf 86' lang='lat' dir='ltr'>Nec</span> <span class='ocrx_word' id='word_1_300' title='bbox 2393 2402 2631 2473; x_wconf 83' lang='lat' dir='ltr'>profecto</span> 
     </span>
     <span class='ocr_line' id='line_1_48' title="bbox 1613 2480 2632 2535; baseline 0 0"><span class='ocrx_word' id='word_1_301' title='bbox 1613 2482 1680 2535; x_wconf 88' lang='lat' dir='ltr'>de</span> <span class='ocrx_word' id='word_1_302' title='bbox 1705 2482 1859 2535; x_wconf 88' lang='lat' dir='ltr'>Plinii</span> <span class='ocrx_word' id='word_1_303' title='bbox 1873 2502 2019 2535; x_wconf 84' lang='lat' dir='ltr'>more</span> <span class='ocrx_word' id='word_1_304' title='bbox 2039 2482 2390 2535; x_wconf 82' lang='lat' dir='ltr'>necessarium</span> <span class='ocrx_word' id='word_1_305' title='bbox 2413 2492 2510 2533; x_wconf 85' lang='lat' dir='ltr'>est.</span> <span class='ocrx_word' id='word_1_306' title='bbox 2529 2480 2632 2535; x_wconf 85' lang='lat' dir='ltr'>Sed</span> 
     </span>
     <span class='ocr_line' id='line_1_49' title="bbox 1613 2559 2632 2635; baseline -0.002 -20"><span class='ocrx_word' id='word_1_307' title='bbox 1613 2563 1769 2615; x_wconf 84' lang='lat' dir='ltr'>etiam</span> <span class='ocrx_word' id='word_1_308' title='bbox 1795 2563 1850 2614; x_wconf 88' lang='lat' dir='ltr'>in</span> <span class='ocrx_word' id='word_1_309' title='bbox 1877 2562 2053 2635; x_wconf 82' lang='lat' dir='ltr'>primo</span> <span class='ocrx_word' id='word_1_310' title='bbox 2091 2562 2328 2613; x_wconf 77' lang='lat' dir='ltr'>membro</span> <span class='ocrx_word' id='word_1_311' title='bbox 2357 2561 2502 2613; x_wconf 83' lang='lat' dir='ltr'>soleo</span> <span class='ocrx_word' id='word_1_312' title='bbox 2527 2559 2632 2613; x_wconf 65' lang='lat' dir='ltr'>he·</span> 
     </span>
     <span class='ocr_line' id='line_1_50' title="bbox 1609 2642 2630 2707; baseline -0.003 -13"><span class='ocrx_word' id='word_1_313' title='bbox 1609 2660 1745 2694; x_wconf 79' lang='lat' dir='ltr'>rere.</span> <span class='ocrx_word' id='word_1_314' title='bbox 1778 2648 2044 2693; x_wconf 72' lang='lat' dir='ltr'>Ornet-osum</span> <span class='ocrx_word' id='word_1_315' title='bbox 2081 2644 2241 2693; x_wconf 76' lang='lat' dir='ltr'>nescio</span> <span class='ocrx_word' id='word_1_316' title='bbox 2281 2642 2408 2707; x_wconf 86' lang='lat' dir='ltr'>quid</span> <span class='ocrx_word' id='word_1_317' title='bbox 2433 2678 2448 2703; x_wconf 90' lang='lat'>,</span> <span class='ocrx_word' id='word_1_318' title='bbox 2489 2652 2630 2693; x_wconf 76' lang='lat' dir='ltr'>extra</span> 
     </span>
     <span class='ocr_line' id='line_1_51' title="bbox 1611 2716 2632 2793; baseline -0.002 -21"><span class='ocrx_word' id='word_1_319' title='bbox 1611 2732 1908 2773; x_wconf 78' lang='lat' dir='ltr'>contextum</span> <span class='ocrx_word' id='word_1_320' title='bbox 1931 2719 2163 2793; x_wconf 83' lang='lat' dir='ltr'>intelligo</span> <span class='ocrx_word' id='word_1_321' title='bbox 2185 2737 2198 2773; x_wconf 74' lang='grc' dir='ltr'><strong><em>ε</em></strong></span> <span class='ocrx_word' id='word_1_322' title='bbox 2225 2736 2416 2788; x_wconf 86' lang='lat' dir='ltr'>nempe</span> <span class='ocrx_word' id='word_1_323' title='bbox 2435 2730 2516 2771; x_wconf 86' lang='lat' dir='ltr'>est</span> <span class='ocrx_word' id='word_1_324' title='bbox 2541 2716 2632 2770; x_wconf 70' lang='lat' dir='ltr'>illa</span> 
     </span>
     <span class='ocr_line' id='line_1_52' title="bbox 1615 2796 2631 2868; baseline -0.003 -17"><span class='ocrx_word' id='word_1_325' title='bbox 1615 2800 1840 2853; x_wconf 75' lang='lat' dir='ltr'>formula</span> <span class='ocrx_word' id='word_1_326' title='bbox 1859 2800 1935 2852; x_wconf 88' lang='lat' dir='ltr'>rei</span> <span class='ocrx_word' id='word_1_327' title='bbox 1948 2800 2054 2851; x_wconf 88' lang='lat' dir='ltr'>min</span> <span class='ocrx_word' id='word_1_328' title='bbox 2061 2796 2261 2851; x_wconf 78' lang='lat' dir='ltr'>uendae.</span> <span class='ocrx_word' id='word_1_329' title='bbox 2274 2798 2352 2850; x_wconf 81' lang='lat' dir='ltr'>Ea</span> <span class='ocrx_word' id='word_1_330' title='bbox 2361 2796 2631 2868; x_wconf 84' lang='lat' dir='ltr'>quomodo</span> 
     </span>
     <span class='ocr_line' id='line_1_53' title="bbox 1610 2877 2630 2951; baseline -0.004 -20"><span class='ocrx_word' id='word_1_331' title='bbox 1610 2879 1700 2931; x_wconf 87' lang='lat' dir='ltr'>hic</span> <span class='ocrx_word' id='word_1_332' title='bbox 1711 2892 1832 2951; x_wconf 81' lang='lat' dir='ltr'>apta</span> <span class='ocrx_word' id='word_1_333' title='bbox 1847 2880 1941 2942; x_wconf 86' lang='lat' dir='ltr'>sit,</span> <span class='ocrx_word' id='word_1_334' title='bbox 1953 2898 2061 2931; x_wconf 84' lang='lat' dir='ltr'>uon</span> <span class='ocrx_word' id='word_1_335' title='bbox 2083 2878 2209 2931; x_wconf 86' lang='lat' dir='ltr'>satis</span> <span class='ocrx_word' id='word_1_336' title='bbox 2219 2877 2396 2931; x_wconf 81' lang='lat' dir='ltr'>video.</span> <span class='ocrx_word' id='word_1_337' title='bbox 2415 2878 2630 2942; x_wconf 86' lang='lat' dir='ltr'>Quanto</span> 
     </span>
     <span class='ocr_line' id='line_1_54' title="bbox 1611 2956 2628 3020; baseline -0.006 -9"><span class='ocrx_word' id='word_1_338' title='bbox 1611 2959 1810 3011; x_wconf 82' lang='lat' dir='ltr'>facilior</span> <span class='ocrx_word' id='word_1_339' title='bbox 1843 2971 1978 3013; x_wconf 84' lang='lat' dir='ltr'>esset</span> <span class='ocrx_word' id='word_1_340' title='bbox 2003 2958 2174 3010; x_wconf 86' lang='lat' dir='ltr'>oratio</span> <span class='ocrx_word' id='word_1_341' title='bbox 2201 2995 2218 3020; x_wconf 86' lang='lat'>,</span> <span class='ocrx_word' id='word_1_342' title='bbox 2243 2956 2286 3009; x_wconf 88' lang='lat' dir='ltr'>si</span> <span class='ocrx_word' id='word_1_343' title='bbox 2312 2968 2448 3011; x_wconf 82' lang='lat' dir='ltr'>esset</span> <span class='ocrx_word' id='word_1_344' title='bbox 2475 2974 2490 3007; x_wconf 92' lang='lat'><strong>:</strong></span> <span class='ocrx_word' id='word_1_345' title='bbox 2521 2976 2628 3008; x_wconf 74' lang='lat' dir='ltr'>one-</span> 
     </span>
     <span class='ocr_line' id='line_1_55' title="bbox 1609 3034 2629 3105; baseline -0.002 -17"><span class='ocrx_word' id='word_1_346' title='bbox 1609 3057 1771 3089; x_wconf 79' lang='lat' dir='ltr'>rosum</span> <span class='ocrx_word' id='word_1_347' title='bbox 1804 3034 1937 3105; x_wconf 77' lang='lat' dir='ltr'>quid.</span> <span class='ocrx_word' id='word_1_348' title='bbox 1954 3073 1967 3088; x_wconf 86' lang='lat'><strong>.</strong></span> <span class='ocrx_word' id='word_1_349' title='bbox 1989 3073 2001 3088; x_wconf 85' lang='lat'><strong>.</strong></span> <span class='ocrx_word' id='word_1_350' title='bbox 2025 3052 2246 3088; x_wconf 65' lang='lat' dir='ltr'>..senator</span> <span class='ocrx_word' id='word_1_351' title='bbox 2279 3052 2388 3088; x_wconf 73' lang='grc' dir='ltr'><strong>ωτι-ς</strong></span> <span class='ocrx_word' id='word_1_352' title='bbox 2408 3044 2438 3085; x_wconf 71' lang='lat'>‚³</span> <span class='ocrx_word' id='word_1_353' title='bbox 2461 3039 2629 3087; x_wconf 75' lang='lat' dir='ltr'>Nimia</span> 
     </span>
     <span class='ocr_line' id='line_1_56' title="bbox 1611 3115 2628 3177; baseline -0.002 -10"><span class='ocrx_word' id='word_1_354' title='bbox 1611 3119 1846 3169; x_wconf 75' lang='lat' dir='ltr'>modestia</span> <span class='ocrx_word' id='word_1_355' title='bbox 1867 3155 1882 3177; x_wconf 93' lang='lat'>‚</span> <span class='ocrx_word' id='word_1_356' title='bbox 1921 3128 2022 3168; x_wconf 85' lang='lat' dir='ltr'>etc.</span> <span class='ocrx_word' id='word_1_357' title='bbox 2067 3115 2122 3169; x_wconf 84' lang='lat' dir='ltr'>Si</span> <span class='ocrx_word' id='word_1_358' title='bbox 2159 3128 2334 3169; x_wconf 82' lang='lat' dir='ltr'>tamen</span> <span class='ocrx_word' id='word_1_359' title='bbox 2375 3134 2628 3167; x_wconf 67' lang='lat' dir='ltr'>onor-osma</span> 
     </span>
     <span class='ocr_line' id='line_1_57' title="bbox 1610 3195 2626 3268; baseline -0.002 -21"><span class='ocrx_word' id='word_1_360' title='bbox 1610 3199 1770 3248; x_wconf 75' lang='lat' dir='ltr'>nescio</span> <span class='ocrx_word' id='word_1_361' title='bbox 1793 3198 1919 3264; x_wconf 83' lang='lat' dir='ltr'>quid</span> <span class='ocrx_word' id='word_1_362' title='bbox 1931 3195 2220 3268; x_wconf 79' lang='lat' dir='ltr'>accipimus</span> <span class='ocrx_word' id='word_1_363' title='bbox 2239 3234 2256 3257; x_wconf 92' lang='lat'><em>‚</em></span> <span class='ocrx_word' id='word_1_364' title='bbox 2287 3198 2484 3263; x_wconf 71' lang='lat' dir='ltr'>aliquid</span> <span class='ocrx_word' id='word_1_365' title='bbox 2512 3215 2626 3246; x_wconf 76' lang='lat' dir='ltr'>one-</span> 
     </span>
     <span class='ocr_line' id='line_1_58' title="bbox 1609 3274 2629 3347; baseline 0 -22"><span class='ocrx_word' id='word_1_366' title='bbox 1609 3278 1676 3326; x_wconf 81' lang='lat' dir='ltr'>ris</span> <span class='ocrx_word' id='word_1_367' title='bbox 1701 3312 1716 3339; x_wconf 89' lang='lat'><strong>,</strong></span> <span class='ocrx_word' id='word_1_368' title='bbox 1744 3274 1888 3347; x_wconf 84' lang='lat' dir='ltr'>quod</span> <span class='ocrx_word' id='word_1_369' title='bbox 1929 3274 2054 3327; x_wconf 81' lang='lat' dir='ltr'>ferri</span> <span class='ocrx_word' id='word_1_370' title='bbox 2083 3294 2236 3347; x_wconf 84' lang='lat' dir='ltr'>posse</span> <span class='ocrx_word' id='word_1_371' title='bbox 2269 3292 2376 3327; x_wconf 88' lang='lat' dir='ltr'>non</span> <span class='ocrx_word' id='word_1_372' title='bbox 2409 3276 2629 3327; x_wconf 86' lang='lat' dir='ltr'>omnino</span> 
     </span>
     <span class='ocr_line' id='line_1_59' title="bbox 1609 3354 2630 3425; baseline 0.001 -19"><span class='ocrx_word' id='word_1_373' title='bbox 1609 3354 1908 3425; x_wconf 81' lang='lat' dir='ltr'>negaverim</span> <span class='ocrx_word' id='word_1_374' title='bbox 1933 3392 1948 3417; x_wconf 91' lang='lat'>,</span> <span class='ocrx_word' id='word_1_375' title='bbox 1988 3366 2167 3406; x_wconf 83' lang='lat' dir='ltr'>tamen</span> <span class='ocrx_word' id='word_1_376' title='bbox 2205 3372 2298 3425; x_wconf 82' lang='lat' dir='ltr'>per</span> <span class='ocrx_word' id='word_1_377' title='bbox 2341 3354 2630 3423; x_wconf 78' lang='lat' dir='ltr'>interroga·</span> 
     </span>
     <span class='ocr_line' id='line_1_60' title="bbox 1609 3431 2625 3485; baseline -0.001 -1"><span class='ocrx_word' id='word_1_378' title='bbox 1609 3432 1804 3485; x_wconf 87' lang='lat' dir='ltr'>tionem</span> <span class='ocrx_word' id='word_1_379' title='bbox 1825 3432 2159 3485; x_wconf 82' lang='lat' dir='ltr'>enuncianda</span> <span class='ocrx_word' id='word_1_380' title='bbox 2187 3446 2262 3485; x_wconf 84' lang='lat' dir='ltr'>est</span> <span class='ocrx_word' id='word_1_381' title='bbox 2281 3431 2470 3484; x_wconf 83' lang='lat' dir='ltr'>oratio.</span> <span class='ocrx_word' id='word_1_382' title='bbox 2491 3432 2625 3484; x_wconf 72' lang='lat' dir='ltr'>Eu.</span> 
     </span>
    </p>

    <p class='ocr_par' dir='ltr' id='par_1_10' title="bbox 1609 3508 2630 3664">
     <span class='ocr_line' id='line_1_61' title="bbox 1681 3508 2630 3583; baseline -0.005 -16"><span class='ocrx_word' id='word_1_383' title='bbox 1681 3514 1733 3567; x_wconf 82' lang='lat'>3.</span> <span class='ocrx_word' id='word_1_384' title='bbox 1751 3514 2034 3564; x_wconf 68' lang='lat' dir='ltr'>Adscendit.</span> <span class='ocrx_word' id='word_1_385' title='bbox 2047 3512 2286 3583; x_wconf 76' lang='lat' dir='ltr'>Augetur</span> <span class='ocrx_word' id='word_1_386' title='bbox 2300 3508 2558 3583; x_wconf 76' lang='lat' dir='ltr'>dignitate</span> <span class='ocrx_word' id='word_1_387' title='bbox 2579 3523 2630 3563; x_wconf 89' lang='lat' dir='ltr'>et</span> 
     </span>
     <span class='ocr_line' id='line_1_62' title="bbox 1609 3592 1876 3664; baseline -0.007 -19"><span class='ocrx_word' id='word_1_388' title='bbox 1609 3592 1790 3664; x_wconf 77' lang='lat' dir='ltr'>gloria.</span> <span class='ocrx_word' id='word_1_389' title='bbox 1813 3592 1876 3643; x_wconf 89' lang='lat' dir='ltr'>E.</span> 
     </span>
    </p>

    <p class='ocr_par' dir='ltr' id='par_1_11' title="bbox 1608 3668 2630 4137">
     <span class='ocr_line' id='line_1_63' title="bbox 1681 3668 2630 3739; baseline -0.003 -15"><span class='ocrx_word' id='word_1_390' title='bbox 1681 3688 1733 3732; x_wconf 73' lang='grc'>4.</span> <span class='ocrx_word' id='word_1_391' title='bbox 1767 3674 1971 3739; x_wconf 73' lang='lat' dir='ltr'>Aperite</span> <span class='ocrx_word' id='word_1_392' title='bbox 2007 3690 2210 3723; x_wconf 58' lang='lat' dir='ltr'>ansteum.</span> <span class='ocrx_word' id='word_1_393' title='bbox 2242 3668 2496 3723; x_wconf 73' lang='lat' dir='ltr'>Kalendis</span> <span class='ocrx_word' id='word_1_394' title='bbox 2539 3670 2630 3722; x_wconf 76' lang='lat' dir='ltr'>Ja-</span> 
     </span>
     <span class='ocr_line' id='line_1_64' title="bbox 1609 3750 2630 3821; baseline -0.002 -18"><span class='ocrx_word' id='word_1_395' title='bbox 1609 3750 1808 3804; x_wconf 85' lang='lat' dir='ltr'>nuariis</span> <span class='ocrx_word' id='word_1_396' title='bbox 1827 3751 2154 3803; x_wconf 82' lang='lat' dir='ltr'>consulatum</span> <span class='ocrx_word' id='word_1_397' title='bbox 2177 3766 2356 3821; x_wconf 71' lang='lat' dir='ltr'>gerere</span> <span class='ocrx_word' id='word_1_398' title='bbox 2373 3786 2390 3811; x_wconf 86' lang='lat'><strong>,</strong></span> <span class='ocrx_word' id='word_1_399' title='bbox 2410 3766 2630 3802; x_wconf 85' lang='lat' dir='ltr'>annum·</span> 
     </span>
     <span class='ocr_line' id='line_1_65' title="bbox 1608 3827 2628 3904; baseline -0.004 -22"><span class='ocrx_word' id='word_1_400' title='bbox 1608 3850 1714 3904; x_wconf 86' lang='lat' dir='ltr'>que</span> <span class='ocrx_word' id='word_1_401' title='bbox 1735 3850 1799 3884; x_wconf 91' lang='lat' dir='ltr'>eo</span> <span class='ocrx_word' id='word_1_402' title='bbox 1821 3830 2121 3903; x_wconf 83' lang='lat' dir='ltr'>appellare:</span> <span class='ocrx_word' id='word_1_403' title='bbox 2146 3828 2464 3901; x_wconf 85' lang='lat' dir='ltr'>deponendo</span> <span class='ocrx_word' id='word_1_404' title='bbox 2483 3827 2628 3879; x_wconf 88' lang='lat' dir='ltr'>dein·</span> 
     </span>
     <span class='ocr_line' id='line_1_66' title="bbox 1609 3906 2628 3973; baseline -0.002 -12"><span class='ocrx_word' id='word_1_405' title='bbox 1609 3908 1678 3962; x_wconf 83' lang='lat' dir='ltr'>de</span> <span class='ocrx_word' id='word_1_406' title='bbox 1695 3950 1710 3973; x_wconf 95' lang='lat'>,</span> <span class='ocrx_word' id='word_1_407' title='bbox 1735 3920 1786 3961; x_wconf 85' lang='lat' dir='ltr'>et</span> <span class='ocrx_word' id='word_1_408' title='bbox 1811 3908 2118 3963; x_wconf 86' lang='lat' dir='ltr'>mandando</span> <span class='ocrx_word' id='word_1_409' title='bbox 2137 3908 2394 3961; x_wconf 77' lang='lat' dir='ltr'>suffectis.</span> <span class='ocrx_word' id='word_1_410' title='bbox 2411 3906 2542 3960; x_wconf 83' lang='lat' dir='ltr'>vid.</span> <span class='ocrx_word' id='word_1_411' title='bbox 2561 3906 2628 3959; x_wconf 82' lang='lat' dir='ltr'>ad</span> 
     </span>
     <span class='ocr_line' id='line_1_67' title="bbox 1612 3984 2626 4059; baseline -0.005 -18"><span class='ocrx_word' id='word_1_412' title='bbox 1612 4007 1651 4041; x_wconf 83' lang='lat' dir='ltr'>s.</span> <span class='ocrx_word' id='word_1_413' title='bbox 1675 3989 1720 4040; x_wconf 92' lang='grc' dir='ltr'>Ι.</span> <span class='ocrx_word' id='word_1_414' title='bbox 1754 3988 1890 4041; x_wconf 85' lang='lat' dir='ltr'>Hinc</span> <span class='ocrx_word' id='word_1_415' title='bbox 1917 3986 2289 4059; x_wconf 83' lang='lat' dir='ltr'>intelligimus,</span> <span class='ocrx_word' id='word_1_416' title='bbox 2315 3984 2451 4059; x_wconf 87' lang='lat' dir='ltr'>quid</span> <span class='ocrx_word' id='word_1_417' title='bbox 2483 3987 2546 4037; x_wconf 87' lang='lat' dir='ltr'>sit</span> <span class='ocrx_word' id='word_1_418' title='bbox 2583 4004 2626 4036; x_wconf 83' lang='lat' dir='ltr'>s.</span> 
     </span>
     <span class='ocr_line' id='line_1_68' title="bbox 1609 4068 2627 4137; baseline -0.003 -19"><span class='ocrx_word' id='word_1_419' title='bbox 1609 4068 1682 4130; x_wconf 87' lang='lat' dir='ltr'>V,</span> <span class='ocrx_word' id='word_1_420' title='bbox 1700 4082 2020 4136; x_wconf 78' lang='lat' dir='ltr'>proecerpeum</span> <span class='ocrx_word' id='word_1_421' title='bbox 2039 4082 2086 4119; x_wconf 80' lang='lat' dir='ltr'>ee</span> <span class='ocrx_word' id='word_1_422' title='bbox 2104 4070 2446 4137; x_wconf 73' lang='lat' dir='ltr'>praefhratum</span> <span class='ocrx_word' id='word_1_423' title='bbox 2469 4068 2627 4117; x_wconf 73' lang='lat' dir='ltr'>decus.</span> 
     </span>
    </p>
   </div>
  </div>
 </body>
</html>
