2857 4690
274 415 2415 456 mmmmmmmmssmmm

926 711 1764 836 GIERIGII

758 981 1744 1088 EXCURSUS
1836 981 1913 1084 I.

1288 1211 1397 1280 IN

340 1397 1027 1554 PLlNll
1151 1425 2312 1556 EPISTOLAS

1284 1696 1387 1740 DE

434 1841 1415 1934 REC'ITATIONIBUS
1471 1849 2242 1932 ROMANORUM.

272 2315 371 2423 In
405 2352 631 2423 locum
658 2351 747 2421 de
762 2352 1274 2423 recitationibus
1300 2353 1776 2423 Romanorum
1803 2374 2236 2436 excursuruS,
2253 2378 2419 2445 qua-

268 2488 415 2533 rum
454 2460 706 2533 crebro'
734 2464 805 2531 in
850 2460 1053 2531 Plinii
1088 2460 1389 2556 epistolis
1432 2462 1512 2533 fit
1547 2464 1833 2550 mentio,
1887 2486 2008 2533 eos
2059 2464 2228 2533 mihi
2273 2479 2416 2533 ter-

268 2575 487 2643 minos
526 2573 763 2667 posui,
796 2586 873 2641 ut
910 2596 1049 2641 non
1087 2586 1225 2641 tam
1266 2571 1478 2641 multa
1513 2570 1916 2657 multorum,
1953 2596 2158 2666 quam
2203 2573 2418 2643 nostri
2549 2560 2556 2572 ’

270 2682 493 2776 potius
519 2683 819 2753 auctoris
845 2681 991 2753 loca
1018 2706 1522 2776 componerem,
1551 2706 1769 2776 pauca
1793 2682 1878 2753 de
1901 2708 2134 2753 earum
2153 2684 2418 2780 origine

273 2820 715 2887 successuque
753 2792 1088 2887 praefatus.
1132 2795 1325 2880 Scio,
1358 2796 1431 2861 V
1424 2800 1678 2865 ossium
1717 2807 1980 2888 patrem
2009 2794 2416 2887 peculiarem

274 2904 351 2974 de
392 2904 933 2975 Recitationibus
966 2907 1293 2975 Veterum
1343 2903 1646 2975 libellum
1694 2906 2038 3001 scripsisse
2058 2958 2080 2991 ‚
2117 2904 2419 2999 aliosque

276 3016 451 3085 viros
497 3014 735 3085 doctos
780 3014 1000 3085 obiter
1058 3015 1131 3083 in
1188 3014 1458 3108 scriptis
1513 3014 1652 3083 suis
1709 3014 1887 3083 idem
1942 3027 2418 3109 argumentum

276 3140 627 3211 tractasse;
658 3124 781 3195 sed
826 3124 995 3197 nihil
1041 3124 1285 3195 horum
1324 3123 1526 3212 mihi,
1568 3148 1780 3218 quum
1837 3126 1980 3195 haec
2022 3124 2382 3194 scriberem
2401 3173 2422 3203 ,

275 3236 355 3307 ad
400 3262 645 3307 manus
682 3251 865 3323 erat3
899 3234 1069 3307 nihil
1112 3238 1352 3331 igitur,
1386 3236 1518 3305 nisi
1563 3235 1749 3330 quod
1783 3261 1826 3305 a
1859 3258 1970 3305 me
2004 3235 2152 3329 ipso
2187 3231 2418 3299 obser·

278 3364 503 3418 vatum
522 3348 611 3417 ad
634 3346 993 3419 consilium
1014 3372 1243 3419 meum
1265 3350 1559 3442 pertinet
1574 3400 1596 3434 ,
1625 3373 1816 3417 more
1836 3370 1988 3417 meo
2019 3346 2092 3413 in
2121 3342 2418 3413 medium

276 3456 589 3529 adferam.

368 3570 477 3641 Ab
510 3569 999 3664 antiquissimis
1032 3571 1187 3639 inde
1222 3571 1642 3665 temporibus
1691 3568 2010 3639 credibile
2055 3566 2420 3639 admodum

278 3694 405 3765 est,
448 3694 530 3751 ut
574 3680 867 3774 scriptor
904 3680 1189 3775 quisque
1224 3681 1512 3751 maxime
1555 3681 1684 3751 sibi
1722 3678 2088 3767 diffideret,
2125 3678 2220 3747 ita
2263 3677 2421 3748 dili-

279 3791 661 3884 gentissime
706 3792 1257 3885 circumspexisse
1302 3794 1522 3861 virum
1567 3790 1844 3861 doctum
1863 3844 1883 3877 ‚
1937 3790 2128 3883 cujus
2164 3790 2420 3885 judicio

284 3903 529 3997 ingenii
580 3905 683 3974 sui
738 3902 913 3973 fetus
953 3905 1175 3997 prius,
1212 3928 1417 3997 quam
1475 3901 1816 3995 vulgaret,
1860 3902 2158 3973 modeste
2203 3901 2418 3997 subji-

282 4029 491 4103 ceret,
528 4030 605 4085 ut
640 4030 756 4085 aut
790 4017 935 4109 ejus
978 4014 1173 4085 laude
1210 4014 1646 4085 confirmatus
1680 4016 2014 4102 securior,
2051 4030 2172 4085 aut
2202 4015 2288 4083 ab
2337 4038 2420 4081 eo

284 4125 661 4195 admonitus
690 4126 1125 4214 emendatior,
1158 4130 1225 4195 in
1256 4152 1375 4196 ora
1406 4126 1754 4197 hominum
1787 4126 2110 4197 tenderet.
2139 4127 2426 4195 Horatii
