<?xml version="1.0" encoding="UTF-8"?>
<!DOCTYPE html PUBLIC "-//W3C//DTD XHTML 1.0 Transitional//EN"
    "http://www.w3.org/TR/xhtml1/DTD/xhtml1-transitional.dtd">
<html xmlns="http://www.w3.org/1999/xhtml" xml:lang="en" lang="en">
 <head>
  <title>
</title>
<meta http-equiv="Content-Type" content="text/html;charset=utf-8" />
  <meta name='ocr-system' content='tesseract 3.04.00' />
  <meta name='ocr-capabilities' content='ocr_page ocr_carea ocr_par ocr_line ocrx_word'/>
</head>
<body>
  <div class='ocr_page' id='page_1' title='image "./cpliniisecundie00schgoog_0115.png"; bbox 0 0 2857 4690; ppageno 0'>
   <div class='ocr_carea' id='block_1_1' title="bbox 488 360 1985 433">
    <p class='ocr_par' dir='ltr' id='par_1_1' title="bbox 488 360 1985 433">
     <span class='ocr_line' id='line_1_1' title="bbox 488 360 1985 433; baseline -0.003 -2"><span class='ocrx_word' id='word_1_1' title='bbox 488 360 623 433; x_wconf 85' lang='lat'><strong>106</strong></span> <span class='ocrx_word' id='word_1_2' title='bbox 1082 365 1160 431; x_wconf 87' lang='lat' dir='ltr'><strong>C.</strong></span> <span class='ocrx_word' id='word_1_3' title='bbox 1217 362 1562 431; x_wconf 86' lang='lat' dir='ltr'><strong>PLINII</strong></span> <span class='ocrx_word' id='word_1_4' title='bbox 1613 361 1802 428; x_wconf 91' lang='lat' dir='ltr'>LIB.</span> <span class='ocrx_word' id='word_1_5' title='bbox 1855 362 1985 428; x_wconf 89' lang='lat' dir='ltr'><strong>IX.</strong></span> 
     </span>
    </p>
   </div>
   <div class='ocr_carea' id='block_1_2' title="bbox 476 482 2616 689">
    <p class='ocr_par' dir='ltr' id='par_1_2' title="bbox 476 482 2616 689">
     <span class='ocr_line' id='line_1_2' title="bbox 476 482 2616 579; baseline 0.001 -26"><span class='ocrx_word' id='word_1_6' title='bbox 476 484 830 579; x_wconf 86' lang='lat' dir='ltr'><strong>temporis,</strong></span> <span class='ocrx_word' id='word_1_7' title='bbox 865 508 1153 579; x_wconf 87' lang='lat' dir='ltr'><strong>quorum</strong></span> <span class='ocrx_word' id='word_1_8' title='bbox 1199 485 1365 553; x_wconf 85' lang='lat' dir='ltr'><strong>mihi</strong></span> <span class='ocrx_word' id='word_1_9' title='bbox 1412 500 1700 579; x_wconf 84' lang='lat' dir='ltr'>agrestes</span> <span class='ocrx_word' id='word_1_10' title='bbox 1743 482 2026 578; x_wconf 83' lang='lat' dir='ltr'><strong>querelae</strong></span> <span class='ocrx_word' id='word_1_11' title='bbox 2077 482 2298 553; x_wconf 80' lang='lat' dir='ltr'><strong>literas</strong></span> <span class='ocrx_word' id='word_1_12' title='bbox 2336 501 2616 560; x_wconf 80' lang='lat' dir='ltr'><strong>nostras·</strong></span> 
     </span>
     <span class='ocr_line' id='line_1_3' title="bbox 476 592 2063 689; baseline -0.001 -26"><span class='ocrx_word' id='word_1_13' title='bbox 476 607 544 664; x_wconf 88' lang='lat' dir='ltr'><strong>et</strong></span> <span class='ocrx_word' id='word_1_14' title='bbox 578 595 800 663; x_wconf 81' lang='lat' dir='ltr'><strong>isthaec</strong></span> <span class='ocrx_word' id='word_1_15' title='bbox 834 595 1093 664; x_wconf 89' lang='lat' dir='ltr'><strong>urbana</strong></span> <span class='ocrx_word' id='word_1_16' title='bbox 1131 618 1335 689; x_wconf 87' lang='lat' dir='ltr'><strong>opera</strong></span> <span class='ocrx_word' id='word_1_17' title='bbox 1364 594 1857 665; x_wconf 86' lang='lat' dir='ltr'><strong>commendant.</strong></span> <span class='ocrx_word' id='word_1_18' title='bbox 1879 592 2063 663; x_wconf 84' lang='lat' dir='ltr'><strong>Vale.</strong></span> 
     </span>
    </p>
   </div>
   <div class='ocr_carea' id='block_1_3' title="bbox 469 784 2600 1095">
    <p class='ocr_par' dir='ltr' id='par_1_3' title="bbox 469 784 2600 1095">
     <span class='ocr_line' id='line_1_4' title="bbox 540 784 2598 856; baseline 0.002 -21"><span class='ocrx_word' id='word_1_19' title='bbox 540 816 613 826; x_wconf 90' lang='lat'>—</span> <span class='ocrx_word' id='word_1_20' title='bbox 638 786 823 836; x_wconf 71' lang='lat' dir='ltr'><strong>[seha-c.</strong></span> <span class='ocrx_word' id='word_1_21' title='bbox 864 784 1075 837; x_wconf 75' lang='lat' dir='ltr'><strong>Praestat</strong></span> <span class='ocrx_word' id='word_1_22' title='bbox 1111 784 1485 856; x_wconf 85' lang='lat' dir='ltr'><strong>plerorumque</strong></span> <span class='ocrx_word' id='word_1_23' title='bbox 1581 785 1658 837; x_wconf 83' lang='lat' dir='ltr'><strong>lx</strong></span> <span class='ocrx_word' id='word_1_24' title='bbox 1677 824 1693 849; x_wconf 88' lang='lat'><strong>,</strong></span> <span class='ocrx_word' id='word_1_25' title='bbox 1721 786 1780 839; x_wconf 86' lang='lat'><strong>15</strong></span> <span class='ocrx_word' id='word_1_26' title='bbox 1798 823 1813 849; x_wconf 91' lang='lat'>,</span> <span class='ocrx_word' id='word_1_27' title='bbox 1835 784 2035 838; x_wconf 81' lang='lat' dir='ltr'><strong>faciunt</strong></span> <span class='ocrx_word' id='word_1_28' title='bbox 2049 822 2066 849; x_wconf 86' lang='lat'><em>,</em></span> <span class='ocrx_word' id='word_1_29' title='bbox 2093 797 2151 838; x_wconf 91' lang='lat' dir='ltr'><strong>ut</strong></span> <span class='ocrx_word' id='word_1_30' title='bbox 2174 784 2386 839; x_wconf 77' lang='lat' dir='ltr'><strong>taedium</strong></span> <span class='ocrx_word' id='word_1_31' title='bbox 2409 804 2496 839; x_wconf 84' lang='lat' dir='ltr'><strong>me</strong></span> <span class='ocrx_word' id='word_1_32' title='bbox 2514 804 2598 839; x_wconf 75' lang='lat' dir='ltr'><strong>ca·</strong></span> 
     </span>
     <span class='ocr_line' id='line_1_5' title="bbox 470 862 2599 937; baseline 0 -20"><span class='ocrx_word' id='word_1_33' title='bbox 470 862 725 917; x_wconf 72' lang='lat' dir='ltr'><strong>lib-orum</strong></span> <span class='ocrx_word' id='word_1_34' title='bbox 756 866 878 915; x_wconf 64' lang='lat' dir='ltr'><strong>lta-ez</strong></span> <span class='ocrx_word' id='word_1_35' title='bbox 912 866 1089 917; x_wconf 78' lang='lat' dir='ltr'><strong>Romae</strong></span> <span class='ocrx_word' id='word_1_36' title='bbox 1119 865 1231 917; x_wconf 72' lang='lat' dir='ltr'><strong>haec</strong></span> <span class='ocrx_word' id='word_1_37' title='bbox 1265 864 1486 937; x_wconf 84' lang='lat' dir='ltr'><strong>epistola</strong></span> <span class='ocrx_word' id='word_1_38' title='bbox 1579 864 1690 935; x_wconf 84' lang='lat' dir='ltr'><strong>piat</strong></span> <span class='ocrx_word' id='word_1_39' title='bbox 1723 864 1893 927; x_wconf 80' lang='lat' dir='ltr'><strong>ruris,</strong></span> <span class='ocrx_word' id='word_1_40' title='bbox 1931 884 1992 918; x_wconf 83' lang='lat' dir='ltr'><strong>ac</strong></span> <span class='ocrx_word' id='word_1_41' title='bbox 2033 876 2180 918; x_wconf 85' lang='lat' dir='ltr'><strong>tanto</strong></span> <span class='ocrx_word' id='word_1_42' title='bbox 2217 865 2479 919; x_wconf 71' lang='lat' dir='ltr'><strong>lubentius</strong></span> <span class='ocrx_word' id='word_1_43' title='bbox 2512 864 2599 918; x_wconf 76' lang='lat' dir='ltr'><strong>vel</strong></span> 
     </span>
     <span class='ocr_line' id='line_1_6' title="bbox 469 940 2600 1013; baseline 0 -18"><span class='ocrx_word' id='word_1_44' title='bbox 469 940 683 995; x_wconf 81' lang='lat' dir='ltr'><strong>videtur</strong></span> <span class='ocrx_word' id='word_1_45' title='bbox 712 942 922 1013; x_wconf 76' lang='lat' dir='ltr'><strong>scripta.</strong></span> <span class='ocrx_word' id='word_1_46' title='bbox 948 943 1003 996; x_wconf 87' lang='lat' dir='ltr'><strong>S.</strong></span> <span class='ocrx_word' id='word_1_47' title='bbox 1024 974 1094 984; x_wconf 90' lang='lat'>—</span> <span class='ocrx_word' id='word_1_48' title='bbox 1116 948 1481 997; x_wconf 72' lang='lat' dir='ltr'><strong>commendant.</strong></span> <span class='ocrx_word' id='word_1_49' title='bbox 1579 944 1743 998; x_wconf 72' lang='lat' dir='ltr'><strong>literis</strong></span> <span class='ocrx_word' id='word_1_50' title='bbox 1781 963 1867 997; x_wconf 85' lang='lat' dir='ltr'><strong>me</strong></span> <span class='ocrx_word' id='word_1_51' title='bbox 1903 943 2130 1010; x_wconf 77' lang='lat' dir='ltr'><strong>abdam,</strong></span> <span class='ocrx_word' id='word_1_52' title='bbox 2171 946 2258 999; x_wconf 81' lang='lat' dir='ltr'><strong>vel</strong></span> <span class='ocrx_word' id='word_1_53' title='bbox 2285 944 2500 997; x_wconf 83' lang='lat' dir='ltr'><strong>redeam</strong></span> <span class='ocrx_word' id='word_1_54' title='bbox 2539 944 2600 997; x_wconf 87' lang='lat' dir='ltr'><strong>in</strong></span> 
     </span>
     <span class='ocr_line' id='line_1_7' title="bbox 469 1022 1892 1095; baseline 0.002 -22"><span class='ocrx_word' id='word_1_55' title='bbox 469 1022 708 1087; x_wconf 78' lang='lat' dir='ltr'><strong>Quereloe</strong></span> <span class='ocrx_word' id='word_1_56' title='bbox 734 1022 1048 1075; x_wconf 79' lang='lat' dir='ltr'><strong>rusticorum</strong></span> <span class='ocrx_word' id='word_1_57' title='bbox 1063 1062 1079 1088; x_wconf 90' lang='lat'>‚</span> <span class='ocrx_word' id='word_1_58' title='bbox 1110 1022 1290 1095; x_wconf 80' lang='lat' dir='ltr'><strong>quales</strong></span> <span class='ocrx_word' id='word_1_59' title='bbox 1319 1024 1484 1077; x_wconf 81' lang='lat' dir='ltr'><strong>habes</strong></span> <span class='ocrx_word' id='word_1_60' title='bbox 1580 1024 1799 1077; x_wconf 81' lang='lat' dir='ltr'>Urbem.</span> <span class='ocrx_word' id='word_1_61' title='bbox 1824 1025 1892 1078; x_wconf 90' lang='lat' dir='ltr'><strong>G.</strong></span> 
     </span>
    </p>
   </div>
   <div class='ocr_carea' id='block_1_4' title="bbox 1228 1216 1411 1236">
    <p class='ocr_par' dir='ltr' id='par_1_4' title="bbox 1228 1216 1411 1236">
     <span class='ocr_line' id='line_1_8' title="bbox 1228 1216 1411 1236; baseline 0.011 -2"><span class='ocrx_word' id='word_1_62' title='bbox 1228 1216 1411 1236; x_wconf 63' lang='lat' dir='ltr'><em>m</em></span> 
     </span>
    </p>
   </div>
   <div class='ocr_carea' id='block_1_5' title="bbox 1412 1216 1686 1236">
    <p class='ocr_par' dir='ltr' id='par_1_5' title="bbox 1412 1216 1686 1236">
     <span class='ocr_line' id='line_1_9' title="bbox 1412 1216 1686 1236; baseline 0 3454"><span class='ocrx_word' id='word_1_63' title='bbox 1412 1216 1686 1236; x_wconf 95' lang='lat' dir='ltr'><strong> </strong></span> 
     </span>
    </p>
   </div>
   <div class='ocr_carea' id='block_1_6' title="bbox 1687 1216 2600 1239">
    <p class='ocr_par' dir='ltr' id='par_1_6' title="bbox 1687 1216 2600 1239">
     <span class='ocr_line' id='line_1_10' title="bbox 1687 1216 2600 1239; baseline 0.001 -3"><span class='ocrx_word' id='word_1_64' title='bbox 1687 1216 2232 1239; x_wconf 63' lang='lat' dir='ltr'><strong>mmm</strong></span> <span class='ocrx_word' id='word_1_65' title='bbox 2236 1216 2600 1238; x_wconf 57' lang='lat' dir='ltr'><strong>mm</strong></span> 
     </span>
    </p>
   </div>
   <div class='ocr_carea' id='block_1_7' title="bbox 1241 1406 1826 1505">
    <p class='ocr_par' dir='ltr' id='par_1_7' title="bbox 1241 1406 1826 1505">
     <span class='ocr_line' id='line_1_11' title="bbox 1241 1406 1826 1505; baseline 0.003 -14"><span class='ocrx_word' id='word_1_66' title='bbox 1241 1406 1826 1505; x_wconf 84' lang='lat' dir='ltr'><strong>XXXVII,</strong></span> 
     </span>
    </p>
   </div>
   <div class='ocr_carea' id='block_1_8' title="bbox 471 1630 2602 1806">
    <p class='ocr_par' dir='ltr' id='par_1_8' title="bbox 471 1630 2602 1806">
     <span class='ocr_line' id='line_1_12' title="bbox 471 1630 2602 1711; baseline -0.001 -19"><span class='ocrx_word' id='word_1_67' title='bbox 471 1637 721 1692; x_wconf 75' lang='lat' dir='ltr'><strong>Excusat</strong></span> <span class='ocrx_word' id='word_1_68' title='bbox 738 1652 796 1692; x_wconf 88' lang='lat' dir='ltr'><strong>se</strong></span> <span class='ocrx_word' id='word_1_69' title='bbox 810 1676 825 1703; x_wconf 93' lang='lat'><strong>,</strong></span> <span class='ocrx_word' id='word_1_70' title='bbox 845 1630 1005 1711; x_wconf 87' lang='lat' dir='ltr'><strong>quod</strong></span> <span class='ocrx_word' id='word_1_71' title='bbox 1030 1644 1273 1711; x_wconf 85' lang='lat' dir='ltr'><strong>propter</strong></span> <span class='ocrx_word' id='word_1_72' title='bbox 1292 1630 1646 1710; x_wconf 69' lang='lat' dir='ltr'><strong>praediorum</strong></span> <span class='ocrx_word' id='word_1_73' title='bbox 1665 1632 2012 1690; x_wconf 82' lang='lat' dir='ltr'>locationem</span> <span class='ocrx_word' id='word_1_74' title='bbox 2029 1630 2297 1691; x_wconf 86' lang='lat' dir='ltr'><strong>Calendis</strong></span> <span class='ocrx_word' id='word_1_75' title='bbox 2317 1630 2602 1691; x_wconf 72' lang='lat' dir='ltr'><strong>sanum-iis</strong></span> 
     </span>
     <span class='ocr_line' id='line_1_13' title="bbox 775 1726 2307 1806; baseline -0.002 -18"><span class='ocrx_word' id='word_1_76' title='bbox 775 1729 1039 1788; x_wconf 88' lang='lat' dir='ltr'><strong>Paullino</strong></span> <span class='ocrx_word' id='word_1_77' title='bbox 1053 1772 1071 1802; x_wconf 92' lang='lat'><strong>,</strong></span> <span class='ocrx_word' id='word_1_78' title='bbox 1094 1728 1456 1787; x_wconf 86' lang='lat' dir='ltr'><strong>consulatum</strong></span> <span class='ocrx_word' id='word_1_79' title='bbox 1477 1728 1728 1801; x_wconf 82' lang='lat' dir='ltr'><strong>inituro,</strong></span> <span class='ocrx_word' id='word_1_80' title='bbox 1752 1746 1868 1785; x_wconf 87' lang='lat' dir='ltr'><strong>non</strong></span> <span class='ocrx_word' id='word_1_81' title='bbox 1891 1727 2074 1806; x_wconf 83' lang='lat' dir='ltr'><strong>possit</strong></span> <span class='ocrx_word' id='word_1_82' title='bbox 2093 1726 2307 1787; x_wconf 79' lang='lat' dir='ltr'><strong>adesse.</strong></span> 
     </span>
    </p>
   </div>
   <div class='ocr_carea' id='block_1_9' title="bbox 858 1911 2208 1985">
    <p class='ocr_par' dir='ltr' id='par_1_9' title="bbox 858 1911 2208 1985">
     <span class='ocr_line' id='line_1_14' title="bbox 858 1911 2208 1985; baseline -0.003 0"><span class='ocrx_word' id='word_1_83' title='bbox 858 1939 921 1985; x_wconf 79' lang='lat' dir='ltr'><strong>c,</strong></span> <span class='ocrx_word' id='word_1_84' title='bbox 976 1938 1325 1985; x_wconf 73' lang='lat' dir='ltr'><strong>pmnms</strong></span> <span class='ocrx_word' id='word_1_85' title='bbox 1376 1937 1826 1985; x_wconf 63' lang='lat' dir='ltr'><strong>PAULLmo</strong></span> <span class='ocrx_word' id='word_1_86' title='bbox 1870 1911 1900 1941; x_wconf 85' lang='lat'>*</span> <span class='ocrx_word' id='word_1_87' title='bbox 1948 1937 2103 1984; x_wconf 82' lang='lat' dir='ltr'><strong>suo</strong></span> <span class='ocrx_word' id='word_1_88' title='bbox 2153 1937 2208 1983; x_wconf 90' lang='lat' dir='ltr'><strong>s.</strong></span> 
     </span>
    </p>
   </div>
   <div class='ocr_carea' id='block_1_10' title="bbox 472 2115 2616 3097">
    <p class='ocr_par' dir='ltr' id='par_1_10' title="bbox 472 2115 2616 3097">
     <span class='ocr_line' id='line_1_15' title="bbox 568 2115 2608 2213; baseline -0.002 -24"><span class='ocrx_word' id='word_1_89' title='bbox 568 2122 733 2189; x_wconf 72' lang='lat' dir='ltr'><strong>Nnc</strong></span> <span class='ocrx_word' id='word_1_90' title='bbox 768 2134 897 2189; x_wconf 83' lang='lat' dir='ltr'><strong>tuae</strong></span> <span class='ocrx_word' id='word_1_91' title='bbox 932 2135 1187 2190; x_wconf 83' lang='lat' dir='ltr'><strong>naturae</strong></span> <span class='ocrx_word' id='word_1_92' title='bbox 1223 2134 1354 2206; x_wconf 87' lang='lat' dir='ltr'><strong>est,</strong></span> <span class='ocrx_word' id='word_1_93' title='bbox 1388 2116 1796 2213; x_wconf 84' lang='lat' dir='ltr'><strong>translaticia</strong></span> <span class='ocrx_word' id='word_1_94' title='bbox 1830 2118 1971 2187; x_wconf 85' lang='lat' dir='ltr'><strong>haec</strong></span> <span class='ocrx_word' id='word_1_95' title='bbox 2011 2131 2078 2186; x_wconf 91' lang='lat' dir='ltr'><strong>et</strong></span> <span class='ocrx_word' id='word_1_96' title='bbox 2107 2118 2294 2213; x_wconf 89' lang='lat' dir='ltr'><strong>quasi</strong></span> <span class='ocrx_word' id='word_1_97' title='bbox 2335 2115 2608 2212; x_wconf 88' lang='lat' dir='ltr'><strong>publica</strong></span> 
     </span>
     <span class='ocr_line' id='line_1_16' title="bbox 472 2227 2606 2324; baseline -0.002 -23"><span class='ocrx_word' id='word_1_98' title='bbox 472 2230 695 2301; x_wconf 87' lang='lat' dir='ltr'><strong>officia</strong></span> <span class='ocrx_word' id='word_1_99' title='bbox 735 2256 775 2299; x_wconf 90' lang='lat' dir='ltr'><strong>a</strong></span> <span class='ocrx_word' id='word_1_100' title='bbox 810 2230 1246 2301; x_wconf 80' lang='lat' dir='ltr'><strong>familiaribus</strong></span> <span class='ocrx_word' id='word_1_101' title='bbox 1282 2232 1512 2299; x_wconf 86' lang='lat' dir='ltr'><strong>amicis</strong></span> <span class='ocrx_word' id='word_1_102' title='bbox 1562 2244 1793 2299; x_wconf 87' lang='lat' dir='ltr'><strong>contra</strong></span> <span class='ocrx_word' id='word_1_103' title='bbox 1835 2230 2130 2324; x_wconf 85' lang='lat' dir='ltr'><strong>ipsorum</strong></span> <span class='ocrx_word' id='word_1_104' title='bbox 2175 2227 2606 2299; x_wconf 88' lang='lat' dir='ltr'><strong>commodum</strong></span> 
     </span>
     <span class='ocr_line' id='line_1_17' title="bbox 472 2340 2611 2436; baseline -0.001 -26"><span class='ocrx_word' id='word_1_105' title='bbox 472 2342 735 2436; x_wconf 79' lang='lat' dir='ltr'><strong>exigere</strong></span> <span class='ocrx_word' id='word_1_106' title='bbox 766 2357 883 2411; x_wconf 81' lang='lat' dir='ltr'><strong>:et</strong></span> <span class='ocrx_word' id='word_1_107' title='bbox 921 2367 1045 2435; x_wconf 80' lang='lat' dir='ltr'><strong>ego</strong></span> <span class='ocrx_word' id='word_1_108' title='bbox 1092 2358 1157 2410; x_wconf 87' lang='lat' dir='ltr'><strong>te</strong></span> <span class='ocrx_word' id='word_1_109' title='bbox 1194 2340 1609 2411; x_wconf 87' lang='lat' dir='ltr'><strong>constantius</strong></span> <span class='ocrx_word' id='word_1_110' title='bbox 1653 2364 1839 2427; x_wconf 80' lang='lat' dir='ltr'><strong>ame,</strong></span> <span class='ocrx_word' id='word_1_111' title='bbox 1875 2365 2073 2436; x_wconf 89' lang='lat' dir='ltr'><strong>quam</strong></span> <span class='ocrx_word' id='word_1_112' title='bbox 2112 2354 2190 2409; x_wconf 93' lang='lat' dir='ltr'><strong>ut</strong></span> <span class='ocrx_word' id='word_1_113' title='bbox 2224 2365 2482 2428; x_wconf 88' lang='lat' dir='ltr'><strong>verear,</strong></span> <span class='ocrx_word' id='word_1_114' title='bbox 2519 2363 2611 2408; x_wconf 85' lang='lat' dir='ltr'><strong>ne</strong></span> 
     </span>
     <span class='ocr_line' id='line_1_18' title="bbox 472 2449 2609 2546; baseline 0.003 -26"><span class='ocrx_word' id='word_1_115' title='bbox 472 2451 669 2521; x_wconf 87' lang='lat' dir='ltr'><strong>aliter</strong></span> <span class='ocrx_word' id='word_1_116' title='bbox 719 2477 796 2522; x_wconf 88' lang='lat' dir='ltr'><strong>ac</strong></span> <span class='ocrx_word' id='word_1_117' title='bbox 842 2451 1039 2522; x_wconf 90' lang='lat' dir='ltr'><strong>velim</strong></span> <span class='ocrx_word' id='word_1_118' title='bbox 1083 2453 1404 2546; x_wconf 88' lang='lat' dir='ltr'><strong>accipias,</strong></span> <span class='ocrx_word' id='word_1_119' title='bbox 1447 2451 1574 2520; x_wconf 91' lang='lat' dir='ltr'><strong>nisi</strong></span> <span class='ocrx_word' id='word_1_120' title='bbox 1633 2467 1696 2520; x_wconf 90' lang='lat' dir='ltr'><strong>te</strong></span> <span class='ocrx_word' id='word_1_121' title='bbox 1736 2449 2048 2521; x_wconf 85' lang='lat' dir='ltr'><strong>Calendis</strong></span> <span class='ocrx_word' id='word_1_122' title='bbox 2093 2453 2314 2524; x_wconf 84' lang='lat' dir='ltr'><strong>statim</strong></span> <span class='ocrx_word' id='word_1_123' title='bbox 2361 2476 2609 2526; x_wconf 84' lang='lat' dir='ltr'><strong>consu·</strong></span> 
     </span>
     <span class='ocr_line' id='line_1_19' title="bbox 474 2559 2612 2656; baseline 0.001 -28"><span class='ocrx_word' id='word_1_124' title='bbox 474 2559 603 2628; x_wconf 90' lang='lat' dir='ltr'><strong>lem</strong></span> <span class='ocrx_word' id='word_1_125' title='bbox 645 2560 921 2632; x_wconf 87' lang='lat' dir='ltr'><strong>videro:</strong></span> <span class='ocrx_word' id='word_1_126' title='bbox 966 2561 1329 2656; x_wconf 67' lang='lat' dir='ltr'><strong>praesertim</strong></span> <span class='ocrx_word' id='word_1_127' title='bbox 1373 2585 1585 2654; x_wconf 90' lang='lat' dir='ltr'><strong>quum</strong></span> <span class='ocrx_word' id='word_1_128' title='bbox 1625 2586 1732 2630; x_wconf 89' lang='lat' dir='ltr'><strong>me</strong></span> <span class='ocrx_word' id='word_1_129' title='bbox 1775 2564 2125 2632; x_wconf 85' lang='lat' dir='ltr'><strong>necessitas</strong></span> <span class='ocrx_word' id='word_1_130' title='bbox 2168 2560 2612 2630; x_wconf 82' lang='lat' dir='ltr'><strong>locandorum</strong></span> 
     </span>
     <span class='ocr_line' id='line_1_20' title="bbox 473 2670 2610 2766; baseline -0 -27"><span class='ocrx_word' id='word_1_131' title='bbox 473 2671 879 2765; x_wconf 68' lang='lat' dir='ltr'><strong>praediorum</strong></span> <span class='ocrx_word' id='word_1_132' title='bbox 909 2671 1132 2766; x_wconf 89' lang='lat' dir='ltr'><strong>plures</strong></span> <span class='ocrx_word' id='word_1_133' title='bbox 1158 2695 1370 2740; x_wconf 89' lang='lat' dir='ltr'><strong>annos</strong></span> <span class='ocrx_word' id='word_1_134' title='bbox 1398 2670 1790 2740; x_wconf 84' lang='lat' dir='ltr'><strong>ordinatura</strong></span> <span class='ocrx_word' id='word_1_135' title='bbox 1827 2671 2151 2758; x_wconf 87' lang='lat' dir='ltr'><strong>detineat;</strong></span> <span class='ocrx_word' id='word_1_136' title='bbox 2179 2673 2247 2739; x_wconf 90' lang='lat' dir='ltr'><strong>in</strong></span> <span class='ocrx_word' id='word_1_137' title='bbox 2277 2695 2410 2765; x_wconf 90' lang='lat' dir='ltr'><strong>qua</strong></span> <span class='ocrx_word' id='word_1_138' title='bbox 2438 2671 2610 2739; x_wconf 84' lang='lat' dir='ltr'><strong>mihi</strong></span> 
     </span>
     <span class='ocr_line' id='line_1_21' title="bbox 478 2780 2616 2876; baseline 0 -28"><span class='ocrx_word' id='word_1_139' title='bbox 478 2805 651 2850; x_wconf 88' lang='lat' dir='ltr'><strong>nova</strong></span> <span class='ocrx_word' id='word_1_140' title='bbox 698 2780 975 2850; x_wconf 85' lang='lat' dir='ltr'><strong>consilia</strong></span> <span class='ocrx_word' id='word_1_141' title='bbox 1016 2780 1340 2850; x_wconf 90' lang='lat' dir='ltr'><strong>sumenda</strong></span> <span class='ocrx_word' id='word_1_142' title='bbox 1388 2796 1566 2850; x_wconf 87' lang='lat' dir='ltr'><strong>sunt.</strong></span> <span class='ocrx_word' id='word_1_143' title='bbox 1605 2785 1780 2852; x_wconf 87' lang='lat' dir='ltr'><strong>Nam</strong></span> <span class='ocrx_word' id='word_1_144' title='bbox 1825 2785 2048 2876; x_wconf 86' lang='lat' dir='ltr'><strong>priore</strong></span> <span class='ocrx_word' id='word_1_145' title='bbox 2101 2781 2350 2868; x_wconf 79' lang='lat' dir='ltr'><strong>lustru,</strong></span> <span class='ocrx_word' id='word_1_146' title='bbox 2386 2806 2616 2875; x_wconf 91' lang='lat' dir='ltr'><strong>quan-</strong></span> 
     </span>
     <span class='ocr_line' id='line_1_22' title="bbox 476 2889 2614 2986; baseline 0 -28"><span class='ocrx_word' id='word_1_147' title='bbox 476 2915 681 2986; x_wconf 85' lang='lat' dir='ltr'><strong>quam</strong></span> <span class='ocrx_word' id='word_1_148' title='bbox 720 2905 867 2984; x_wconf 87' lang='lat' dir='ltr'><strong>post</strong></span> <span class='ocrx_word' id='word_1_149' title='bbox 904 2914 1177 2984; x_wconf 84' lang='lat' dir='ltr'><strong>magnas</strong></span> <span class='ocrx_word' id='word_1_150' title='bbox 1218 2892 1675 2978; x_wconf 77' lang='lat' dir='ltr'><strong>remissioneS,</strong></span> <span class='ocrx_word' id='word_1_151' title='bbox 1714 2890 1968 2986; x_wconf 87' lang='lat' dir='ltr'><strong>reliqua</strong></span> <span class='ocrx_word' id='word_1_152' title='bbox 2009 2906 2362 2961; x_wconf 82' lang='lat' dir='ltr'><strong>creverunt</strong></span> <span class='ocrx_word' id='word_1_153' title='bbox 2395 2913 2412 2959; x_wconf 71' lang='grc' dir='ltr'><em>ε</em></span> <span class='ocrx_word' id='word_1_154' title='bbox 2449 2889 2614 2958; x_wconf 88' lang='lat' dir='ltr'><strong>inde</strong></span> 
     </span>
     <span class='ocr_line' id='line_1_23' title="bbox 475 2999 2612 3097; baseline 0 -29"><span class='ocrx_word' id='word_1_155' title='bbox 475 3001 810 3096; x_wconf 86' lang='lat' dir='ltr'><strong>plerisque</strong></span> <span class='ocrx_word' id='word_1_156' title='bbox 852 2999 1035 3070; x_wconf 88' lang='lat' dir='ltr'><strong>nulla</strong></span> <span class='ocrx_word' id='word_1_157' title='bbox 1072 3001 1211 3093; x_wconf 84' lang='lat' dir='ltr'><strong>jam</strong></span> <span class='ocrx_word' id='word_1_158' title='bbox 1246 3027 1407 3075; x_wconf 84' lang='lat' dir='ltr'><strong>cura</strong></span> <span class='ocrx_word' id='word_1_159' title='bbox 1443 3003 1790 3084; x_wconf 83' lang='lat' dir='ltr'><strong>minuendi</strong></span> <span class='ocrx_word' id='word_1_160' title='bbox 1825 3004 1972 3072; x_wconf 83' lang='lat' dir='ltr'><strong>aeris</strong></span> <span class='ocrx_word' id='word_1_161' title='bbox 2006 3001 2245 3090; x_wconf 86' lang='lat' dir='ltr'><strong>alieni,</strong></span> <span class='ocrx_word' id='word_1_162' title='bbox 2268 2999 2450 3097; x_wconf 88' lang='lat' dir='ltr'><strong>quod</strong></span> <span class='ocrx_word' id='word_1_163' title='bbox 2486 2999 2612 3070; x_wconf 89' lang='lat' dir='ltr'><strong>de-</strong></span> 
     </span>
    </p>
   </div>
   <div class='ocr_carea' id='block_1_11' title="bbox 478 3195 2619 3345">
    <p class='ocr_par' dir='ltr' id='par_1_11' title="bbox 478 3195 2619 3345">
     <span class='ocr_line' id='line_1_24' title="bbox 548 3195 2617 3266; baseline -0.001 -18"><span class='ocrx_word' id='word_1_164' title='bbox 548 3195 939 3248; x_wconf 79' lang='lat' dir='ltr'><strong>XXXV11.⁴¹De</strong></span> <span class='ocrx_word' id='word_1_165' title='bbox 964 3199 1158 3250; x_wconf 79' lang='lat' dir='ltr'><strong>Valerio</strong></span> <span class='ocrx_word' id='word_1_166' title='bbox 1173 3201 1402 3250; x_wconf 71' lang='lat' dir='ltr'><strong>Paullino</strong></span> <span class='ocrx_word' id='word_1_167' title='bbox 1422 3195 1493 3252; x_wconf 77' lang='lat' dir='ltr'><strong>ad</strong></span> <span class='ocrx_word' id='word_1_168' title='bbox 1589 3209 1676 3251; x_wconf 81' lang='lat' dir='ltr'><strong>tm·</strong></span> <span class='ocrx_word' id='word_1_169' title='bbox 1709 3197 1798 3251; x_wconf 83' lang='lat' dir='ltr'><strong>hic</strong></span> <span class='ocrx_word' id='word_1_170' title='bbox 1829 3200 2032 3266; x_wconf 74' lang='lat' dir='ltr'><strong>publica</strong></span> <span class='ocrx_word' id='word_1_171' title='bbox 2066 3195 2241 3249; x_wconf 74' lang='lat' dir='ltr'><strong>officia</strong></span> <span class='ocrx_word' id='word_1_172' title='bbox 2264 3197 2617 3264; x_wconf 72' lang='lat' dir='ltr'><strong>familiaribus</strong></span> 
     </span>
     <span class='ocr_line' id='line_1_25' title="bbox 478 3273 2619 3345; baseline -0.002 -14"><span class='ocrx_word' id='word_1_173' title='bbox 478 3276 535 3331; x_wconf 83' lang='grc' dir='ltr'><strong>ΙΙ</strong></span> <span class='ocrx_word' id='word_1_174' title='bbox 552 3312 567 3338; x_wconf 88' lang='grc'><strong><em>,</em></strong></span> <span class='ocrx_word' id='word_1_175' title='bbox 587 3293 672 3345; x_wconf 86' lang='lat' dir='ltr'><strong>ep.</strong></span> <span class='ocrx_word' id='word_1_176' title='bbox 699 3293 726 3326; x_wconf 64' lang='grc' dir='ltr'><strong>ο</strong></span> <span class='ocrx_word' id='word_1_177' title='bbox 749 3273 969 3327; x_wconf 81' lang='lat' dir='ltr'><strong>dictum.</strong></span> <span class='ocrx_word' id='word_1_178' title='bbox 994 3275 1100 3328; x_wconf 84' lang='lat' dir='ltr'><strong>En.</strong></span> <span class='ocrx_word' id='word_1_179' title='bbox 1589 3277 1789 3329; x_wconf 69' lang='lat' dir='ltr'><strong>amicis.</strong></span> <span class='ocrx_word' id='word_1_180' title='bbox 1810 3278 1982 3330; x_wconf 76' lang='lat' dir='ltr'><strong>Venia</strong></span> <span class='ocrx_word' id='word_1_181' title='bbox 2007 3273 2182 3328; x_wconf 75' lang='lat' dir='ltr'><strong>danda</strong></span> <span class='ocrx_word' id='word_1_182' title='bbox 2199 3275 2455 3343; x_wconf 69' lang='lat' dir='ltr'><strong>familiari</strong></span> <span class='ocrx_word' id='word_1_183' title='bbox 2479 3273 2619 3326; x_wconf 70' lang='lat' dir='ltr'><strong>ami·</strong></span> 
     </span>
    </p>
   </div>
   <div class='ocr_carea' id='block_1_12' title="bbox 462 3357 1499 4220">
    <p class='ocr_par' dir='ltr' id='par_1_12' title="bbox 462 3357 1499 4220">
     <span class='ocr_line' id='line_1_26' title="bbox 556 3357 1496 3424; baseline 0.006 -20"><span class='ocrx_word' id='word_1_184' title='bbox 556 3373 577 3404; x_wconf 87' lang='lat'>1</span> <span class='ocrx_word' id='word_1_185' title='bbox 590 3393 603 3406; x_wconf 93' lang='lat'><strong>.</strong></span> <span class='ocrx_word' id='word_1_186' title='bbox 639 3357 965 3405; x_wconf 61' lang='lat' dir='ltr'><strong>stansIaeae&#39;cia</strong></span> <span class='ocrx_word' id='word_1_187' title='bbox 976 3391 1131 3407; x_wconf 88' lang='grc'><strong>.....</strong></span> <span class='ocrx_word' id='word_1_188' title='bbox 1135 3360 1351 3424; x_wconf 73' lang='lat' dir='ltr'><strong>publiea.</strong></span> <span class='ocrx_word' id='word_1_189' title='bbox 1376 3357 1496 3424; x_wconf 75' lang='lat' dir='ltr'><strong>Huc</strong></span> 
     </span>
     <span class='ocr_line' id='line_1_27' title="bbox 479 3433 1496 3505; baseline 0.004 -19"><span class='ocrx_word' id='word_1_190' title='bbox 479 3433 763 3505; x_wconf 57' lang='lat' dir='ltr'><strong>prasertim</strong></span> <span class='ocrx_word' id='word_1_191' title='bbox 782 3435 1045 3504; x_wconf 73' lang='lat' dir='ltr'><strong>pertinent</strong></span> <span class='ocrx_word' id='word_1_192' title='bbox 1064 3435 1377 3490; x_wconf 80' lang='lat' dir='ltr'><strong>Petroniana</strong></span> <span class='ocrx_word' id='word_1_193' title='bbox 1396 3436 1496 3490; x_wconf 76' lang='lat' dir='ltr'><strong>ista</strong></span> 
     </span>
     <span class='ocr_line' id='line_1_28' title="bbox 480 3513 1495 3582; baseline -0.002 -16"><span class='ocrx_word' id='word_1_194' title='bbox 480 3531 594 3582; x_wconf 77' lang='lat' dir='ltr'><strong>cap.</strong></span> <span class='ocrx_word' id='word_1_195' title='bbox 634 3513 729 3564; x_wconf 80' lang='lat'><strong>113</strong></span> <span class='ocrx_word' id='word_1_196' title='bbox 764 3530 777 3563; x_wconf 91' lang='lat'>:</span> <span class='ocrx_word' id='word_1_197' title='bbox 816 3532 902 3564; x_wconf 80' lang='lat' dir='ltr'><strong>nec</strong></span> <span class='ocrx_word' id='word_1_198' title='bbox 940 3517 1090 3566; x_wconf 80' lang='lat' dir='ltr'><strong>Giton</strong></span> <span class='ocrx_word' id='word_1_199' title='bbox 1129 3535 1205 3566; x_wconf 75' lang='lat' dir='ltr'><strong>me</strong></span> <span class='ocrx_word' id='word_1_200' title='bbox 1242 3517 1495 3566; x_wconf 79' lang='lat' dir='ltr'><strong>tralaticia</strong></span> 
     </span>
     <span class='ocr_line' id='line_1_29' title="bbox 473 3593 1498 3664; baseline 0 -22"><span class='ocrx_word' id='word_1_201' title='bbox 473 3593 822 3660; x_wconf 74' lang='lat' dir='ltr'><strong>propinau&#39;one</strong></span> <span class='ocrx_word' id='word_1_202' title='bbox 866 3595 1067 3662; x_wconf 73' lang='lat' dir='ltr'><strong>dignum</strong></span> <span class='ocrx_word' id='word_1_203' title='bbox 1102 3597 1370 3664; x_wconf 77' lang='lat' dir='ltr'><strong>judicabat</strong></span> <span class='ocrx_word' id='word_1_204' title='bbox 1378 3632 1397 3654; x_wconf 95' lang='lat'><em>,</em></span> <span class='ocrx_word' id='word_1_205' title='bbox 1447 3603 1498 3646; x_wconf 81' lang='lat' dir='ltr'><strong>et</strong></span> 
     </span>
     <span class='ocr_line' id='line_1_30' title="bbox 480 3676 1498 3741; baseline 0 -17"><span class='ocrx_word' id='word_1_206' title='bbox 480 3689 600 3741; x_wconf 81' lang='lat' dir='ltr'><strong>cap.</strong></span> <span class='ocrx_word' id='word_1_207' title='bbox 620 3689 641 3722; x_wconf 77' lang='grc' dir='ltr'><strong>ι</strong></span> <span class='ocrx_word' id='word_1_208' title='bbox 656 3677 715 3733; x_wconf 72' lang='lat'><strong>14</strong></span> <span class='ocrx_word' id='word_1_209' title='bbox 735 3689 749 3723; x_wconf 75' lang='grc' dir='ltr'><strong><em>ε</em></strong></span> <span class='ocrx_word' id='word_1_210' title='bbox 756 3677 1042 3740; x_wconf 61' lang='lat' dir='ltr'><strong>preater-iens</strong></span> <span class='ocrx_word' id='word_1_211' title='bbox 1054 3677 1232 3740; x_wconf 72' lang='lat' dir='ltr'><strong>aliquis</strong></span> <span class='ocrx_word' id='word_1_212' title='bbox 1244 3676 1498 3724; x_wconf 52' lang='lat' dir='ltr'><strong>crulanda</strong></span> 
     </span>
     <span class='ocr_line' id='line_1_31' title="bbox 483 3751 1498 3823; baseline 0.005 -23"><span class='ocrx_word' id='word_1_213' title='bbox 483 3752 790 3802; x_wconf 71' lang='lat' dir='ltr'><strong>humanitate</strong></span> <span class='ocrx_word' id='word_1_214' title='bbox 816 3755 1059 3821; x_wconf 70' lang='lat' dir='ltr'><strong>lapidabit</strong></span> <span class='ocrx_word' id='word_1_215' title='bbox 1082 3755 1247 3823; x_wconf 74' lang='lat' dir='ltr'><strong>ejecta</strong></span> <span class='ocrx_word' id='word_1_216' title='bbox 1286 3751 1498 3805; x_wconf 77' lang='lat' dir='ltr'><strong>naufra-</strong></span> 
     </span>
     <span class='ocr_line' id='line_1_32' title="bbox 484 3828 1497 3902; baseline 0.002 -21"><span class='ocrx_word' id='word_1_217' title='bbox 484 3828 570 3898; x_wconf 78' lang='lat' dir='ltr'><strong>gio</strong></span> <span class='ocrx_word' id='word_1_218' title='bbox 595 3847 839 3902; x_wconf 79' lang='lat' dir='ltr'><strong>corpora.</strong></span> <span class='ocrx_word' id='word_1_219' title='bbox 876 3835 1079 3882; x_wconf 76' lang='lat' dir='ltr'><strong>Publica</strong></span> <span class='ocrx_word' id='word_1_220' title='bbox 1107 3829 1285 3882; x_wconf 79' lang='lat' dir='ltr'><strong>officia</strong></span> <span class='ocrx_word' id='word_1_221' title='bbox 1312 3829 1497 3883; x_wconf 87' lang='lat' dir='ltr'><strong>dicun·</strong></span> 
     </span>
     <span class='ocr_line' id='line_1_33' title="bbox 485 3907 1492 3978; baseline 0.002 -18"><span class='ocrx_word' id='word_1_222' title='bbox 485 3921 603 3975; x_wconf 84' lang='lat' dir='ltr'><strong>tur,</strong></span> <span class='ocrx_word' id='word_1_223' title='bbox 638 3922 698 3963; x_wconf 85' lang='lat' dir='ltr'><strong>ut</strong></span> <span class='ocrx_word' id='word_1_224' title='bbox 724 3913 930 3978; x_wconf 79' lang='lat' dir='ltr'><strong>publica</strong></span> <span class='ocrx_word' id='word_1_225' title='bbox 964 3913 1118 3960; x_wconf 76' lang='lat' dir='ltr'><strong>verba</strong></span> <span class='ocrx_word' id='word_1_226' title='bbox 1144 3907 1299 3962; x_wconf 79' lang='lat' dir='ltr'><strong>Ovid.</strong></span> <span class='ocrx_word' id='word_1_227' title='bbox 1322 3910 1413 3960; x_wconf 81' lang='lat' dir='ltr'><strong>Ar.</strong></span> <span class='ocrx_word' id='word_1_228' title='bbox 1437 3911 1492 3976; x_wconf 83' lang='lat'><strong>1,</strong></span> 
     </span>
     <span class='ocr_line' id='line_1_34' title="bbox 462 3988 1494 4060; baseline 0.003 -22"><span class='ocrx_word' id='word_1_229' title='bbox 462 3995 621 4052; x_wconf 68' lang='lat'><strong>³¹44·</strong></span> <span class='ocrx_word' id='word_1_230' title='bbox 650 3988 845 4060; x_wconf 72' lang='lat' dir='ltr'><strong>quibus</strong></span> <span class='ocrx_word' id='word_1_231' title='bbox 876 3989 933 4040; x_wconf 88' lang='lat' dir='ltr'><strong>in</strong></span> <span class='ocrx_word' id='word_1_232' title='bbox 970 3988 1152 4057; x_wconf 77' lang='lat' dir='ltr'><strong>primis</strong></span> <span class='ocrx_word' id='word_1_233' title='bbox 1182 3989 1339 4041; x_wconf 81' lang='lat' dir='ltr'><strong>etiam</strong></span> <span class='ocrx_word' id='word_1_234' title='bbox 1370 4007 1494 4041; x_wconf 89' lang='lat' dir='ltr'><strong>con·</strong></span> 
     </span>
     <span class='ocr_line' id='line_1_35' title="bbox 484 4067 1499 4139; baseline 0 -19"><span class='ocrx_word' id='word_1_235' title='bbox 484 4067 839 4138; x_wconf 76' lang='lat' dir='ltr'><strong>gressionibus</strong></span> <span class='ocrx_word' id='word_1_236' title='bbox 871 4067 1099 4131; x_wconf 82' lang='lat' dir='ltr'><strong>utimur,</strong></span> <span class='ocrx_word' id='word_1_237' title='bbox 1120 4086 1154 4119; x_wconf 84' lang='lat' dir='ltr'><strong>a</strong></span> <span class='ocrx_word' id='word_1_238' title='bbox 1174 4067 1366 4139; x_wconf 83' lang='lat' dir='ltr'><strong>quibus</strong></span> <span class='ocrx_word' id='word_1_239' title='bbox 1396 4067 1499 4120; x_wconf 90' lang='lat' dir='ltr'><strong>ini-</strong></span> 
     </span>
     <span class='ocr_line' id='line_1_36' title="bbox 484 4145 1499 4220; baseline 0.006 -24"><span class='ocrx_word' id='word_1_240' title='bbox 484 4146 617 4200; x_wconf 82' lang='lat' dir='ltr'><strong>tium</strong></span> <span class='ocrx_word' id='word_1_241' title='bbox 635 4145 830 4199; x_wconf 76' lang='lat' dir='ltr'><strong>notitiae</strong></span> <span class='ocrx_word' id='word_1_242' title='bbox 847 4145 1031 4199; x_wconf 79' lang='lat' dir='ltr'><strong>oritur.</strong></span> <span class='ocrx_word' id='word_1_243' title='bbox 1052 4146 1119 4202; x_wconf 89' lang='lat' dir='ltr'><strong>G.</strong></span> <span class='ocrx_word' id='word_1_244' title='bbox 1132 4149 1499 4220; x_wconf 60' lang='lat' dir='ltr'><strong>-Opponune</strong></span> 
     </span>
    </p>
   </div>
   <div class='ocr_carea' id='block_1_13' title="bbox 1591 3351 2620 4218">
    <p class='ocr_par' dir='ltr' id='par_1_13' title="bbox 1591 3351 2620 4218">
     <span class='ocr_line' id='line_1_37' title="bbox 1591 3351 2618 3426; baseline -0.013 -17"><span class='ocrx_word' id='word_1_245' title='bbox 1591 3375 1655 3408; x_wconf 88' lang='lat' dir='ltr'><strong>co</strong></span> <span class='ocrx_word' id='word_1_246' title='bbox 1669 3393 1684 3419; x_wconf 91' lang='lat'>,</span> <span class='ocrx_word' id='word_1_247' title='bbox 1703 3356 1748 3409; x_wconf 83' lang='lat' dir='ltr'><strong>si</strong></span> <span class='ocrx_word' id='word_1_248' title='bbox 1765 3355 1910 3426; x_wconf 84' lang='lat' dir='ltr'><strong>quod</strong></span> <span class='ocrx_word' id='word_1_249' title='bbox 1917 3357 2168 3422; x_wconf 77' lang='lat' dir='ltr'><strong>publicum</strong></span> <span class='ocrx_word' id='word_1_250' title='bbox 2187 3351 2424 3404; x_wconf 80' lang='lat' dir='ltr'><strong>officinm</strong></span> <span class='ocrx_word' id='word_1_251' title='bbox 2445 3351 2618 3422; x_wconf 73' lang='lat' dir='ltr'><strong>negli-</strong></span> 
     </span>
     <span class='ocr_line' id='line_1_38' title="bbox 1592 3431 2620 3505; baseline -0.004 -17"><span class='ocrx_word' id='word_1_252' title='bbox 1592 3446 1698 3505; x_wconf 71' lang='lat' dir='ltr'><strong>gat.</strong></span> <span class='ocrx_word' id='word_1_253' title='bbox 1721 3435 1774 3488; x_wconf 93' lang='lat' dir='ltr'><strong>S.</strong></span> <span class='ocrx_word' id='word_1_254' title='bbox 1791 3435 2190 3484; x_wconf 74' lang='lat' dir='ltr'><strong>-ordinacura.</strong></span> <span class='ocrx_word' id='word_1_255' title='bbox 2207 3431 2324 3484; x_wconf 83' lang='lat' dir='ltr'><strong>Hoc</strong></span> <span class='ocrx_word' id='word_1_256' title='bbox 2340 3431 2458 3484; x_wconf 78' lang='lat' dir='ltr'><strong>vult</strong></span> <span class='ocrx_word' id='word_1_257' title='bbox 2477 3449 2491 3484; x_wconf 74' lang='grc' dir='ltr'><strong><em>ε</em></strong></span> <span class='ocrx_word' id='word_1_258' title='bbox 2509 3431 2620 3484; x_wconf 85' lang='lat' dir='ltr'><strong>Lo-</strong></span> 
     </span>
     <span class='ocr_line' id='line_1_39' title="bbox 1593 3510 2616 3584; baseline -0.002 -18"><span class='ocrx_word' id='word_1_259' title='bbox 1593 3514 1762 3575; x_wconf 82' lang='lat' dir='ltr'><strong>catio‚</strong></span> <span class='ocrx_word' id='word_1_260' title='bbox 1796 3529 1954 3584; x_wconf 80' lang='lat' dir='ltr'><strong>quam</strong></span> <span class='ocrx_word' id='word_1_261' title='bbox 1991 3528 2134 3562; x_wconf 86' lang='lat' dir='ltr'><strong>nunc</strong></span> <span class='ocrx_word' id='word_1_262' title='bbox 2169 3510 2345 3573; x_wconf 80' lang='lat' dir='ltr'><strong>facio,</strong></span> <span class='ocrx_word' id='word_1_263' title='bbox 2391 3527 2502 3562; x_wconf 83' lang='lat' dir='ltr'><strong>non</strong></span> <span class='ocrx_word' id='word_1_264' title='bbox 2537 3511 2616 3564; x_wconf 83' lang='lat' dir='ltr'><strong>ad</strong></span> 
     </span>
     <span class='ocr_line' id='line_1_40' title="bbox 1593 3587 2618 3661; baseline -0.003 -14"><span class='ocrx_word' id='word_1_265' title='bbox 1593 3611 1762 3646; x_wconf 84' lang='lat' dir='ltr'><strong>unum</strong></span> <span class='ocrx_word' id='word_1_266' title='bbox 1791 3587 1954 3642; x_wconf 87' lang='lat' dir='ltr'><strong>modo</strong></span> <span class='ocrx_word' id='word_1_267' title='bbox 1985 3607 2184 3641; x_wconf 76' lang='lat' dir='ltr'><strong>anunm</strong></span> <span class='ocrx_word' id='word_1_268' title='bbox 2225 3589 2454 3661; x_wconf 79' lang='lat' dir='ltr'><strong>pertinet</strong></span> <span class='ocrx_word' id='word_1_269' title='bbox 2471 3629 2488 3654; x_wconf 88' lang='lat'>‚</span> <span class='ocrx_word' id='word_1_270' title='bbox 2515 3589 2618 3644; x_wconf 74' lang='lat' dir='ltr'><strong>sed</strong></span> 
     </span>
     <span class='ocr_line' id='line_1_41' title="bbox 1593 3667 2616 3743; baseline 0 -19"><span class='ocrx_word' id='word_1_271' title='bbox 1593 3670 1663 3724; x_wconf 79' lang='lat' dir='ltr'><strong>ad</strong></span> <span class='ocrx_word' id='word_1_272' title='bbox 1694 3671 1868 3743; x_wconf 74' lang='lat' dir='ltr'><strong>plures</strong></span> <span class='ocrx_word' id='word_1_273' title='bbox 1887 3707 1904 3732; x_wconf 89' lang='lat'>‚</span> <span class='ocrx_word' id='word_1_274' title='bbox 1939 3669 2008 3722; x_wconf 78' lang='lat' dir='ltr'><strong>ad</strong></span> <span class='ocrx_word' id='word_1_275' title='bbox 2038 3668 2286 3722; x_wconf 77' lang='lat' dir='ltr'><strong>lustrum.</strong></span> <span class='ocrx_word' id='word_1_276' title='bbox 2327 3667 2616 3724; x_wconf 78' lang='lat' dir='ltr'><strong>Rationem</strong></span> 
     </span>
     <span class='ocr_line' id='line_1_42' title="bbox 1593 3747 2614 3821; baseline -0.002 -17"><span class='ocrx_word' id='word_1_277' title='bbox 1593 3751 1734 3804; x_wconf 85' lang='lat' dir='ltr'><strong>enim</strong></span> <span class='ocrx_word' id='word_1_278' title='bbox 1771 3749 2002 3804; x_wconf 74' lang='lat' dir='ltr'><strong>censoris</strong></span> <span class='ocrx_word' id='word_1_279' title='bbox 2041 3761 2091 3801; x_wconf 85' lang='lat' dir='ltr'><strong>et</strong></span> <span class='ocrx_word' id='word_1_280' title='bbox 2134 3747 2401 3821; x_wconf 69' lang='lat' dir='ltr'><strong>publicani</strong></span> <span class='ocrx_word' id='word_1_281' title='bbox 2441 3748 2614 3802; x_wconf 77' lang='lat' dir='ltr'><strong>secuti</strong></span> 
     </span>
     <span class='ocr_line' id='line_1_43' title="bbox 1592 3829 2616 3901; baseline 0.001 -19"><span class='ocrx_word' id='word_1_282' title='bbox 1592 3831 1748 3882; x_wconf 78' lang='lat' dir='ltr'><strong>etiam</strong></span> <span class='ocrx_word' id='word_1_283' title='bbox 1767 3829 1824 3882; x_wconf 87' lang='lat' dir='ltr'><strong>in</strong></span> <span class='ocrx_word' id='word_1_284' title='bbox 1845 3829 2194 3883; x_wconf 77' lang='lat' dir='ltr'><strong>locationibus</strong></span> <span class='ocrx_word' id='word_1_285' title='bbox 2219 3829 2408 3901; x_wconf 80' lang='lat' dir='ltr'><strong>privati</strong></span> <span class='ocrx_word' id='word_1_286' title='bbox 2425 3865 2440 3891; x_wconf 91' lang='lat'>,</span> <span class='ocrx_word' id='word_1_287' title='bbox 2463 3829 2616 3900; x_wconf 84' lang='lat' dir='ltr'><strong>quod</strong></span> 
     </span>
     <span class='ocr_line' id='line_1_44' title="bbox 1591 3907 2617 3981; baseline 0.002 -19"><span class='ocrx_word' id='word_1_288' title='bbox 1591 3909 1716 3962; x_wconf 75' lang='lat' dir='ltr'><strong>satis</strong></span> <span class='ocrx_word' id='word_1_289' title='bbox 1739 3909 1917 3962; x_wconf 84' lang='lat' dir='ltr'><strong>multis</strong></span> <span class='ocrx_word' id='word_1_290' title='bbox 1938 3907 2432 3981; x_wconf 77' lang='lat' dir='ltr'><strong>jurisconsultorum</strong></span> <span class='ocrx_word' id='word_1_291' title='bbox 2469 3919 2617 3964; x_wconf 77' lang='lat' dir='ltr'><strong>vete·</strong></span> 
     </span>
     <span class='ocr_line' id='line_1_45' title="bbox 1591 3989 2611 4062; baseline 0.001 -20"><span class='ocrx_word' id='word_1_292' title='bbox 1591 4007 1712 4042; x_wconf 86' lang='lat' dir='ltr'><strong>rum</strong></span> <span class='ocrx_word' id='word_1_293' title='bbox 1735 3989 1866 4042; x_wconf 86' lang='lat' dir='ltr'><strong>locis</strong></span> <span class='ocrx_word' id='word_1_294' title='bbox 1891 3991 2236 4062; x_wconf 79' lang='lat' dir='ltr'><strong>comprobare</strong></span> <span class='ocrx_word' id='word_1_295' title='bbox 2261 4006 2485 4060; x_wconf 79' lang='lat' dir='ltr'><strong>pronum</strong></span> <span class='ocrx_word' id='word_1_296' title='bbox 2509 4001 2611 4043; x_wconf 77' lang='lat' dir='ltr'><strong>est.</strong></span> 
     </span>
     <span class='ocr_line' id='line_1_46' title="bbox 1593 4065 2616 4140; baseline 0.002 -20"><span class='ocrx_word' id='word_1_297' title='bbox 1593 4068 1764 4140; x_wconf 71' lang='lat' dir='ltr'><strong>Igitur</strong></span> <span class='ocrx_word' id='word_1_298' title='bbox 1793 4069 1880 4123; x_wconf 86' lang='lat' dir='ltr'><strong>lex</strong></span> <span class='ocrx_word' id='word_1_299' title='bbox 1920 4068 2225 4132; x_wconf 80' lang='lat' dir='ltr'><strong>locationis,</strong></span> <span class='ocrx_word' id='word_1_300' title='bbox 2259 4085 2418 4139; x_wconf 81' lang='lat' dir='ltr'><strong>quam</strong></span> <span class='ocrx_word' id='word_1_301' title='bbox 2456 4065 2616 4122; x_wconf 77' lang='lat' dir='ltr'><strong>lum-i</strong></span> 
     </span>
     <span class='ocr_line' id='line_1_47' title="bbox 1593 4145 2616 4218; baseline -0.003 -16"><span class='ocrx_word' id='word_1_302' title='bbox 1593 4147 1747 4202; x_wconf 81' lang='lat' dir='ltr'><strong>initio</strong></span> <span class='ocrx_word' id='word_1_303' title='bbox 1764 4149 2150 4206; x_wconf 80' lang='lat' dir='ltr'><strong>constituebant</strong></span> <span class='ocrx_word' id='word_1_304' title='bbox 2161 4185 2178 4212; x_wconf 83' lang='lat'>‚</span> <span class='ocrx_word' id='word_1_305' title='bbox 2193 4147 2400 4202; x_wconf 71' lang='lat' dir='ltr'><strong>valebat</strong></span> <span class='ocrx_word' id='word_1_306' title='bbox 2417 4145 2474 4200; x_wconf 87' lang='lat' dir='ltr'><strong>in</strong></span> <span class='ocrx_word' id='word_1_307' title='bbox 2493 4145 2616 4218; x_wconf 74' lang='lat' dir='ltr'><strong>plu-</strong></span> 
     </span>
    </p>
   </div>
  </div>
 </body>
</html>
