2857 4690
2337 297 2383 332 ’Ὶ

914 340 1455 409 EPISTOLA
1507 342 1638 407 Χῖ.
2259 335 2368 442 ι9·

2145 433 2182 448 l

236 501 405 570 spere
450 475 829 571 explorata,
880 474 1273 545 foecunditas
1316 474 1496 544 facit.
1553 475 1796 546 Iisdem
1851 501 2032 548 nunc
2077 503 2204 574 ego
2243 497 2344 582 te,
2384 505 2414 556 3

236 588 451 682 quibus
486 588 707 682 ipsum
744 611 888 675 me,
925 587 1193 672 hortor,
1230 611 1506 674 monce,
1533 587 1900 658 confirmo:
1931 614 2146 684 neque
2163 595 2342 663 enim

236 699 546 768 ardentius
586 715 667 769 tu
699 711 1135 793 pronepoteS,
1170 721 1373 792 quam
1401 721 1528 793 ego
1557 697 1798 768 liberos
1824 701 2025 793 cupio
2057 726 2074 768 :
2101 702 2346 796 quibus

237 809 439 879 videor
492 835 535 878 a
581 835 735 880 meo
774 825 1025 904 tuoque
1061 808 1263 877 latere
1300 833 1594 906 pronum
1631 809 1716 878 ad
1753 810 2040 879 honores
2081 812 2244 902 iter,
2277 829 2348 883 et

232 919 437 990 audita
472 919 673 990 latius
706 921 1014 1006 nomina,
1040 935 1109 988 et
1144 942 1282 988 non
1318 919 1570 988 subitas
1605 920 1930 1015 imagines
1965 918 2342 992 relicturus.

230 1031 592 1100 Nascantur
636 1030 841 1100 modo
862 1083 883 1116 ,
918 1045 987 1099 et
1024 1029 1207 1098 hunc
1242 1043 1547 1100 nostrum
1584 1028 1882 1100 dolorem
1919 1031 2166 1123 gaudio
2199 1059 2345 1104 mu-

232 1155 375 1210 tent.
402 1139 592 1214 Vale.

232 1341 427 1395 lendum
442 1351 523 1395 est
536 1381 555 1408 ‚
570 1351 893 1394 senectutem
914 1351 1063 1393 tuam
1079 1339 1230 1411 quasi
1322 1339 1575 1394 act-ibera
1596 1377 1612 1404 ,
1673 1341 1745 1393 ita
1795 1339 1972 1395 anima
2020 1355 2348 1398 commotum

232 1421 403 1492 parati·
416 1419 641 1494 posteris
659 1419 965 1474 destitutam
983 1430 1114 1472 ease.
1134 1419 1189 1473 S.
1325 1420 1482 1473 fuisse
1502 1439 1594 1492 spe
1615 1419 1916 1474 futurorum
1938 1422 2224 1477 liba-orum
2240 1461 2257 1489 ,
2285 1437 2347 1478 ut

292 1501 340 1555 3.
368 1506 476 1553 Ποο
508 1516 693 1567 tuoque
722 1503 891 1551 latere.
922 1498 1146 1552 Paterno
1178 1509 1231 1551 et
1324 1501 1472 1572 quasi
1498 1510 1762 1564 ποιητικῶς
1785 1501 2056 1556 scriberet.
2086 1505 2346 1558 Ceterum

232 1592 467 1634 mate-no.
482 1581 1022 1632 E.-Audiea1aeius.
1044 1616 1059 1630 .
1081 1582 1231 1630 .ima-
1328 1599 1426 1632 non
1452 1584 1637 1633 subitas
1663 1585 1896 1651 imagines
1925 1580 2084 1647 dixit,
2117 1603 2226 1637 non
2268 1603 2347 1638 re-

226 1663 362 1728 gina.
384 1660 507 1714 Hac
534 1659 595 1713 in
619 1659 867 1712 hocloco
894 1658 971 1711 ita
998 1667 1121 1710 sunt
1150 1675 1231 1710 se·
1328 1671 1533 1714 centem
1565 1671 1658 1714 aut
1692 1661 1944 1715 novitiam
1981 1663 2308 1718 nobilitatem
2327 1701 2344 1728 ‚

231 1741 349 1794 lecta
368 1739 721 1812 ‹et-splendida
736 1776 753 1802 ‚
776 1751 841 1814 ut
858 1739 992 1791 mihi
1018 1737 1235 1792 videan·
1328 1759 1427 1794 nec
1449 1741 1626 1793 subito
1643 1740 1696 1792 in
1715 1752 1924 1812 gentem
1939 1741 2140 1796 illatam
2155 1779 2172 1806 ,
2191 1743 2348 1796 adeo-

232 1831 309 1872 tur
342 1839 402 1874 ex
442 1821 625 1892 aliquo
658 1819 919 1890 scriptore
955 1817 1039 1872 vel
1075 1827 1235 1891 poeta
1326 1838 1436 1892 que
1452 1831 1712 1873 vetustam
1726 1832 1777 1872 et
1791 1821 1971 1892 plures
1983 1821 2240 1892 imagines
2249 1839 2348 1874 nu-

232 1900 367 1952 nobis
384 1901 655 1972 incognito
678 1899 791 1953 huc
816 1899 1091 1953 translata.
1114 1899 1228 1953 Nisi
1322 1909 1636 1952 metantem.
1655 1900 1722 1952 E.
1740 1931 1811 1939 —
1827 1900 2168 1972 Calpurniam
2187 1901 2348 1955 duxe-

232 1979 351 2033 forte
374 1980 611 2035 dicamus
627 1979 861 2034 Plinium
883 2017 899 2043 ,
926 1997 1093 2052 quum
1114 1977 1229 2032 haec
1325 1991 1407 2032 rat
1428 1980 1496 2034 A.
1509 1979 1574 2032 C.
1595 1979 1694 2045 983
1717 1989 1857 2031 aetat.
1881 1980 1968 2032 36.
1989 1980 2095 2032 En.

232 2181 1802 2202 mmmmmssm

1059 2325 1073 2342 '
1187 2370 1364 2457 xl.

838 2598 1037 2656 Soceri
1066 2596 1255 2653 sorori
1285 2596 1486 2655 eadem
1515 2610 1728 2656 narrat.

584 2806 649 2851 c.
704 2804 1059 2852 mamus
1112 2780 1566 2851 H'xsanLAE
1619 2782 1650 2813 ⁸
1700 2807 1864 2853 sUAE
1917 2810 1970 2854 s.

316 3002 567 3089 Quum
598 2996 914 3066 affectum
946 3010 1139 3064 tuum
1170 3020 1329 3091 erga
1366 2996 1590 3065 fratris
1618 2996 1824 3066 filiam
1855 3002 2076 3096 cogito
2095 3055 2113 3088 ,
2147 3005 2348 3072 etiam

230 3126 515 3181 materna
546 3106 963 3203 indulgentia
996 3104 1402 3195 molliorem,
1439 3106 1738 3203 intelligo
1769 3108 1956 3204 prius
1983 3111 2142 3201 tibi,
2168 3112 2350 3207 quod

226 3221 679 3317 estposterius,
692 3218 2348 3314 nuntiandum‚utpraesumptalaetitiasollicitudini

229 3330 437 3403 locum
474 3356 617 3402 non
667 3329 1020 3425 relinquat.
1076 3330 1486 3425 Quanquam
1519 3354 1786 3415 vereor,
1820 3355 1906 3398 ne
1940 3345 2094 3424 post
2127 3346 2350 3426 gratu-

228 3440 535 3515 lationem
571 3466 843 3537 quoque
876 3442 946 3509 in
984 3455 1236 3511 metum
1268 3438 1532 3520 redeas;
1559 3454 1762 3535 atque
1792 3440 1885 3507 ita
1920 3438 2209 3533 gaudeas
2234 3468 2347 3537 pe-

230 3554 430 3625 riculo
472 3552 862 3639 liberatam,
896 3565 974 3621 ut
1012 3548 1242 3639 simul,
1280 3550 1462 3647 quod
1498 3548 1872 3644 periclitata
1906 3551 2026 3638 sit,
2062 3552 2345 3645 perhor-

228 3689 456 3735 rescas,
506 3666 661 3732 Jam
711 3659 978 3749 hilaris,
1010 3662 1148 3755 jam
1194 3660 1359 3747 sibi,
1387 3660 1529 3754 jam
1570 3659 1736 3727 mihi
1774 3658 2066 3749 reddita,
2111 3664 2349 3760 incipit
2386 3692 2413 3725 2

229 3774 401 3845 refici
416 3828 444 3861 ,
472 3772 1072 3867 transmissumque
1100 3771 1456 3841 discrimen
1485 3768 2008 3841 convalescendo
2033 3777 2347 3846 remetiri.

290 3972 409 4026 XL*
430 3974 510 4026 De
529 3972 763 4040 Hispulla
777 3969 888 4022 vid.
908 3970 957 4034 1,
974 3972 1124 4043 epist.
1151 3989 1235 4035 η,
1333 3982 1385 4023 et
1410 3971 1522 4023 vim
1549 3970 1721 4022 morbi
1752 3970 2098 4043 imaginemur
2121 3986 2181 4027 ut
2213 3975 2354 4029 subi-

230 4070 291 4119 9;
308 4054 389 4105 111
404 4052 601 4126 ,epist
630 4052 699 4113 ὃς
722 4050 824 4113 IV,
852 4048 999 4144 epist.
1026 4066 1108 4118 ¹9·
1130 4050 1235 4101 En.
1336 4060 1449 4103 tum
1488 4048 1766 4123 aliquem'
1750 4069 1808 4103 ιιι
1833 4050 2102 4123 profunda
2137 4052 2353 4108 descen-

294 4152 338 4188 ι.
362 4137 691 4187 Discrimen..
707 4132 952 4184 ,νεικεῖν-ι’.
975 4132 1239 4182 Dim-imon
1337 4146 1455 4183 sum
1483 4130 1568 4185 vel
1594 4128 1886 4203 delapsum.
1911 4131 2018 4198 Qui
2046 4148 2100 4185 se
2123 4150 2184 4185 ex
2209 4134 2353 4204 gravi

1972 4242 2048 4287 2.
