2857 4690
359 306 371 315 ’
465 335 513 407 6
597 330 602 335 ’
1039 338 1115 405 c.
1171 338 1509 407 PLINH
1558 340 1751 407 [ΑΒ.
1809 340 2029 407 vm.

465 472 608 528 arte
653 482 980 551 curaque,
1021 460 1072 527 si
1121 485 1254 527 non
1299 474 1518 555 potest
1559 460 1770 549 vinci,
1816 462 2182 557 mitigetur.
2228 465 2595 552 Praeterea,

467 570 522 637 si
559 568 758 637 datur
793 571 1112 651 Homer0‚
1153 585 1218 637 et
1255 566 1479 639 mollia
1516 569 1839 639 vocabula
1875 587 1940 639 et
1976 575 2209 643 Graeca
2243 573 2328 643 ad
2361 573 2597 643 lenita-

467 694 603 747 tem
631 704 856 749 versus
885 679 1277 749 contrahere
1295 732 1312 767 ,
1333 678 1723 767 extendere,
1740 680 2111 769 inflectere,
2128 707 2249 751 cur
2268 683 2389 751 tibi
2408 684 2593 751 simi-

469 790 549 859 lis
584 790 926 875 audentia,
945 792 1305 882 praesertim
1337 815 1475 857 non
1506 788 1821 879 delicata,
1843 792 1955 859 sed
1976 794 2371 881 necessaria,
2391 818 2591 889 nege-

405 924 435 971 5
469 902 624 970 tur?
651 901 938 969 Proinde
962 901 1114 991 jure
1136 916 1395 987 vatum,
1425 902 1747 970 invocatis
1766 901 1923 983 diis,
1952 917 2019 971 et
2042 904 2217 971 inter
2240 902 2399 971 deos
2418 904 2597 999 ipso,

469 1010 656 1103 cujus
701 1036 838 1097 res,
873 1034 1114 1105 opera,
1147 1010 1420 1080 consilia
1458 1010 1758 1079 dicturus
1795 1036 1895 1095 es,
1933 1012 2215 1081 immitte
2250 1012 2595 1097 rudente5‚

468 1118 685 1213 pande
720 1117 899 1207 vela,
932 1144 1037 1206 ac,
1071 1120 1125 1187 si
1155 1120 1427 1214 quando
1462 1118 1654 1207 alias,
1688 1137 1829 1190 toto
1861 1122 2131 1217 ingenio
2162 1124 2421 1193 vehere.
2452 1126 2598 1193 Cur

401 1242 435 1291 6
471 1229 648 1297 enim
688 1255 824 1297 non
863 1254 988 1323 ego
1017 1254 1283 1325 quoque
1317 1235 1576 1325 poetice
1602 1256 1753 1299 cum
1782 1230 2023 1326 poeta?
2052 1231 2226 1301 Illud
2247 1232 2388 1325 jam
2414 1258 2597 1301 nunc

468 1342 767 1433 paciscor
794 1366 811 1409 τ
841 1343 1054 1435 prima
1085 1366 1364 1435 quaeque
1381 1357 1456 1411 ut
1482 1341 1869 1427 absolveriS‚
1892 1344 2082 1411 mitte
2098 1337 2122 1429 ‚'
2137 1344 2342 1412 immo
2362 1344 2593 1426 etiam,

471 1466 827 1546 antequam
878 1451 1211 1539 absolvas3
1261 1454 1356 1521 sic
1406 1468 1482 1522 ut
1532 1468 1730 1523 erunt
1786 1456 2111 1539 recentia,
2161 1470 2226 1523 et
2264 1456 2489 1539 rudia,
2530 1470 2599 1523 et

405 1592 435 1642 7
470 1560 690 1631 adhuc
713 1561 954 1631 similia
973 1564 1419 1633 nascentibus,
1442 1564 1931 1659 RespondebiS,
1956 1592 2093 1637 non
2111 1592 2303 1662 posse
2320 1566 2601 1662 perinde

471 1675 754 1769 carptim
769 1726 788 1761 ,
810 1689 884 1741 ut
903 1688 1210 1743 contexta
1230 1728 1248 1763 ‚
1277 1675 1557 1769 perinde
1577 1677 1889 1747 inchoata
1909 1678 2203 1771 placere,
2230 1693 2304 1747 ut
2336 1677 2595 1747 effecta.

468 1900 710 1961 pugnent
735 1900 924 1941 metro.
953 1889 1031 1941 De
1057 1888 1148 1940 tali
1171 1887 1484 1943 difficultate

469 1966 708 2039 querelas
725 1979 996 2040 poctarum
1022 1967 1110 2020 hic
1128 1969 1337 2041 collegit
1357 1970 1486 2023 Cor-

467 2048 591 2099 tius.
620 2044 760 2099 Addi
783 2060 1002 2120 possunt
1029 2048 1130 2102 tria
1149 2049 1324 2120 lepida
1348 2050 1489 2103 Mar·

466 2125 606 2179 tialis
631 2118 1014 2198 epigrammata
1034 2128 1087 2183 in
1109 2130 1364 2183 Eariuum
1387 2130 1486 2193 lx,

473 2225 536 2261 υ
555 2246 570 2271 ,
594 2206 652 2260 it.
677 2208 762 2270 13,
781 2220 829 2260 et
853 2215 933 2271 14.
956 2210 1159 2261 Nomen
1183 2211 1318 2281 regis
1341 2214 1485 2264 Δεκέ-

471 2288 614 2351 ὃαλος
631 2287 878 2339 scribitur
891 2306 921 2340 a
935 2288 1131 2341 Grecis
1147 2306 1160 2340 :
1177 2292 1487 2356 Diurpaneus

472 2381 549 2422 est
570 2369 762 2422 Orosio
777 2369 885 2420 vu
900 2407 915 2433 ,
945 2387 1026 2422 10.
1053 2367 1122 2420 G.

543 2458 594 2514 4.
621 2453 863 2502 Delicata.
897 2446 1150 2520 Αὐοαδεὶᾳ
1175 2447 1406 2518 quadam
1436 2461 1489 2500 et

473 2530 583 2582 sine
623 2528 726 2581 alia
766 2545 952 2580 caussa
973 2565 988 2591 ,
1029 2545 1188 2597 quam
1229 2527 1374 2600 quod
1415 2527 1489 2580 sie

469 2609 676 2684 placeat
695 2649 710 2675 ,
737 2619 994 2678 suscepta.
1025 2606 1108 2661 Sic
1137 2606 1330 2677 passim
1366 2609 1490 2658 deli-

473 2693 576 2741 cias
601 2689 764 2758 poni,
801 2687 894 2738 ubi
920 2689 1188 2756 capt-iciam
1215 2686 1493 2738 nominant

473 2767 616 2820 Gaui
627 2766 851 2839 Italique
868 2803 883 2829 ,
898 2766 1027 2818 alias
1039 2766 1402 2818 observamus.
1419 2765 1488 2818 G.

547 2848 597 2900 5.
627 2853 766 2913 Ipso,
796 2849 933 2914 cnjus
968 2864 1058 2896 res.
1075 2885 1087 2896 .
1101 2885 1112 2896 .
1131 2883 1143 2896 .
1174 2848 1390 2896 dicturus
1425 2865 1487 2897 es.

473 2925 762 2998 Traianum
801 2925 852 2976 in
893 2934 1069 2996 partes
1095 2942 1282 2975 vocare
1303 2923 1490 2994 jubet,

473 3018 534 3058 ut
569 3003 821 3076 Virgilius
870 3005 1166 3074 Augustum
1187 3040 1202 3064 ,
1247 3003 1493 3056 Valerius

477 3083 698 3138 Flaccus
710 3083 1096 3154 Vespasianum
1113 3119 1129 3144 ‚
1149 3080 1238 3134 alii
1255 3081 1386 3136 alios
1412 3084 1494 3136 in-

441 3175 682 3217 *vocant
725 3162 867 3216 Illud
907 3165 1182 3214 dictaturus
1221 3181 1270 3213 es
1285 3199 1301 3226 ,
1337 3163 1494 3234 ‘quod

473 3243 673 3298 habent
699 3242 918 3313 quidam
945 3239 1186 3305 codices,
1214 3254 1290 3294 est
1316 3261 1345 3294 a
1371 3243 1495 3296 bar·

475 3325 608 3376 baro
636 3320 844 3384 seculo,
875 3321 966 3373 ubi
994 3323 1182 3372 dictare
1216 3322 1390 3376 solum
1418 3337 1497 3378 est

476 3413 773 3456 auctorum.
796 3401 864 3453 G.
897 3431 968 3442 -—
1003 3403 1218 3450 Immitee
1249 3405 1489 3466 rudentes,-

475 3482 670 3554 quibus
695 3481 814 3535 vela
845 3477 1215 3544 intenduntur,
1241 3494 1495 3554 tanquam

473 3581 667 3616 nervos
685 3562 833 3615 navis
846 3574 1006 3633 atque
1023 3559 1284 3625 tendines‚
1300 3563 1496 3634 quibus

479 3660 540 3696 ea
561 3653 869 3706 moveatur-3
903 3639 1048 3713 quod
1075 3660 1219 3694 nune
1247 3645 1497 3697 transfert

477 3721 546 3774 ad
579 3721 842 3774 scribendi
871 3719 1114 3793 quedam
1150 3719 1314 3775 initia.
1339 3722 1495 3776 G.-

476 3799 670 3874 Virgil.
691 3805 813 3854 AEu.
832 3801 990 3864 VIII,
1016 3819 1140 3872 707,
1167 3821 1246 3874 sq.
1275 3809 1392 3871 Ipsa
1416 3807 1495 3854 vi-

478 3883 690 3932 debatur
733 3886 893 3934 veneis
931 3885 1104 3951 regina
1143 3885 1336 3934 voeatis
1375 3887 1495 3934 Vela

478 3965 626 4024 dare,
656 3978 704 4014 ec
727 3967 872 4014 laxos
887 3966 1002 4032 jam
1011 3965 1221 4032 jamque
1243 3964 1497 4014 immittere

469 4043 636 4108 funes,-
649 4042 968 4115 propiusque
983 4041 1050 4094 ad
1064 4055 1300 4096 nostrum
1315 4041 1493 4094 locum

477 4122 526 4173 Χ
545 4159 560 4184 ,
591 4140 688 4190 229
703 4161 720 4187 ,
747 4127 873 4175 velis
895 4125 1098 4174 immitte
1116 4125 1357 4182 rudentes,
1385 4139 1495 4190 quo

1580 1888 1879 1951 Secundum
1898 1933 1913 1959 ,
1934 1890 2224 1963 virgiliana
2248 1892 2401 1945 toties
2428 1890 2603 1963 expri-

1583 1982 1811 2023 mentem
1832 2010 1848 2035 ,
1880 1972 2165 2043 respexisse
2191 1983 2340 2045 puto·
2370 1972 2424 2025 S.

1654 2068 1706 2119 7.
1731 2054 1973 2120 Cat-prim,
1996 2068 2051 2103 ηε
2066 2067 2313 2103 contexta.
2334 2048 2605 2129 Illudaecats

1576 2132 1705 2195 prim
1723 2148 1925 2205 semper
1948 2131 2077 2182 mihi
2093 2129 2369 2183 videbatur
2390 2128 2605 2181 concin-

1582 2208 1799 2261 nitatem
1827 2208 1987 2281 hujus
2014 2209 2116 2261 loci
2148 2208 2330 2261 tollere
2349 2245 2364 2271 ,
2406 2207 2463 2259 in
2491 2224 2601 2277 quo

1584 2298 1635 2337 et
1655 2305 1767 2360 seq.
1794 2292 2026 2340 inchoata
2058 2300 2109 2341 et
2134 2290 2309 2358 efficta
2335 2284 2433 2339 sibi
2461 2298 2603 2338 recte

1581 2368 2602 2438 respondent.1.audabamigitur‚quum

1583 2445 1815 2500 *viderem
1843 2448 1899 2499 in
1917 2448 2029 2500 aliis
2048 2446 2194 2500 libris
2212 2463 2387 2516 carpta
2406 2445 2601 2500 lectum

1587 2526 1765 2578 fuisse.
1792 2527 1910 2597 [Est
1932 2527 2041 2579 haic
2052 2526 2257 2580 Barthii
2274 2527 2575 2598 conjectura
2584 2564 2622 2596 ,-

1585 2605 1782 2658 nullius
1808 2607 1897 2658 illa
1924 2606 2045 2659 libri
2072 2607 2385 2660 anctoritate
2407 2606 2599 2659 nitens.

1585 2687 1661 2757 S.]
1698 2685 1799 2739 Sed
1830 2705 1995 2757 quum
2029 2687 2185 2740 altius
2211 2687 2442 2758 inspecto
2484 2685 2601 2739 loco

1586 2764 2055 2820 animadverterem
2072 2767 2125 2819 in
2139 2768 2431 2838 composito
2440 2765 2603 2820 verbo

1587 2861 1819 2898 contexta
1846 2851 1900 2901 τὸ
1924 2865 2015 2897 eon
2044 2846 2361 2898 contrariam
2392 2857 2462 2918 τῷ
2490 2867 2603 2898 can-

1577 2929 1706 2992 ptim
1754 2926 2021 2978 notionem
2068 2925 2263 2978 habere
2287 2964 2302 2990 ,
2346 2927 2603 2998 putabam

1588 3005 1761 3076 ipsum
1776 3005 2005 3058 Plinium
2026 3005 2097 3057 ita
2118 3005 2432 3058 sententiam
2460 3007 2603 3077 cogi-

1587 3096 1725 3138 tasse
1742 3125 1757 3151 ,
1796 3097 1855 3137 ut
1890 3088 2105 3154 carptim
2146 3099 2287 3136 texta
2300 3123 2316 3145 ,
2361 3089 2603 3135 contextis

1588 3177 1875 3237 opponeret
1893 3204 1908 3230 ,
1948 3163 2139 3218 deinde
2176 3183 2303 3216 vero
2333 3162 2603 3216 brevitatis

1588 3245 1754 3317 gratia
1776 3243 1906 3298 illud
1928 3245 2074 3318 prius
2088 3259 2226 3295 texta
2238 3241 2518 3295 omitteret.
2534 3243 2599 3296 E.

1590 3325 1681 3376 11ae
1695 3339 1817 3377 sunt
1832 3324 2045 3395 argutite
2060 3359 2075 3385 ,
2091 3321 2413 3392 omninoque
2432 3340 2605 3376 vanus

1590 3405 1767 3470 timor,
1790 3423 1857 3456 ne
1874 3401 2001 3472 quid
2020 3412 2199 3452 nostra
2220 3399 2373 3453 lectio
2390 3402 2604 3454 concin—

1588 3483 1741 3537 nitati
1768 3480 2017 3535 orationis
2036 3479 2256 3533 officiat.
2277 3479 2467 3534 Similia
2495 3501 2603 3536 me-

1590 3576 1673 3617 tus
1692 3564 1869 3616 locum
1888 3559 2165 3612 Livianum
2184 3558 2397 3612 videtur
2416 3558 2605 3632 depra-

1590 3661 1771 3704 vasse,
1802 3641 1893 3692 lib.
1918 3637 2181 3704 XXVIII,
2208 3659 2329 3713 cap.
2364 3642 2460 3704 25,
2500 3661 2563 3693 ro
2588 3659 2603 3694 ε

1590 3725 1817 3777 Edictum
1844 3723 2049 3772 subinde
2072 3720 2381 3788 propositum
2394 3759 2412 3782 ‚
2454 3737 2508 3772 ue
2537 3727 2612 3773 ad

1587 3803 1877 3870 stipendium
1888 3803 2153 3868 petendum
2170 3803 2477 3851 convenirent
2491 3804 2608 3852 Car-

1592 3885 1837 3950 maginem
1852 3903 1873 3942 ‚·
1910 3899 1995 3932 seu
2036 3883 2245 3947 carptim
2274 3895 2445 3946 parces
2457 3918 2475 3941 ‚
2522 3900 2607 3932 seu

1590 3964 1799 4014 universi
1836 3965 2053 4012 mallent.
2096 3961 2127 4011 J
2135 4000 2148 4013 .
2183 3960 2271 4013 Fr.
2310 3959 2607 4014 Gronovius

1590 4040 1738 4094 malit
1752 4060 1846 4108 per
1854 4054 2034 4112 partes.
2051 4041 2223 4092 Immo
2227 4054 2417 4109 partes,
2441 4039 2498 4094 ni
2512 4039 2607 4092 fal-

1588 4120 1694 4186 lor,
1720 4119 2094 4176 inducendum.
2116 4119 2172 4174 S.
