2857 4690
775 368 1301 438 PANEGYR.
1353 369 1575 438 CAP.
1628 370 1813 438 XII.

2227 373 2367 469 257
2458 335 2461 340 -

211 493 786 618 triumpharetur.
818 494 1002 586 Ergo
1033 489 1445 562 sustulerant
1472 490 1765 581 animos,
1790 507 1858 562 et
1878 493 2119 588 jugum
2150 507 2372 566 excus-
2408 515 2439 562 5

209 619 488 676 serant:
531 627 660 673 nec
679 603 822 697 jam
853 601 1208 674 nobiscum
1240 599 1326 670 de
1355 625 1477 670 sua
1510 587 1848 689 libesttate,
1885 602 2001 672 sed
2028 603 2111 672 de
2138 619 2369 674 nostra

208 716 576 796 servitute,
603 711 1012 782 certabant.
1051 734 1132 780 ac
1167 735 1254 780 ne
1299 711 1602 782 inducias
1638 711 1953 806 quidem,
1990 713 2119 782 nisi
2162 716 2369 808 aequis

213 822 734 894 conditionibus
770 821 1065 912 inibant,
1097 819 1410 916 legesque
1438 837 1517 890 ut
1548 825 1969 918 acciperent,
1996 823 2270 895 dabant.

315 938 468 1006 XII.
497 937 594 1003 At
626 959 809 1004 nunc
843 932 1041 1002 rediit
1073 933 1387 1003 omnibus
1412 947 1633 1004 terror
1668 949 1737 1005 et
1762 949 2015 1020 metus,
2034 951 2102 1006 et
2130 951 2369 1006 votum

217 1049 556 1142 imperata
593 1045 878 1116 faciendi
910 1073 927 1115 ε
964 1045 1196 1115 vident
1229 1043 1407 1116 eni‘m
1450 1071 1805 1118 romanum
1836 1047 2113 1137 ducem,
2146 1075 2365 1120 unum

215 1183 306 1226 ex
337 1156 472 1226 illis
508 1157 844 1227 veteribus
876 1171 945 1226 et
987 1154 1263 1249 priscis;
1299 1155 1547 1249 quibus
1584 1157 2091 1252 imperatorium
2122 1184 2371 1229 nomen

217 1266 566 1338 addebant
605 1267 895 1335 contecti
939 1265 1230 1334 caedibus
1261 1267 1484 1360 campi
1520 1281 1589 1336 et
1624 1267 1870 1338 infecta
1898 1271 2199 1340 victoriis
2236 1296 2372 1364 ma·

224 1380 348 1448 ria.
383 1378 776 1471 Accipimus
801 1374 1066 1445 obsides
1091 1400 1280 1470 ergo,
1307 1400 1447 1444 non
1474 1377 1759 1448 emimus
1791 1405 1807 1447 z
1841 1403 1963 1448 nec
1992 1380 2377 1474 ingentibus
2411 1405 2443 1437 ²

220 1488 498 1558 damnis
519 1486 1000 1579 immensisque
1017 1485 1410 1555 muneribus
1430 1488 1833 1580 paciscimur
1848 1543 1867 1576 ‚
1902 1505 1979 1560 ut
1996 1491 2373 1562 vicerimus.

221 1601 526 1692 Rogant,
555 1595 966 1691 supplicant;
993 1595 1340 1690 largimur,
1370 1618 1725 1691 negamus,
1753 1607 2116 1694 utrumque
2138 1624 2221 1670 ex
2246 1602 2379 1670 im-

225 1709 401 1804 perii
451 1707 806 1801 majestate
839 1733 854 1776 :
891 1720 1105 1800 agunt
1143 1705 1428 1800 gratiaS,
1466 1707 1584 1800 qui
1628 1709 2189 1801 impetraverunt3
2238 1736 2375 1780 non

225 1816 488 1890 audent
513 1815 707 1911 queri
723 1869 744 1904 ‚
764 1815 1010 1911 quibus
1029 1828 1348 1910 negatum
1366 1829 1487 1884 est.
1511 1819 1619 1886 An
1640 1817 1935 1886 audeant
1949 1872 1970 1906 ,
1992 1821 2113 1913 qui
2131 1822 2377 1910 sciant,
2414 1833 2448 1888 3

223 1993 511 2044 habebatur
533 1993 787 2042 indiciam.
815 1991 882 2042 In
908 1989 1012 2042 hoc
1033 1987 1152 2042 loco
1180 2007 1264 2040 ex-

225 2071 484 2146 plicando
512 2068 670 2124 valde
699 2089 755 2123 se
783 2081 982 2122 torsere
1011 2067 1260 2139 ingenia..

226 2151 316 2205 Jo.
337 2151 379 2204 F
379 2171 428 2204 r
451 2149 790 2212 Gronovius,
815 2167 984 2220 quum
1010 2147 1262 2210 sentiret,

229 2227 434 2302 aliquid
457 2229 662 2291 deesse,
684 2185 826 2280 unde
839 2225 1112 2298 penderet,
1126 2246 1264 2295 etque

219 2311 666 2381 pulcij‘ugatique,
689 2317 794 2360 etc.
825 2306 1112 2379 supplevit,
1141 2325 1264 2374 quo-

227 2392 372 2443 m‘am
411 2396 696 2457 Imperator
720 2391 792 2447 is,
837 2386 984 2457 quod
1021 2386 1266 2457 probavit

231 2468 449 2531 deinde,
456 2477 509 2520 et
519 2484 625 2519 suae
635 2464 850 2519 editioni
857 2465 1032 2517 intulit
1042 2465 1268 2519 schwar-

233 2548 370 2601 zius.
395 2548 595 2599 Utrum
617 2563 738 2598 mox
762 2544 968 2616 legatur
991 2546 1264 2611 trumpha-

233 2644 386 2688 ntur,
411 2646 481 2679 an
501 2628 846 2693 triumpharet,
873 2622 1020 2695 quod
1043 2622 1269 2695 praetulit

233 2707 591 2770 &hwa-zius,
609 2703 741 2760 nihil
761 2702 832 2757 ad
851 2720 1062 2755 sensum
1085 2702 1264 2755 refert.

239 2787 534 2839 Eu.--Si
553 2785 954 2851 trittenpharetur.
969 2782 1056 2834 Sic
1072 2780 1195 2833 Ald.
1217 2792 1270 2833 et

239 2866 360 2919 alii:
387 2870 529 2936 quod
546 2864 637 2917 alii
653 2902 670 2927 ,
695 2862 880 2917 eadem
902 2862 1178 2915 sententia.
1197 2860 1268 2915 G.

313 2946 344 2999 5
353 2986 368 2999 .
383 2948 501 2997 Nisi
507 2945 664 3012 eequis
677 2945 1052 2994 conditionibus.
1065 2940 1130 2993 Id
1145 2960 1272 2993 vero

239 3024 418 3096 ipsum
453 3024 704 3095 iniquum
725 3021 1003 3075 videbatur
1023 3020 1272 3073 Romania

239 3124 426 3158 rerum
454 3101 688 3156 dominis
705 3138 722 3162 ‚
763 3100 816 3154 in
853 3120 988 3173 quos
1028 3100 1232 3153 diceres
1252 3136 1272 3163 ,

241 3182 390 3255 quod
426 3183 728 3253 Agrippina
765 3179 958 3253 objecit
994 3178 1238 3233 Tiberius
1255 3216 1271 3243 ,

243 3264 389 3319 Suet.
411 3262 546 3315 LIII
564 3280 577 3314 :
595 3264 652 3312 Si
660 3280 760 3311 mm
775 3262 1044 3311 dominaris
1052 3298 1067 3321 ,
1066 3262 1239 3331 filiola
1251 3298 1270 3320 ‚

243 3346 480 3413 injuciam
500 3358 550 3394 te
566 3343 789 3408 accipere
807 3342 1060 3391 existimas
1074 3359 1093 3390 .·
1111 3337 1276 3391 velut

247 3434 324 3475 est
341 3420 484 3495 apud
502 3421 674 3473 Tacit.
695 3419 889 3473 Annal.
911 3418 1014 3485 IV,
1033 3418 1098 3471 52
1119 3433 1132 3470 τ
1151 3420 1274 3469 Ideo

249 3506 388 3563 ledi,
411 3504 538 3570 quia
559 3519 658 3550 non
677 3512 917 3567 regnaret.
941 3496 1010 3551 G.
1024 3504 1280 3566 —Leges·

249 3601 344 3649 que
373 3596 432 3632 ut
459 3582 763 3647 acciperat&
795 3581 1000 3631 dabant.
1035 3576 1128 3629 11ae
1154 3588 1278 3631 sunt

251 3678 409 3732 aequae
443 3658 549 3711 iltae
575 3656 937 3711 conditiones:
965 3674 1096 3709 cave
1123 3656 1278 3727 igitur

253 3757 372 3792 cum
393 3738 581 3811 Lipsio
604 3741 704 3789 nisi
725 3755 1010 3807 expungas.

319 3819 448 3871 XII.
475 3836 496 3870 ι
509 3858 524 3869 .
545 3820 922 3885 Imperatorium
938 3834 1131 3868 nomen.
1150 3816 1280 3868 Tra-

253 3897 486 3951 laticium
519 3909 598 3949 est
624 3898 932 3964 imperatoris
961 3914 1155 3949 nomen
1187 3894 1282 3948 tri·

1363 1991 1604 2043 Victoriis.
1634 1991 1827 2044 Parum
1851 1989 1942 2044 hic
1967 1991 2151 2062 placet.
2170 1993 2383 2045 Praefer-

1357 2085 1471 2120 rein
1482 2074 1749 2122 cruoribus.
1762 2070 2099 2135 Dicemusne,
2119 2071 2378 2143 pluralem

1356 2167 1553 2200 cruores
1569 2149 1813 2203 librarios
1836 2149 1971 2204 adeo
1988 2150 2299 2216 offendisse,
2324 2163 2379 2204 ut

1358 2224 1671 2298 languidum
1688 2229 1823 2283 illud
1838 2231 2031 2302 vixque
2051 2243 2236 2302 aptum
2256 2230 2381 2284 huic

1361 2304 1483 2360 loco
1503 2312 1725 2362 victoriis
1738 2309 2108 2363 substituerent
2119 2309 2145 2361 ἲ
2158 2311 2214 2365 S.
2228 2317 2383 2362 -Ιηο

1345 2388 1493 2457 seem
1504 2392 1745 2451 victoriis,
1761 2388 1817 2443 id
1830 2402 1931 2453 est,
1949 2390 2113 2443 tincta
2128 2391 2385 2461 sanguine
2396 2430 2409 2443 .

1359 2466 1655 2521 occisorum
1677 2470 1731 2522 in
1751 2469 2033 2522 navalibus
2052 2468 2257 2539 praeliis.
2282 2470 2382 2522 En.

1436 2566 1486 2601 2.
1524 2551 1643 2599 Non
1680 2552 1899 2601 emimus.
1936 2548 2111 2600 Tacit.
2152 2547 2383 2619 Agl-leel.

1363 2624 1591 2679 XXXIX
1610 2644 1623 2678 ε
1641 2631 1829 2695 Emptis
1842 2646 1936 2695 per
1944 2630 2251 2687 commercia,
2269 2648 2388 2696 quo-

1363 2724 1471 2755 mm
1503 2708 1700 2759 habitus
1732 2723 1781 2758 et
1811 2710 1967 2758 crines
2001 2709 2053 2757 ἱη
2086 2709 2389 2773 captivorum

1364 2786 1570 2851 speeiem
1581 2788 1942 2854 fortnarentur.
1963 2783 2277 2837 G.—-Tuciti
2301 2786 2389 2838 ille

1367 2860 1521 2915 locus
1536 2864 1643 2917 huc
1662 2884 1771 2916 nou
1794 2874 2012 2935 spectat.
2034 2864 2089 2916 S.
2112 2892 2184 2903 -
2206 2870 2389 2933 Ingen-

1370 2945 1495 2993 cibus
1520 2946 1731 2994 damnis.
1751 2944 1884 3007 Quae
1903 2940 2152 2994 describit
2178 2944 2391 3015 copiose

1369 3021 1472 3074 Dio
1492 3058 1509 3085 .
1557 3022 1677 3074 loco
1726 3040 1759 3075 a
1801 3020 2102 3074 Theodosio
2152 3033 2382 3084 servato,

1370 3098 1463 3152 lib.
1486 3101 1688 3153 LXVII
1702 3137 1721 3164 ,
1738 3118 1861 3172 pag.
1880 3102 1981 3169 762
1998 3136 2015 3162 ‚
2042 3100 2130 3151 ubi
2162 3112 2391 3170 emptam

1370 3178 1582 3233 damnis
1624 3191 1676 3232 et
1714 3178 2022 3233 muneribus
2059 3198 2092 3232 a
2130 3179 2393 3232 Decebalo

1369 3276 1557 3329 pacem
1598 3271 1829 3313 enarrat.
1870 3262 2077 3311 Damnis
2119 3257 2357 3329 plerique
2374 3296 2393 3323 ,

1371 3337 1465 3391 alii
1482 3342 1655 3392 donis:
1680 3338 1776 3393 sed
1800 3342 1935 3391 dona
1956 3335 2223 3409 quomodo
2248 3338 2337 3391 hic
2362 3359 2395 3393 a

1371 3422 1648 3471 muneribus
1679 3418 1961 3479 differant,
1994 3434 2103 3469 non
2140 3430 2391 3487 apparet:

1371 3501 1561 3549 dama
1587 3497 1675 3551 hic
1706 3515 1819 3551 esse
1847 3507 2089 3567 respectu
2114 3494 2360 3549 donantis
2376 3536 2395 3563 ‚

1373 3596 1492 3649 quae
1518 3598 1723 3629 numera
1750 3575 2086 3647 accipientis,
2124 3574 2277 3629 facile
2310 3578 2395 3630 in-

1370 3656 1600 3728 telligas.
1622 3656 1805 3728 Neque
1826 3668 2003 3707 tamen
2029 3673 2135 3707 non
2158 3654 2399 3711 luculen-

1375 3746 1456 3789 ter
1494 3734 1721 3789 ostendit
1760 3733 2089 3789 Schwarzius
2108 3772 2125 3798 ‚
2170 3739 2307 3789 dona
2347 3751 2399 3791 et

1375 3834 1581 3867 munera
1606 3832 1768 3886 sepe,
1813 3825 1864 3867 et
1906 3813 2056 3884 quasi
2096 3814 2398 3869 solemniter

1378 3894 1527 3966 apud
1560 3906 1802 3949 auctores
1841 3893 2012 3967 jungi.
2050 3896 2236 3967 Itaque
2266 3916 2402 3969 prae-

254 3977 442 4031 butum
463 4014 480 4043 ,
517 3977 564 4029 si
604 3975 722 4047 quis
765 3988 968 4029 certum
1001 3994 1284 4029 numerum
1381 3974 1575 4027 ferrem
1600 3976 1766 4035 donis,
1796 3974 1899 4026 nisi
1928 3974 2200 4029 accederet
2232 3977 2363 4029 illud
2384 4018 2401 4043 ‚

257 4054 490 4110 hostium
504 4056 802 4117 cecidisset3
819 4074 1102 4109 numerum
1114 4056 1286 4126 ipsum
1381 4052 1529 4125 quod
1543 4054 1797 4126 majorem
1812 4054 1917 4107 vim
1938 4054 2405 4129 indignitatemque

263 4136 530 4189 memoriae
552 4133 826 4207 proditum
853 4154 962 4189 non
982 4154 1114 4189 etse.
1138 4135 1290 4191 6.-

557 4236 664 4303 II.

1387 4139 1572 4187 damna
1598 4134 1796 4189 habere
1818 4133 2085 4189 videntur.
2112 4134 2229 4189 Mox
2238 4136 2279 4189 it
2301 4136 2405 4195 hoc

2036 4258 2115 4331 ¹7
