2857 4690
961 367 1482 435 EPISTOLA
1533 369 1612 432 V.
2255 359 2342 432 55

885 571 1954 592 mmmmm-mmmmm
1961 572 2040 588 §u
2048 571 2320 589 mmm

1228 765 1335 850 V.

220 990 503 1066 AEquitate
532 989 767 1048 Tironis
801 1011 937 1070 erga
962 993 1348 1069 provinciales
1376 993 1629 1065 laetatur,
1667 991 1922 1050 monenti
1953 994 2146 1070 potius
2173 1011 2346 1070 quam

958 1089 1217 1147 laudanti
1246 1088 1464 1147 similis,
1490 1093 1598 1148 En.

674 1299 739 1342 c.
786 1297 1149 1344 nmmos
1198 1297 1504 1344 Tmom
1541 1273 1572 1302 ⁸
1623 1299 1788 1345 suo
1839 1302 1894 1346 s.

312 1477 687 1546 Ecnzmt
720 1476 881 1546 facis
921 1478 1220 1574 (inquiro
1261 1479 1478 1565 enim,
1513 1492 1583 1546 et
1615 1477 1988 1573 persevere)
2025 1477 2210 1573 quod
2235 1479 2350 1571 ju-

226 1585 464 1653 stitiam
484 1599 675 1654 tuam
694 1585 1214 1680 provincialibus
1230 1586 1442 1658 multa
1462 1587 1879 1657 humanitate
1897 1588 2322 1659 commendas

226 1695 407 1787 cujus
443 1696 782 1789 praecipua
824 1721 979 1791 pars
1018 1712 1117 1766 est
1134 1750 1154 1781 ‚
1194 1697 1739 1768 honestissimum
1781 1723 2118 1794 quemque
2157 1725 2346 1776 com-

228 1805 457 1899 plecti,
476 1821 687 1902 atque
716 1809 813 1876 ita
846 1833 887 1878 a
921 1809 1291 1880 minorihus
1334 1811 1582 1896 amari,
1619 1823 1698 1877 ut
1723 1807 1926 1878 simul
1958 1835 1997 1878 a
2028 1810 2344 1904 principi-

226 1916 345 1984 bus
366 1915 669 2011 diligare.
700 1919 1009 2014 Plerique
1040 1935 1259 1990 autem
1276 1972 1296 2007 ‚
1317 1920 1481 1989 dum
1505 1929 1843 2006 frerentur,
1867 1943 1954 1988 ne
1979 1922 2206 2014 gratiae
2224 1945 2346 2016 po·
2395 1945 2422 1978 ²

228 2025 507 2094 tentimn
550 2027 837 2096 nimium
882 2030 1214 2124 impertiri
1257 2030 1641 2114 videant-ur,
1667 2029 2112 2100 sinisteritatis
2147 2044 2349 2123 atque

228 2137 419 2204 etiam
456 2136 893 2232 malignitatis
936 2140 1180 2209 famam
1222 2156 1748 2236 consequuntur.
1786 2143 1847 2210 A
1897 2164 2034 2234 quo
2074 2140 2237 2208 vitio
2272 2155 2349 2207 tu
2392 2145 2424 2199 3

230 2243 419 2342 longe
434 2249 798 2332 recessisti,
815 2251 983 2337 sci03
1018 2250 1131 2320 sed
1154 2265 1528 2345 temperare
1545 2251 1712 2320 mihi
1729 2274 1870 2320 non
1885 2275 2154 2345 possum
2174 2301 2194 2334 ,
2215 2275 2352 2344 quo

233 2359 443 2428 minus
478 2358 746 2429 laudem
770 2412 789 2445 ,
812 2362 1046 2437 similis
1073 2364 1372 2431 monenti
1389 2416 1409 2451 ‚
1438 2363 1618 2456 quod
1653 2388 1807 2431 eum
1839 2362 2116 2431 modum
2139 2376 2324 2430 tenes
2341 2413 2362 2447 ,

240 2486 311 2542 ut
338 2469 730 2539 discrimina
778 2470 1093 2539 ordinum
1130 2471 1671 2567 dignitatumque
1707 2472 2078 2541 custodias:
2123 2496 2272 2566 quae
2307 2471 2363 2538 si

234 2581 501 2651 confusa
521 2635 541 2670 ,
570 2582 880 2668 turbata,
920 2582 1239 2676 permista
1272 2582 1435 2668 sint,
1459 2581 1627 2650 nihil
1665 2596 1766 2649 est
1813 2584 1954 2676 ipsa
1989 2580 2366 2676 aequalitate

246 2690 647 2787 inaequalius.
667 2691 856 2762 Vale.

303 2895 397 2951 V?
426 2898 615 2949 Timui.
635 2893 766 2949 Vid.
786 2894 1025 2966 vll,ep.
1049 2896 1249 2950 16.Eo.
1348 2893 1442 2949 sod
1475 2894 1737 2965 impes-itia
1768 2912 1978 2949 morum
2005 2904 2058 2947 et
2079 2892 2364 2948 rusticitas.

310 2992 331 3026 ι
343 3015 357 3027 .
372 2972 1085 3043 Ειρσεεκνεξνεὶιεωειιῑει·
1099 2972 1253 3036 mihi,
1348 2972 1596 3027 Similiter
1618 2972 1762 3046 apud
1781 2972 1990 3027 Graeoos
2016 2978 2272 3040 σκαιότης,
2302 2971 2370 3024 de

242 3066 293 3105 ut
312 3053 435 3107 olim
454 3052 747 3107 Thomasio
764 3051 1095 3125 Cellarioque
1109 3090 1125 3116 ,
1144 3052 1255 3123 pla·
1350 3071 1458 3125 qna
1490 3050 1610 3107 vide
1646 3052 1852 3105 Harles.
1896 3050 1965 3104 ad
1997 3052 2270 3105 Demosth.
2301 3052 2370 3104 de

246 3144 323 3185 cet
338 3132 719 3185 Boxhomiana
734 3131 891 3184 lectio
904 3172 923 3198 ‚
943 3148 1061 3203 qum
1078 3130 1136 3183 in
1156 3150 1253 3203 pa·
1352 3134 1566 3186 Corona
1581 3170 1598 3196 ,
1623 3150 1740 3203 cap.
1768 3132 1834 3184 36
1859 3149 1874 3183 :
1897 3143 1950 3185 et
1976 3129 2119 3206 apud
2144 3148 2240 3185 nos
2259 3166 2274 3193 ,
2304 3150 2370 3181 un

240 3212 459 3265 rentheni
476 3210 705 3265 includit
720 3209 833 3263 haec
848 3210 1007 3263 verba
1027 3228 1040 3262 :
1060 3213 1253 3279 inquiro
1349 3216 1500 3281 espric
1515 3214 1708 3281 gaudee
1715 3250 1732 3273 ,
1767 3215 1850 3262 des
1877 3213 2114 3265 muniet-es
2133 3210 2371 3279 gaus-Ises,-

244 3294 388 3353 enim,
412 3306 724 3359 ceper-severe
740 3288 906 3342 intell.
924 3289 1175 3361 inquiro,
1192 3300 1253 3341 ut
1350 3312 1443 3345 unc
1462 3293 1739 3362 ganoha-ie.
1764 3290 1864 3343 En.

247 3369 296 3421 in
312 3389 453 3434 mm,
477 3386 641 3443 qnam
668 3368 801 3423 scire
834 3388 951 3422 mea
971 3368 1146 3439 magni
1166 3372 1255 3427 in-
1425 3374 1478 3426 3.
1500 3378 1666 3442 Longe
1690 3373 1940 3422 recessisti.
1964 3367 2110 3433 Quin
2137 3368 2181 3419 si
2207 3378 2371 3421 totam

246 3466 411 3505 terent.
416 3454 523 3506 Alii
531 3456 751 3523 (inquiro
759 3457 887 3505 em'm
900 3460 1258 3525 ecpersevero)‚·
1355 3448 1666 3525 epistolam
1650 3447 1930 3522 inspicias,
1952 3444 2163 3499 videtur
2180 3446 2372 3501 subac-

249 3530 360 3595 alii,
392 3531 453 3587 in
490 3530 689 3605 quibus
714 3547 766 3588 et
796 3534 1007 3589 Cortius
1044 3536 1261 3603 (inquiro
1356 3548 1542 3585 casare
1555 3528 1806 3581 Tironem
1823 3544 1976 3579 suum
1993 3522 2214 3591 Plinius,
2228 3524 2374 3598 quod

249 3614 389 3682 enim)
402 3628 451 3664 ee
462 3632 739 3681 persevera.
759 3614 827 3669 G.
1362 3612 1415 3663 in
1435 3608 1575 3661 hanc
1589 3618 1789 3679 partem
1800 3603 2132 3675 aliquantum
2141 3624 2373 3678 propen-

320 3702 367 3734 2.
389 3688 642 3751 Impertin'
650 3688 854 3753 graeiae,
876 3683 1156 3757 gratificari
1174 3704 1265 3757 po·
1360 3688 1501 3741 deat.
1532 3686 1602 3741 G.
1621 3716 1694 3727 -
1713 3689 1832 3737 Sint.
1870 3684 2084 3739 Praestat
2120 3685 2288 3739 Cortii
2325 3697 2377 3736 et

251 3762 505 3827 tentibus,
532 3763 726 3819 favere.
748 3764 852 3817 En.
878 3796 949 3807 -—-
970 3768 1025 3815 Si
1022 3768 1187 3817 nister«
1181 3769 1266 3819 'eas
1362 3766 1586 3837 Gierigii
1603 3780 1732 3826 sune,
1746 3764 2005 3817 librorum
2031 3764 2340 3819 auctoritate
2357 3800 2376 3829 ,

252 3838 433 3895 dicitnr
444 3842 513 3896 de
528 3842 644 3910 illo,
662 3864 755 3919 qm
738 3844 932 3917 paulo
944 3845 1177 3917 asperior
1189 3858 1267 3901 est
1363 3866 1470 3901 non
1487 3844 1688 3899 ratione
1704 3844 2007 3911 latinitatis,
2027 3864 2144 3917 quai
2171 3857 2375 3897 utrum-

256 3918 303 3970 ἱῐι
326 3920 526 3977 alium:
562 3943 673 3977 non
711 3944 773 3979 ea
811 3936 889 3978 est
922 3924 1259 3997 malignitas,
1364 3945 1468 3997 que
1487 3922 1706 3977 modum
1727 3925 1843 3979 fert.
1864 3925 1918 3979 S.
