2857 4690
484 305 621 378 188
1106 304 1181 371 C.
1232 305 1822 372 PLINII‘LIB.
1872 305 1962 370 X.

474 431 862 501 censoribus
904 431 977 497 in
1016 444 1321 498 senatum
1366 429 1496 524 legi
1527 453 1543 496 :
1573 444 1668 514 et,
1703 430 1759 498 si
1797 444 2048 523 potest,
2079 453 2166 496 an
2207 431 2252 496 ii
2293 455 2578 524 quoque
2603 483 2628 514 ‚

474 543 591 636 qui
626 565 763 610 non
800 540 1157 634 gesserint,
1198 541 1456 633 possint
1499 565 1620 634 per
1645 539 1946 608 eamdem
1989 539 2628 634 interpretationem

474 651 559 720 ab
586 675 663 719 ea
692 663 886 718 aetate
926 663 1262 718 senatores
1299 649 1466 744 legi,
1493 674 1534 717 a
1563 675 1697 766 qpa
1722 648 1851 720 illis
1878 652 2340 744 magistratum
2379 677 2632 747 gerere

478 760 877 856 permissum
931 773 1051 831 est.
1106 758 1314 847 Quod
1355 759 1605 854 alioqui
1641 759 2017 829 factitatum
2055 759 2316 846 adhuc,
2367 775 2436 829 et
2469 786 2628 832 esse

476 872 923 941 necessarium
944 868 1224 956 dicitur,
1241 871 1401 964 quia
1426 872 1514 938 sit
1541 869 1886 965 aliquanto
1901 869 2157 955 melius,
2169 870 2626 941 honestorum

411 987 443 1042 4
478 982 829 1051 hominum
875 978 1151 1069 liberos,
1187 1005 1388 1074 quam
1418 1004 1458 1048 e
1493 979 1686 1074 plebe
1725 979 1796 1048 in
1840 982 2094 1049 curiam
2131 978 2414 1048 admitti.
2459 984 2628 1074 Ego

476 1118 516 1161 a
550 1089 895 1160 destinatis
931 1089 1356 1176 censoribus,
1392 1089 1560 1183 quid
1593 1091 1948 1176 sentirem,
1977 1091 2430 1184 interrogatus
2449 1143 2472 1174 ,
2495 1115 2626 1159 eos

476 1199 775 1296 quidem,
802 1201 919 1296 qui
948 1199 1239 1269 minores
1266 1203 1464 1268 XXX
1501 1199 1695 1268 annis
1721 1201 2072 1294 gessissent
2099 1199 2570 1294 magistratum
2599 1252 2623 1281 ‚

476 1312 793 1406 putabam
821 1333 1015 1405 posse
1051 1311 1121 1378 in
1150 1323 1456 1378 senatum
1481 1326 1550 1379 et
1571 1309 1938 1380 secundum
1967 1307 2261 1379 edictum
2283 1311 2578 1404 Augusti
2600 1361 2624 1392 ,

477 1439 546 1492 et
578 1422 942 1492 secundum
976 1419 1189 1515 legem
1230 1423 1662 1515 Pompeiam,
1702 1421 1867 1516 legi3
1906 1421 2224 1515 quoniam
2265 1421 2624 1513 Augustus

478 1557 703 1628 gerere
728 1533 1154 1628 magistratus
1190 1530 1562 1599 minoribus
1591 1532 1785 1599 annis
1810 1533 2010 1598 XXX
2034 1530 2478 1623 permisisset3
2509 1527 2622 1597 lex

412 1653 441 1700 5
480 1658 855 1712 senatorem
900 1667 1040 1712 esse
1087 1640 1399 1711 voluisset
1418 1693 1440 1726 ,
1488 1641 1606 1736 qui
1647 1639 1954 1735 gessisset
1991 1639 2502 1734 magistratum:
2533 1639 2622 1708 de

478 1752 582 1819 his
605 1767 829 1820 autem
849 1805 868 1838 ,
902 1752 1020 1847 qui
1047 1777 1186 1819 non
1211 1751 1594 1846 gessissent,
1627 1750 1931 1844 quamvis
1967 1763 2186 1817 essent
2208 1749 2420 1818 aetatis
2449 1750 2624 1842 ejus-

481 1861 661 1945 dem,
688 1863 879 1954 cujus
916 1859 1041 1945 illi,
1069 1861 1314 1955 quibus
1351 1885 1586 1954 gerere
1619 1859 2018 1954 permissum
2045 1873 2177 1944 est,
2203 1859 2618 1927 haesitabam.

478 1974 608 2039 Per
630 1970 811 2064 quod
848 1969 1159 2040 effectum
1187 1985 1319 2054 est,
1351 1984 1430 2039 ut
1475 1984 1542 2038 te
1560 2023 1581 2058 ,
1611 1968 1934 2054 Domine,
1973 1967 2424 2051 consulerem,
2451 1969 2621 2062 quid

477 2082 812 2150 observari
842 2079 1063 2150 velles.
1098 2081 1335 2175 Capita
1364 2079 1524 2175 legis
1543 2131 1562 2164 ‚
1589 2093 1732 2149 tum
1751 2077 2045 2146 edictum
2083 2079 2390 2170 Augusti,
2409 2075 2624 2146 literis

485 2190 759 2284 subjeci.
868 2249 875 2256 .
2275 2208 2284 2218 ·

552 2382 603 2434 3.
628 2386 854 2433 Censores
877 2382 1033 2435 etiam
1056 2382 1111 2434 in
1136 2383 1355 2435 urbibus
1374 2401 1498 2454 pro-
1594 2383 1828 2435 stitutam
1849 2398 1865 2444 ;
1889 2382 2157 2452 vulgatum
2183 2393 2296 2433 erat
2317 2421 2334 2446 ,
2365 2386 2449 2432 An
2473 2401 2546 2432 ex
2567 2384 2622 2432 iis

479 2461 812 2524 vincialibus,
846 2472 907 2513 ut
936 2461 995 2513 in
1027 2462 1327 2535 municipiis
1340 2499 1359 2525 ,
1388 2463 1502 2515 fue·
1595 2481 1814 2531 quoque,
1839 2464 1925 2529 qm'
1951 2482 2050 2513 non
2065 2464 2326 2530 gesserint,
2337 2465 2502 2527 possit
2515 2464 2624 2528 quis

478 2552 625 2594 runt.
657 2540 757 2591 En.
791 2569 863 2580 —
893 2547 976 2591 An
1004 2543 1044 2591 ii
1065 2561 1273 2609 quoque.
1300 2543 1502 2596 Damus
1587 2560 1682 2610 per
1705 2546 1949 2615 eamdem.
1971 2578 1986 2593 .
2005 2557 2228 2594 ..venator
2255 2543 2370 2609 legi.
2397 2538 2482 2591 Ad
2509 2558 2626 2593 sen-

480 2618 755 2671 lectionem
770 2638 832 2671 ex
844 2618 987 2674 libris
1002 2620 1231 2693 antiquis
1245 2640 1413 2696 nuper
1424 2641 1503 2675 re·
1599 2622 1814 2674 tentiam
1832 2620 1968 2674 nihil
1991 2622 2172 2673 refert.
2193 2624 2258 2671 G.

516 2814 701 2835 m
708 2814 885 2838 m
892 2814 1830 2835 mmmmm—mm
1837 2812 2594 2835 vum-“mmmmm

1037 2990 1538 3080 LXXXIV.
1603 2990 2066 3106 (LXXXI)

1086 3239 1542 3288 TRAJANUS
1591 3238 1908 3285 Plauto
1957 3239 2012 3283 S.

586 3428 1237 3491 lmEnPnETArxom
1282 3432 1452 3494 tuae,
1499 3416 1591 3483 mi
1649 3410 1952 3484 Secunde
2005 3412 2344 3480 carissime
2371 3466 2390 3496 ‚
2449 3412 2624 3480 idem

490 3533 825 3601 existimo:
843 3533 1164 3601 hactenus
1195 3529 1413 3598 edicto
1438 3527 1572 3596 divi
1591 3525 1877 3620 Augusti
1901 3536 2214 3591 novatam
2241 3546 2385 3591 esse
2399 3520 2614 3616 legem

491 3645 865 3736 pompeiam
894 3694 916 3727 ‚
968 3657 1045 3711 ut
1095 3641 1564 3734 magistratum
1622 3634 1893 3731 quidem
1945 3658 2180 3728 capere
2228 3633 2488 3727 possint
2533 3633 2582 3701 ii
2610 3694 2632 3727 ‚

561 3836 857 3889 LXXXIV.
876 3838 1279 3905 lum-precationi
1304 3850 1425 3885 cua.
1447 3870 1460 3882 .
1483 3870 1497 3883 .
1551 3820 1562 3829 ⁶
1606 3836 1792 3899 Capera
1827 3833 2034 3898 possint.
2075 3828 2160 3880 Al.
2203 3848 2378 3896 capere
2407 3847 2626 3897 possent.

495 3921 625 3969 idem
639 3920 879 3967 etc-istim.
892 3914 1239 3969 Hellenismus
1254 3932 1365 3967 non
1384 3912 1508 3965 soli-⁸
1603 3912 1762 3964 Bene.
1801 3910 1856 3963 S.
1891 3940 1964 3951 —-
1993 3910 2254 3962 Novatam
2297 3926 2411 3961 esse
2455 3908 2626 3979 legem

496 3995 665 4065 poetis
689 3995 927 4047 usitatus.
943 3992 1069 4045 Vid.
1096 3992 1405 4063 Heusinger.
1437 3990 1508 4043 ad
1603 3990 1902 4063 pompeiam
1916 4027 1932 4051 ,
1963 4001 2023 4041 ut
2047 3988 2407 4059 magistratum
2437 4006 2630 4059 capere

498 4074 761 4127 Vechncr.
778 4071 1039 4125 uellend.
1058 4090 1178 4140 pag.
1210 4088 1332 4140 ²97·
1360 4072 1415 4125 S.
1445 4100 1506 4111 —-·
1596 4066 1838 4136 possimii
1855 4107 1872 4133 ,
1894 4067 2014 4137 qui.
2035 4105 2046 4117 .
2070 4082 2276 4127 ,estona
2298 4077 2350 4119 et
2365 4068 2460 4137 qui
2477 4086 2624 4119 acce·
