2857 4690
467 343 563 414 60
1083 346 1161 413 C.
1214 346 1553 415 PLINII
1602 347 1794 413 LIB.
1846 346 1974 423 IX.

400 484 428 533 3
467 464 598 534 Sed
633 466 796 559 quid
827 464 1126 534 dolorem
1161 480 1353 534 tuum
1389 464 1738 535 exulcero?
1772 465 2202 558 Quamquam
2237 464 2333 535 sic
2364 468 2621 535 amasti

467 576 830 663 viventem,
859 590 936 644 ut
966 576 1108 645 haec
1142 574 1373 645 audire
1401 577 1663 670 potius,
1689 599 1891 669 quam
1926 574 2011 643 de
2048 573 2163 644 illo
2186 572 2365 645 sileri
2400 574 2573 645 velis
2592 603 2615 647 ε

467 710 508 754 a
551 710 662 753 me
716 688 1117 780 praesertim,
1164 686 1356 779 cujus
1419 686 1891 781 praedieatione
1940 701 2135 780 putas
2198 686 2403 756 vitam
2454 687 2621 780 ejus

466 796 725 879 ornari,
767 795 1158 864 memoriam
1206 799 1596 891 prorogari,
1646 798 1991 892 ipsamque
2039 795 2223 868 illam
2247 852 2267 883 ‚
2316 822 2448 893 qua
2498 813 2621 867 est

469 919 701 1000 raptus
719 960 740 993 ‚
765 919 1026 974 aetatem
1063 928 1257 999 posse
1291 908 1577 977 restitui.
1602 905 1789 977 Vale.

540 1107 593 1159 3.
619 1110 684 1158 Ue
709 1109 816 1159 lioec
841 1109 1016 1159 madere
1029 1109 1214 1175 potius.
1243 1106 1489 1179 Plerique
1584 1108 1684 1161 bus
1710 1104 1947 1161 defuncti
1974 1106 2473 1161 commemorandis.
2492 1106 2617 1162 Ge-

469 1184 589 1237 libri
604 1221 622 1249 ,
648 1199 704 1236 ue
727 1186 822 1237 Ιιοο
833 1188 1024 1253 potius,
1045 1183 1104 1238 id
1123 1198 1202 1238 est
1220 1224 1238 1250 ‚
1258 1196 1320 1239 nt
1335 1186 1487 1239 exul·
1583 1186 1807 1239 nuinmn
1833 1186 1936 1239 hoc
1962 1204 1977 1239 :
1998 1198 2235 1239 nostrum
2264 1206 2297 1239 a
2321 1186 2619 1257 glossatore

468 1264 636 1317 cerari
661 1262 899 1316 dolorem
925 1276 1078 1319 tuum
1101 1266 1282 1338 potius
1311 1264 1485 1321 laudi·
1582 1266 1900 1338 profectum.
1916 1264 1973 1319 S.

1203 1482 1473 1513 mm
1479 1484 1565 1503 m
1570 1482 2593 1513 mmmm—numm

1478 1675 1597 1760 X.

567 1920 742 1995 Quod
767 1919 971 1979 studiis
995 1932 1053 1977 et
1083 1918 1378 1978 venationi
1411 1936 1531 1976 non
1558 1918 1897 1991 conveniat,
1926 1918 2022 1977 illa
2054 1919 2178 1976 sola
2199 1920 2259 1975 in
2286 1938 2511 1977 secessu

1057 2024 1062 2029 “
1253 2015 1487 2075 tractari
1514 2014 1812 2093 significat.

964 2238 1026 2283 C.
1081 2235 1441 2283 PLINIUS
1488 2234 1799 2281 TACITO
1846 2233 2005 2281 SUO
2056 2236 2108 2279 S.

568 2427 830 2494 Cumo
863 2425 1210 2517 praeceptis
1251 2422 1382 2492 tuis
1425 2445 1659 2516 parere
1677 2446 1700 2508 3
1732 2421 1847 2490 sed
1882 2445 2201 2516 aprorum
2246 2433 2433 2492 tan'ta
2484 2447 2612 2518 pe·-

471 2533 668 2602 nuria
712 2547 843 2620 est,
883 2547 961 2601 ut
994 2533 1314 2600 Minervae
1350 2545 1416 2600 et
1452 2531 1723 2618 Dianae‚
1765 2555 1933 2625 quas
1963 2532 2061 2600 ais
2096 2531 2343 2626 pariter
2380 2529 2613 2602 colen-

469 2645 625 2730 daS,
671 2644 1024 2713 convenire
1063 2668 1202 2712 non
1247 2643 1476 2738 possit.
1527 2646 1763 2736 Itaque
1798 2642 2119 2713 Minervoe
2160 2657 2423 2712 tantum
2464 2667 2613 2711 ser-

409 2801 434 2831 2
470 2753 784 2823 viendum
816 2767 956 2838 est3
988 2750 1268 2822 delicate
1306 2767 1567 2838 tamen,
1604 2766 1681 2820 ut
1710 2753 1780 2820 iu
1818 2776 2111 2840 secessu,
2144 2766 2212 2820 et
2246 2765 2492 2821 aestate.
2524 2755 2615 2822 In

471 2866 578 2934 via
616 2863 812 2958 plane
849 2861 1174 2932 nonnulla
1212 2860 1491 2950 leviora,
1526 2861 1883 2957 statimque.
1918 2859 2225 2946 delenda,
2256 2885 2335 2930 ea
2367 2885 2613 2956 garru-

473 2975 691 3063 litate,
731 2997 862 3069 qua
919 2997 1253 3042 sermones
1303 2973 1372 3041 in
1414 2970 1725 3041 vehiculo
1763 2987 2110 3060 seruntur,
2154 2970 2440 3040 extendi.
2486 2973 2617 3042 His

542 3178 610 3231 X.
619 3196 640 3230 1
649 3180 926 3245 ‚Proeceptis
935 3179 1044 3228 cuis.
1055 3176 1347 3241 Quum'tale
1357 3174 1490 3247 quid
1588 3173 1709 3228 data
1720 3175 1935 3246 epistola
1952 3171 2154 3245 aliquid
2164 3172 2233 3225 de
2246 3189 2309 3224 eo
2323 3207 2340 3234 ‚
2358 3171 2505 3242 qnod
2516 3171 2617 3228 hic

473 3255 777 3328 preceperit
787 3253 972 3308 Tacito
983 3254 1188 3308 Plinius
1203 3255 1320 3327 ipse
1333 3273 1493 3326 supra
1586 3255 1619 3321 S
1652 3274 1679 3307 τι
1700 3291 1717 3318 ,
1748 3253 1948 3308 dicitur
1962 3289 1979 3318 ‚
1999 3255 2131 3304 inter
2152 3269 2370 3302 memora
2396 3265 2446 3304 et
2474 3255 2617 3305 lucos

471 3337 498 3387 Ι
517 3373 534 3399 ,
555 3339 589 3386 6
604 3372 621 3399 ,
651 3346 782 3388 extr.
817 3333 945 3386 hinc
969 3333 1167 3405 colligit
1186 3334 1457 3408 Catanaeus
1476 3373 1493 3399 ,
1588 3335 1972 3386 commodissime
1978 3332 2156 3401 perfici
2161 3338 2439 3397 poemata?
2456 3328 2617 3383 G.—

470 3414 610 3468 hanc
633 3433 744 3468 esne
759 3412 932 3466 Taciti
946 3451 963 3476 ,
982 3411 1050 3466 ad
1067 3414 1390 3484 superiorem
1409 3411 1495 3468 τό·
1547 3397 1569 3424 ⁸
1594 3413 1857 3464 Convenit-e
1882 3429 1980 3462 mm
2003 3410 2178 3477 possit.
2194 3405 2399 3460 Eodem
2430 3409 2615 3464 studio

471 3493 794 3566 spondentis.
821 3490 926 3545 Sed
946 3490 1224 3565 probabile
1241 3513 1349 3547 non
1379 3505 1459 3548 est
1476 3531 1495 3558 ,
1592 3491 1693 3544 coli
1711 3509 1819 3544 non
1838 3486 2003 3562 possit
2020 3497 2241 3558 utraque
2256 3521 2274 3552 ,
2294 3487 2536 3542 Minerva
2558 3501 2617 3542 et

471 3591 628 3626 unam
643 3570 808 3624 modo
819 3571 1122 3644 adoptatam
1139 3572 1368 3626 alienam
1385 3573 1495 3645 epi·
1562 3570 1779 3630 Rana.
1803 3569 1866 3622 E.

471 3651 658 3706 stolam
687 3671 716 3704 ει
756 3651 948 3706 Plinio.
983 3651 1134 3717 Quid
1171 3651 1419 3726 prohibet
1460 3670 1493 3705 a
1664 3669 1713 3702 ο.
1732 3654 1793 3699 In
1810 3650 1918 3700 via.
1937 3646 2002 3698 In
2021 3662 2124 3716 qua
2142 3645 2283 3700 serio
2300 3645 2513 3702 studere
2532 3665 2617 3700 so-

471 3733 656 3786 Tacito
675 3729 1002 3785 admonitum
1020 3732 1248 3785 Plinium
1271 3749 1492 3784 suorum
1590 3729 1727 3780 lebat
1746 3725 1925 3780 Nostri
1942 3725 2256 3780 avunculus.
2273 3725 2400 3781 Vid.
2423 3725 2535 3790 111,
2555 3726 2614 3793 5,

471 3811 635 3882 ipsius
647 3823 1026 3883 praceptorum
1040 3851 1057 3877 ,
1070 3811 1156 3865 cui
1169 3810 1258 3862 hic
1269 3827 1493 3880 reupon-
1596 3807 1679 3859 1⁵.
1698 3806 1769 3860 G.
1785 3835 1859 3846 --
1874 3807 2110 3858 Extendi.
2132 3805 2362 3878 Respicit
2379 3805 2485 3858 hoc
2499 3823 2617 3858 ver-

471 3889 629 3942 deat?
662 3891 806 3956 Quid
841 3889 1062 3963 impedit
1078 3930 1095 3956 ‚
1128 3887 1492 3943 scholasticam
1588 3886 1713 3938 bum
1748 3885 1966 3938 uberem
1996 3885 2143 3938 illum
2172 3896 2226 3938 et
2256 3885 2613 3938 luxuriantem

471 3987 584 4023 esse
597 4008 613 4034 ,
637 3981 684 4024 et
711 3969 1092 4024 exercitationis
1119 3966 1280 4021 modo
1307 3985 1492 4020 caum
1592 3963 1855 4020 scribendi
1878 3963 2135 4020 rationem
2149 4004 2166 4031 ,
2200 3982 2361 4036 quam
2388 3967 2613 4032 garruli-

473 4049 722 4121 scriptam
739 4086 754 4113 ,
788 4049 928 4102 hanc
957 4049 1150 4119 pariter
1185 4045 1456 4118 epistolam
1474 4083 1491 4108 ,
1592 4059 1742 4096 tatem
1764 4045 1920 4098 etiam
1940 4055 2112 4098 vocat.
2136 4043 2223 4096 sic
2240 4043 2369 4096 Stat.
2386 4041 2519 4095 silv·
2536 4033 2613 4108 V,

475 4141 524 4180 et
545 4129 732 4181 multas
764 4125 926 4179 alins?
944 4129 1010 4180 Et
1045 4126 1262 4178 ubinam
1289 4125 1342 4178 in
1379 4125 1493 4176 lau·
1596 4122 1650 4188 3,
1674 4144 1759 4188 υ,
1780 4127 1949 4176 »nodos
1964 4125 2113 4174 Arati
2139 4123 2403 4174 extendere
2430 4133 2509 4174 est
2528 4121 2613 4174 vel
