2857 4690
466 365 610 438 300
1029 365 1109 434 C.
1165 362 1514 433 PLINII
1566 361 2046 432 SECUNDI

458 513 637 576 mas,
666 487 930 582 ex‘ig‘aS‚
956 484 1141 581 quod
1169 484 1400 555 deberi
1439 507 1579 557 non
1618 486 2040 585 oportuerit,
2071 509 2164 558 an
2201 488 2613 577 constituas,

458 611 536 667 ut
575 597 953 667 debeatur?

554 711 734 779 XLI.
754 711 951 777 Feres
966 760 987 793 ,
1010 708 1259 793 Caesar,
1282 724 1516 776 curam
1541 717 1610 773 et
1635 702 2133 776 solicitudinem
2149 705 2609 798 consularem3

455 843 615 893 nam
674 818 843 888 mihi
888 815 1263 912 cogitanti,
1297 813 1608 888 eumdem
1665 828 1732 884 te
1761 813 2186 886 collationes
2229 819 2564 890 remisisse
2583 875 2606 910 ,

456 930 853 1000 donativum
911 925 1310 1016 reddidisse,
1358 925 1781 1024 congiarium
1849 923 2168 999 obtulisse
2201 978 2222 1015 ,
2275 925 2607 999 delatores

458 1040 755 1136 abegisse
773 1092 794 1127 ,
842 1037 1193 1139 vectigalia
1241 1052 1646 1136 temperasse
1663 1091 1684 1126 ‚
1739 1035 2262 1133 interrogandus
2314 1039 2564 1110 videris
2583 1093 2604 1128 ,

456 1151 710 1221 satisne
744 1149 1243 1245 computaveris
1284 1147 1552 1243 imperii
1593 1146 1879 1237 redituS,
1907 1173 1995 1218 an
2019 1162 2242 1219 tantas
2275 1150 2453 1221 vires
2487 1151 2604 1222 ha-

455 1259 614 1330 beat
633 1259 983 1356 frugalitas
1017 1259 1343 1357 principis
1364 1311 1385 1346 ,
1408 1271 1490 1327 ut
1509 1271 1614 1327 tot
1639 1257 2032 1354 impendiis,
2059 1273 2162 1329 tot
2189 1262 2602 1356 erogationi-

338 1439 347 1454 ,
456 1371 583 1449 b'us
608 1369 752 1442 sola
786 1370 1095 1442 sufficiat.
1108 1371 1287 1444 Nam
1306 1367 1472 1464 quid
1505 1383 1608 1460 est
1639 1393 1916 1458 caussas,
1959 1394 2084 1441 cur
2117 1370 2268 1442 aliis
2285 1373 2601 1468 quidem,

454 1507 665 1579 quum
709 1483 940 1556 omnia
990 1495 1341 1578 raperent,
1378 1493 1452 1548 et
1503 1493 1698 1575 rapta
1734 1481 2142 1571 retinerent,
2195 1497 2273 1552 ut
2311 1484 2369 1553 si
2429 1485 2601 1557 nihil

454 1595 832 1689 rapuissent
857 1645 879 1680 ,
928 1591 1099 1662 nihil
1164 1590 1650 1679 detinuissent,
1717 1591 2056 1666 defuerint
2113 1594 2388 1666 omnia?
2429 1596 2556 1665 tibi
2581 1651 2603 1684 ,

1637 1798 1710 1810 -
1725 1771 2214 1823 Nikildeeinuissem.
2235 1771 2502 1826 Constitui
2519 1774 2595 1828 le·

418 1801 423 1806 ·
450 1767 631 1823 tardos
650 1769 707 1822 in
725 1767 981 1825 solvendo
1000 1767 1147 1843 quod
1174 1778 1479 1841 exegerant,

1567 1845 1803 1902 ctionem
1813 1867 1880 1903 ex
1897 1851 2156 1904 sententia
2172 1850 2257 1905 cl.
2271 1851 2558 1906 Schwarzii
2581 1871 2598 1907 ε

450 1847 651 1923 aliquid
660 1849 847 1904 damni
858 1850 1488 1924 perveniret.Suspensus

448 1929 610 2001 atque
616 1929 904 2003 impeditus
911 1931 1136 1986 effectus
1146 1929 1359 1984 illorum
1370 1945 1481 1982 ma-

448 2010 572 2064 litiae
593 2049 610 2076 ,
631 2023 734 2066 etc.
756 2011 859 2066 Hic
876 2012 1039 2065 etiam
1056 2011 1222 2066 verba
1242 2007 1476 2084 splendi-

450 2088 599 2146 diora
622 2109 785 2163 quam
811 2109 1012 2146 sensus.
1038 2090 1107 2144 G.

520 2171 552 2224 5
560 2209 580 2236 .,
594 2170 929 2239 Nmizoefim
940 2173 1237 2238 iniquitatis.
1249 2167 1478 2222 Perinde

444 2248 845 2375 2533&ss
852 2247 1478 2375 ssffiffi‘e‘ifissffiiffi

446 2400 1475 2472 explicatPerizoniusadsanctMinex-v,

446 2480 533 2533 111
550 2517 567 2543 ‚
589 2480 619 2535 5
640 2517 656 2545 ,
680 2481 713 2533 3
732 2518 749 2545 ,
764 2480 1049 2552 castigatus
1072 2479 1195 2533 ideo
1214 2498 1243 2532 a
1268 2480 1476 2533 Bauero

486 2599 502 2612 .
524 2560 647 2614 581.
670 2560 727 2615 S.

444 2576 483 2667 Ρ
517 2639 659 2692 XLI.
678 2639 1351 2695 1.0011an·0nes.Praese1-tim
1361 2644 1478 2693 ami

444 2723 699 2775 coronarii
720 2758 737 2785 ,
772 2718 920 2793 quod
944 2740 1010 2775 ex
1034 2720 1237 2774 honore
1261 2720 1476 2793 provin-

444 2797 648 2851 ciarum
672 2799 973 2853 voluntario
995 2798 1273 2875 paullatim
1298 2800 1354 2856 in
1384 2800 1477 2854 tri-

445 2876 637 2930 butum
648 2878 798 2933 abiit.
810 2880 889 2933 De
897 2879 1000 2933 hoc
1010 2880 1157 2953 Lips.
1169 2878 1238 2933 de
1250 2880 1471 2951 magnit.

444 2956 598 3012 Rom.
618 2958 697 3023 Π,
714 2978 766 3031 9.
782 2962 852 3013 Et
867 2972 991 3014 sunt
1004 2960 1366 3019 titulideAuro
1384 2964 1475 3013 Co-

444 3040 649 3089 mnas-io
678 3038 734 3091 in
756 3052 985 3113 utroque
998 3040 1474 3097 Codice.1mitatus

442 3126 521 3169 est
527 3116 725 3190 Trajan
730 3138 819 3171 nm
828 3118 1095 3177 Adrianus
1106 3138 1175 3193 ap
1182 3159 1195 3174 .
1206 3120 1472 3192 Spartian.

442 3194 543 3248 VI.
572 3220 595 3243 ι
613 3197 821 3252 Aurum
846 3200 1183 3255 coronarium
1200 3202 1370 3255 Italia!
1386 3220 1472 3256 re·

442 3275 588 3331 misit
612 3314 629 3341 ,
656 3277 713 3331 in
740 3279 1025 3351 provinciis
1042 3280 1257 3335 minuit.
1273 3280 1375 3335 ·G.

517 3374 569 3408 2.
590 3362 744 3412 Nam.
763 3358 923 3415 Unde
952 3358 1183 3434 pendeat
1205 3398 1222 3425 ,
1245 3358 1403 3416 docet
1419 3362 1468 3415 J.

444 3433 509 3487 A.
532 3435 820 3494 Ernestius.
842 3442 899 3497 S.

513 3546 586 3556 —-
601 3520 723 3570 Sola
746 3522 1007 3593 sufficiat?
1029 3520 1133 3575 Hic
1147 3519 1358 3574 videtur
1390 3521 1472 3581 in-

439 3592 784 3669 telligendum
815 3618 830 3653 x
876 3604 1027 3653 immo
1064 3604 1249 3675 stffet't
1265 3621 1285 3653 .·
1321 3602 1470 3672 quod

439 3673 636 3734 deinde
661 3678 908 3735 firmatur
936 3682 1095 3736 rebus
1120 3682 1263 3754 ipsis.
1290 3682 1356 3734 In
1386 3700 1467 3736 se-

438 3759 723 3827 quentihus
744 3762 945 3815 verba:
972 3765 1099 3814 nihil
1120 3765 1464 3827 detinuissent,

440 3835 526 3890 vel
542 3842 851 3893 retinuissent
865 3877 883 3904 ‚
902 3840 1097 3894 absunt
1112 3861 1143 3894 a
1167 3841 1315 3897 MSS.
1336 3840 1463 3896 edd.

440 3917 815 3989 antiquissimis
876 3919 1023 3993 apud
1084 3925 1419 3975 &bmnium
1446 3959 1463 3987 ,

442 3998 597 4051 etiam
624 3998 987 4072 antiquissima
1006 4020 1127 4056 mea
1136 4001 1464 4057 Germanica

440 4096 483 4130 s.
505 4076 545 4131 1.
568 4090 621 4132 et
640 4096 693 4132 a.
726 4098 826 4134 neo
852 4092 978 4135 sunt
1004 4082 1299 4136 necessaria
1317 4121 1334 4148 ,
1369 4081 1464 4137 etsi

440 4175 472 4217 a
496 4156 654 4213 Plinii
683 4158 895 4232 ingenio
918 4180 1031 4221 non
1056 4162 1246 4222 aliena,
1271 4162 1411 4223 Em«.

1565 1927 1668 1982 nisi
1687 1927 1836 2002 quod
1872 1933 2190 1984 detinuissent
2213 1931 2418 2002 pretuli
2443 1933 2600 1990 alteri

1563 2011 1877 2062 monuissent
1891 2047 1908 2074 ,
1929 2009 1988 2062 in
2011 2011 2230 2086 paribus
2247 2010 2358 2066 fere
2375 2013 2602 2068 auctori-

1562 2088 1791 2144 tatibus:
1823 2109 1990 2162 quum
2017 2089 2072 2144 in
2098 2093 2416 2144 detinuissent
2437 2093 2600 2151 simul

1561 2167 1769 2242 injuriat
1787 2167 2036 2244 quiedam
2061 2183 2190 2224 nota
2209 2171 2463 2242 impressa
2492 2173 2562 2227 sit
2579 2213 2600 2239 ‚

1561 2266 1670 2320 qua
1683 2249 1742 2302 in
1759 2248 1938 2322 priore
1949 2262 2100 2322 parte
2114 2250 2321 2324 periodi
2337 2269 2471 2325 opus
2483 2273 2598 2308 non

1561 2341 1676 2384 erat
1691 2368 1708 2395 ,
1724 2350 1894 2403 quum
1908 2329 2180 2404 adjectum
2189 2342 2327 2385 esset
2339 2348 2508 2402 rapta.
2525 2333 2593 2388 G.

1559 2440 1632 2450 -
1648 2410 1785 2467 Mihi
1821 2422 1998 2465 tamen
2029 2409 2207 2466 verim
2233 2410 2449 2466 videtur
2472 2418 2594 2468 reti-

1559 2492 1778 2542 nuissent
1794 2528 1811 2555 ,
1851 2490 1980 2569 quia
2007 2492 2275 2564 praecessit
2298 2496 2590 2553 retinerem.

1560 2570 1653 2624 Est
1680 2568 1795 2624 hac
1837 2570 2166 2624 concinnitas
2198 2571 2354 2623 Plinii
2379 2612 2396 2639 ,
2428 2590 2593 2645 quam

1560 2649 1757 2721 ubique
1774 2650 2034 2721 sequitur.
2063 2680 2136 2691 —
2155 2650 2278 2703 Mox
2295 2662 2417 2722 post
2429 2652 2594 2706 verba

1559 2731 1730 2781 omnt'a
1765 2731 2009 2797 supersint
2053 2728 2328 2801 Gierigius-
2367 2748 2428 2782 ex
2472 2730 2590 2785 MS.

1557 2808 2155 2863 Paris.venet.schwar.
2167 2820 2220 2863 et
2229 2808 2562 2883 edit.Cuspin
2570 2852 2586 2865 .

1556 2888 1614 2941 in
1625 2898 1830 2942 textum
1843 2888 2114 2943 revocavit
2129 2890 2236 2943 hoe
2253 2890 2594 2965 supplemen-

1557 2978 1670 3021 tum
1696 2986 1710 3021 :
1745 2981 1801 3022 tte
1824 2971 1872 3019 εἰ
1895 2970 2022 3020 m‘Iu‘I
2051 2970 2281 3039 largiaris
2315 2984 2366 3021 et
2389 2972 2593 3040 enfin-as

1557 3050 1745 3100 omnia.
1763 3048 1900 3103 Sane
1925 3046 2469 3103 hoc·additamentum
2487 3068 2591 3103 σε·

1556 3126 1680 3180 teris
1713 3126 1972 3185 affectata
2005 3128 2373 3182 concinnitatis
2403 3132 2547 3184 notis
2570 3168 2587 3195 ,

1554 3224 1691 3279 quas
1719 3216 1891 3260 totum
1919 3218 2080 3280 capnt
2125 3206 2288 3262 habet
2308 3245 2326 3272 ‚
2363 3228 2476 3262 non
2508 3228 2590 3263 re-

1553 3284 2122 3359 spondet.E.—Plaeet
2131 3290 2458 3343 retinuissent.
2475 3288 2587 3344 Neo

1555 3366 1732 3420 minus
1750 3366 1921 3438 probo
1951 3366 2372 3439 supplementum
2393 3368 2530 3422 illud
2555 3387 2590 3424 a

1553 3443 1791 3519 Gierigio
1817 3446 1876 3500 in
1901 3444 2144 3501 ordinem
2169 3460 2444 3520 receptum
2467 3486 2484 3513 ,
2511 3450 2588 3503 sio

1555 3536 1736 3581 tamen
1773 3538 1836 3580 ut
1882 3528 2046 3581 verba
2083 3526 2188 3581 hoc
2232 3526 2398 3583 modo
2441 3529 2586 3583 ordi·

1553 3606 1734 3665 nanda
1770 3617 1952 3678 putem
1985 3625 2000 3667 z
2042 3632 2065 3655 ι
2089 3607 2184 3663 tibi
2207 3649 2224 3676 ,
2269 3626 2439 3680 quum
2477 3620 2588 3663 tam

1555 3686 1724 3739 multa
1758 3686 1996 3759 largiaris
2015 3728 2032 3754 ‚
2071 3699 2124 3742 et
2155 3686 2292 3745 nihil
2323 3690 2538 3745 auferas
2565 3728 2584 3755 ‚

1554 3777 1614 3819 ut
1635 3766 1681 3823 si
1705 3766 1839 3821 nihil
1857 3766 2101 3839 largiaris
2122 3804 2140 3833 ,
2165 3778 2220 3821 et
2245 3768 2458 3823 auferas
2477 3788 2588 3823 om-

1551 3845 1642 3899 nia
1667 3882 1683 3911 ‚
1703 3846 1886 3904 omnia
1902 3847 2208 3921 supersint?
2233 3873 2256 3895 ι
2283 3848 2404 3901 Jam
2425 3868 2590 3922 app&

1550 3936 1662 3989 ret,
1693 3926 1786 3999 qui
1807 3927 2010 3982 factum
2029 3927 2097 3981 sit
2116 3966 2134 3994 ,
2151 3940 2214 3981 nt
2230 3928 2322 3983 illa
2341 3930 2506 3984 verba
2529 3931 2584 3983 in

1551 4005 1668 4060 aliis
1705 4004 1849 4059 libris
1886 4006 2204 4061 exciderent.
2245 4008 2400 4063 Adde
2434 4010 2584 4084 quod

1550 4086 1668 4159 ipsa
1695 4086 2025 4142 concinnitas
2049 4085 2258 4141 videtur
2277 4088 2424 4145 hunc
2442 4090 2584 4149 ordi-

1553 4185 1675 4223 nem
1701 4166 2094 4225 commendare.
2116 4167 2172 4223 S.
