2857 4690
727 369 1238 440 PANEGYR.
1288 369 1513 438 CAP.
1564 367 1833 440 xxn.
2210 367 2354 465 269

199 511 391 566 caret
423 509 495 564 et
531 497 906 578 Caesarem‚
941 517 1156 587 quum
1194 507 1454 586 patrem
1490 491 1931 586 experiretur.
1966 490 2172 581 Quod
2203 492 2351 586 qui·
2386 505 2425 570 4

201 608 362 676 dem
397 629 648 674 nomen
684 625 819 698 qua
853 603 1304 698 benignitate,
1334 627 1469 697 qua
1500 601 1917 696 indulgentia
1942 598 2244 672 exerces!
2275 617 2355 671 ut

197 741 364 786 cum
386 715 650 784 civibus
669 715 804 785 tuis
818 765 838 800 ‚
857 715 1051 807 quasi
1080 738 1236 784 cum
1265 713 1489 782 liberis
1508 737 1751 807 parens
1765 765 1785 801 ,
1803 710 2001 784 vivis!
2030 728 2109 782 ut
2136 736 2353 781 rever-

203 852 324 897 sus
354 831 768 920 Imperator,
793 824 910 918 qui
939 823 1238 918 privatus
1263 824 1555 910 exieras,
1578 824 1885 918 agnoscis
1902 877 1922 907 ‚
1948 819 2353 918 agnosceris!

199 935 474 1006 eosdem
501 959 660 1020 nos,
697 931 1008 1003 eumdem
1042 948 1110 1002 te
1135 947 1372 1027 putas·
1401 957 1525 1028 par
1567 934 1913 1020 omnihus,
1940 948 2011 1002 et
2035 933 2167 1004 hoc
2201 947 2353 1004 tan-

207 1059 360 1114 tum
401 1044 660 1114 caeteris
691 1043 943 1137 major,
988 1067 1124 1138 quo
1165 1043 1425 1113 melior.

300 1157 532 1226 XXII.
569 1155 672 1223 Ac
701 1153 1036 1248 primum,
1076 1154 1194 1248 qui
1238 1152 1380 1222 dies
1417 1150 1560 1236 ille,
1596 1177 1735 1247 quo
1776 1167 2197 1247 exspectatus
2233 1152 2352 1223 de-

198 1265 674 1359 sideratusque
716 1261 1010 1333 urbem'
993 1287 1330 1358 ingressus
1369 1260 1471 1334 es!
1508 1267 1657 1332 Jam
1697 1263 1883 1332 hoc
1866 1287 2091 1357 ipsum
2113 1315 2135 1350 ,
2169 1263 2355 1358 quod

205 1377 549 1470 ingressus
575 1399 680 1460 es,
713 1397 918 1467 quam
947 1373 1194 1441 mirum
1225 1370 1615 1468 laetumque!
1643 1397 1801 1442 nam
1836 1373 2095 1467 priores
2128 1373 2355 1442 invehi

203 1501 276 1554 et
317 1486 672 1580 importari
701 1482 1049 1554 solebant:
1078 1508 1218 1552 non
1259 1483 1412 1553 dico
1449 1481 1856 1578 quadrijugo
1894 1510 2134 1572 curru,
2164 1499 2237 1554 et
2260 1483 2353 1554 al·

205 1597 528 1666 bentibus
561 1595 788 1690 equiS‚
813 1592 932 1664 sed
967 1594 1264 1664 humeris
1299 1594 1685 1680 hominum,
1712 1593 1896 1689 quod
1930 1595 2355 1689 arrogantius

199 1723 369 1778 erat.
399 1711 508 1778 Tu
537 1706 678 1778 sola
710 1707 1014 1800 corporis
1038 1705 1441 1800 proceritate
1468 1704 1706 1774 elatior
1732 1705 1879 1774 aliis
1904 1718 1973 1774 et
2002 1704 2352 1793 excelsior,
2389 1739 2420 1773 2

201 1843 342 1887 non
379 1819 466 1888 de
497 1817 819 1913 patientia
855 1831 1088 1886 nostra
1106 1815 1471 1910 quemdam
1501 1816 1920 1912 triumphum
1939 1869 1959 1904 ‚
1988 1815 2103 1884 sed
2130 1815 2215 1885 de
2238 1841 2351 1886 su-

201 1927 440 2024 perbia
480 1927 866 2022 principum
896 1926 1112 2022 egisti.
1147 1929 1332 2020 Ergo
1372 1950 1512 1995 non
1552 1939 1711 1996 aetas
1738 1949 2183 2021 quemquam,
2212 1951 2353 1995 non

199 2037 554 2126 valetudo,
580 2063 720 2106 non
755 2063 948 2108 sexus
992 2037 1394 2125 retardavit,
1421 2039 1782 2132 quominus
1812 2036 2041 2108 oculos
2084 2037 2354 2108 insolito

201 2149 596 2244 spectaculo
615 2148 944 2245 impleret.
967 2152 1064 2220 Te
1085 2147 1347 2243 parvuli
1369 2173 1680 2235 noscere,
1704 2162 2035 2218 ostentare
2052 2147 2353 2243 juvenes,
2387 2161 2421 2216 3

201 2260 438 2328 mirari
471 2283 699 2347 senes3
735 2259 892 2354 aegri
927 2283 1232 2355 quoque,
1259 2257 1566 2354 neglecto
1594 2257 2005 2327 medentium
2034 2257 2353 2353 imperio,

197 2487 458 2543 orationis
485 2485 626 2558 apud
653 2485 1006 2557 Capitolinum
1033 2486 1118 2539 vix
1149 2504 1230 2539 re-

199 2567 328 2637 cipit
353 2604 372 2630 ,
399 2566 548 2637 quod
566 2565 828 2620 Gruterus
861 2576 916 2617 et
947 2564 1231 2620 salmasius

201 2647 572 2699 observarunt.
589 2644 660 2698 G.
841 2675 854 2690 ·

275 2734 330 2791 4.
349 2728 618 2795 Agnoscis,
639 2728 936 2793 agnosceris.
965 2722 1230 2794 Gierigius

199 2809 484 2875 agnosceris
509 2802 702 2857 delevit
716 2841 735 2867 ,
755 2816 804 2856 et
833 2815 1048 2876 propter
1068 2803 1234 2856 varie·

201 2898 366 2939 tatem
394 2882 684 2957 quamdam
721 2882 892 2937 Codd.
921 2883 1014 2955 qui
1043 2882 1235 2935 alteru-

197 2978 340 3017 tram
374 2982 564 3017 vocem
595 2962 845 3015 omittunt
872 3000 888 3026 ,
927 2974 981 3016 et
1021 2974 1234 3033 propter

201 3062 484 3106 scomma
499 3062 608 3113 quo
626 3054 802 3094 tamen
816 3042 1087 3095 ahmane
1101 3040 1234 3093 mihi

203 3122 436 3177 videtur.
456 3122 658 3175 Plinius
681 3122 784 3174 hoc
811 3122 925 3175 vult
947 3139 961 3173 :
993 3132 1052 3173 tu
1073 3140 1230 3171 rever-

201 3222 282 3254 sus
299 3208 585 3269 Imperator
601 3239 618 3263 ‚
647 3212 824 3253 tamen
851 3218 950 3253 noa
975 3202 1199 3269 agnoscis
1215 3234 1233 3261 ,

203 3280 307 3335 hoc
324 3294 408 3334 est
421 3319 438 3343 ,
465 3300 576 3333 non
594 3279 770 3333 minus
789 3278 1045 3333 benevole
1069 3290 1118 3332 et
1140 3295 1246 3331 co-.

205 3360 358 3413 miter
367 3379 468 3413 nos
481 3371 862 3430 tractas,quam
877 3370 1030 3411 antea
1038 3396 1053 3423 ,
1064 3374 1233 3430 quum

202 3438 444 3510 privatus
480 3456 638 3492 eras:
676 3450 730 3490 et
770 3457 802 3491 a
847 3438 1002 3491 nobis
1049 3454 1234 3490 rursus

197 3522 482 3587 agnosceris
503 3556 520 3585 ‚
541 3517 646 3571 hoc
665 3528 744 3570 est
765 3554 781 3581 ,
807 3528 1046 3591 suscepta
1067 3515 1234 3588 digni·

199 3609 281 3649 tas
311 3596 452 3651 adeo
489 3616 600 3649 non
637 3596 858 3649 mutavit
895 3597 1134 3649 animum
1179 3607 1232 3647 et

203 3694 378 3729 mores
401 3688 524 3729 tuos
541 3717 558 3743 ,
587 3688 647 3729 ut
667 3675 960 3729 etiamnum
983 3674 1230 3729 eumdem

198 3766 251 3809 te
267 3756 532 3829 privatum
550 3793 568 3819 ,
593 3755 764 3828 qualis
781 3755 980 3809 exieras
995 3792 1011 3813 .
1043 3772 1230 3827 agnos-

199 3852 408 3887 camus.
453 3833 558 3888 sed
599 3832 730 3887 dum
767 3834 880 3887 haec
919 3834 1120 3888 Plinius
1157 3834 1229 3888 ita

201 3913 367 3966 voluit
393 3913 572 3987 eloqui
592 3951 609 3978 ‚
635 3926 696 3966 nt
719 3932 818 3967 nec
846 3915 960 3968 sine
985 3912 1230 3969 acumine

201 3992 428 4046 brevitas
450 4004 587 4047 esset
601 4030 618 4055 ,
645 3994 938 4047 contortior
967 4006 1126 4066 atque
1139 3995 1232 4047 ob-

201 4070 403 4125 scurior
422 4071 598 4125 oratio
631 4071 770 4126 facta
805 4084 904 4127 est.
930 4072 1082 4127 Idem
1117 4074 1230 4129 fere

203 4148 450 4220 prodient
459 4151 594 4223 Cap.
607 4150 808 4206 XXIV.
831 4157 1007 4209 Mance
1023 4156 1234 4227 impera-

1327 2490 1432 2539 tori
1446 2524 1463 2551 ,
1483 2491 1853 2556 quaeprioretc.
1868 2486 2017 2539 E.—-
2029 2491 2137 2553 Quo
2155 2490 2354 2543 melior.

1327 2567 1503 2619 Immo
1514 2570 1655 2634 quod
1662 2570 1852 2619 melior.
1865 2565 1969 2619 Vid
1978 2606 1992 2620 .
2002 2568 2052 2619 J.
2069 2567 2134 2619 A.
2146 2568 2353 2621 Ernest.

1327 2644 1385 2698 h.
1427 2644 1465 2698 l.
1505 2646 1560 2699 S.
1586 2676 1659 2687 —
1692 2651 1762 2697 Ee
1800 2648 1894 2697 Ιιοσ
1930 2662 2124 2699 tantum
2167 2650 2357 2699 ceteris

1327 2728 1519 2793 major,
1560 2746 1659 2793 quo
1698 2730 1887 2779 melior.
1922 2725 2139 2779 Dudum
2178 2725 2357 2797 legen·

1327 2804 1460 2857 dum
1477 2803 1807 2858 credideram
1836 2810 1974 2873 quod
1986 2842 2001 2870 ,
2025 2824 2195 2877 quum
2220 2804 2275 2859 id
2302 2816 2359 2859 et

1326 2880 1499 2937 doctis
1524 2884 1791 2955 placuisse
1808 2884 1987 2937 inveni
2016 2902 2029 2937 :
2060 2884 2225 2957 idque
2241 2884 2358 2939 sine

1325 2959 1662 3015 dubitatione
1698 2963 1755 3015 in
1791 2974 1987 3017 textum
2021 2964 2356 3018 inferendum

1329 3052 1462 3094 erat.
1491 3042 1707 3114 Decepit
1743 3041 1985 3097 homines
2007 3081 2024 3108 ‚
2066 3041 2211 3116 quod
2260 3047 2356 3095 Ιιοσ

1327 3121 1555 3174 retulere
1562 3121 1632 3175 ad
1644 3126 1993 3195 major-:quum
2006 3124 2071 3177 sit
2082 3123 2357 3179 manifeste

1330 3202 1382 3252 1⁰12
1403 3204 1499 3253 hoc
1518 3241 1537 3263 ,
1564 3205 1663 3254 hac
1680 3206 1841 3265 inre,
1866 3208 2033 3257 modo.
2059 3204 2198 3257 En.

1401 3282 1578 3335 XXII.
1616 3302 1663 3335 ι.
1697 3288 1982 3353 Imporeuri.
2007 3284 2225 3337 Sueton-
2250 3283 2357 3337 Do-

1328 3362 1426 3415 mit
1438 3402 1451 3415 .
1470 3380 1561 3432 19:
1581 3388 1605 3410 ι
1622 3364 1843 3417 Laboris
1858 3364 2137 3435 impatiens
2154 3382 2249 3433 per
2266 3382 2357 3416 ur·

1328 3443 1451 3497 bem
1462 3440 1684 3514 pedibus
1692 3462 1801 3496 non
1812 3456 2007 3497 temere
2016 3442 2326 3495 ambulavit.
2336 3482 2350 3495 .

1326 3522 1519 3575 lectica
1557 3521 1770 3575 assidue
1808 3532 1991 3575 vectus
2024 3532 2121 3573 est.
2144 3546 2167 3567 a
2216 3522 2357 3575 Con-

1329 3600 1456 3653 ferri
1488 3600 1641 3673 jubet
1688 3599 1878 3653 merito
1921 3598 2133 3671 Lipsius
2172 3594 2355 3654 Pacati

1325 3698 1521 3751 paneg.
1536 3681 1591 3733 in
1609 3678 1879 3733 Theodos.
1898 3698 1987 3743 π,
2007 3685 2068 3742 15:
2094 3704 2117 3725 ι
2130 3679 2355 3733 Lecticis

1326 3758 1633 3832 thensisque
1663 3758 1899 3812 subvecti
1918 3798 1935 3822 ,
1957 3770 2012 3812 et
2041 3758 2355 3813 densissima

1325 3839 1531 3891 circum
1564 3856 1829 3911 supraque
1852 3839 2086 3910 cooperti
2119 3839 2355 3893 virorum

1325 3936 1705 3990 armorumque
1728 3916 1993 3972 testudine
2015 3955 2031 3982 ‚
2058 3919 2253 3973 sensim
2266 3932 2351 3973 at-

1327 4015 1436 4069 que
1452 3995 1525 4050 ad
1550 4014 1831 4051 numerum
1859 3999 2225 4053 movebantur.
2240 4023 2265 4047 ι
2279 3998 2351 4053 G.

1331 4078 1557 4143 -Quod
1568 4080 1882 4146 moguntin-c
1900 4094 2031 4131 erac.
2046 4078 2171 4132 Hac
2181 4080 2353 4151 glossa

1330 4153 1612 4209 videbatur
1632 4154 1861 4209 Grutero
1882 4170 1937 4211 et
1956 4156 2211 4213 Hem-nio.
2231 4156 2303 4211 G.
