2857 4690
892 365 1427 436 EPISTOLA
1476 368 1686 434 XXI.

267 491 390 559 sert.
414 493 565 558 Haec
600 489 722 557 tibi
750 489 1014 582 scripsi,
1050 491 1209 584 quia
1244 514 1368 558 nec
1402 489 1626 557 minus
1658 489 1920 581 ignota,
1949 511 2151 580 quam
2183 488 2349 557 mihi
2390 517 2454 552 ιο

2255 363 2351 448 43

266 625 367 671 nec
394 604 601 670 minus
633 615 825 694 grata
860 598 1231 668 credebam.
1261 605 1436 671 Nam
1475 614 1542 667 te
1580 621 1884 692 quoque,
1915 611 1991 666 ut
2017 622 2151 683 me,
2179 597 2350 666 nihil

268 735 415 805 aeque
450 735 524 780 ac
558 722 815 778 naturae
846 733 1052 804 opera
1086 710 1437 779 delectant.
1460 706 1644 778 Vale.

266 907 697 977 Medioeopaveant.
716 907 879 962 Bene.
900 908 987 963 Sic
996 927 1120 962 mox
1133 929 1237 960 sen-

262 988 528 1042 sen'ne.S.—
536 989 893 1052 cf.Liv.XX1‚
913 989 998 1054 28,
1015 988 1082 1042 de
1095 989 1238 1042 Han-

266 1067 419 1121 nibalis
428 1067 491 1122 ad
499 1067 815 1121 Rhodanum
824 1067 1232 1140 elephantis.En.

280 1285 429 1304 mm

794 1283 1343 1308 mm

1411 927 1494 962 10.
1516 911 1682 960 Νειιῑι.
1703 944 1716 956 .
1739 944 1752 957 .
1775 947 1786 958 .
1817 910 2074 958 delectam.
2103 904 2348 959 Notanda
2415 881 2424 886 ’

1333 987 1678 1051 constructio,
1703 985 1848 1038 verbi
1873 1003 2096 1042 numero
2114 984 2182 1039 ad
2198 1005 2348 1053 opera

1332 1087 1440 1121 non
1467 1066 1536 1122 ad
1556 1069 1682 1118 nihil
1697 1065 1881 1120 relato.
1903 1065 1958 1120 S.

1715 1283 2324 1306 mmm

1138 1486 1423 1574 XXI.

242 1727 506 1785 Graviora
526 1747 585 1786 se
608 1727 801 1786 studia
823 1726 1174 1806 distinguere
1200 1725 1423 1784 lusibus
1441 1771 1457 1799 ‚
1484 1727 1750 1804 exemplo
1771 1727 1996 1785 recitati
2017 1738 2342 1806 poematum

1068 1825 1205 1884 libri
1235 1824 1502 1884 ostendit.

636 2035 700 2080 c.
756 2032 1107 2081 mamus
1154 2007 1614 2080 Anniano*
1659 2032 1817 2079 suo
1868 2033 1922 2078 s.

326 2216 431 2283 Ur
465 2215 532 2282 in
570 2215 746 2302 vita,
784 2215 877 2282 sic
914 2213 983 2282 in
1020 2212 1255 2282 studiis
1282 2210 1808 2307 pulcherrimum
1851 2226 1919 2281 et
1953 2213 2347 2282 humanissi-

234 2351 409 2395 mum
466 2327 804 2411 existimo,
862 2327 1277 2396 severitatem
1326 2325 1842 2418 comitatemque
1901 2325 2208 2409 miscere,
2261 2352 2345 2395 ne

236 2436 333 2505 illa
355 2438 421 2505 in
442 2438 772 2506 tristitiam
792 2489 813 2522 ,
831 2435 971 2504 haec
993 2436 1063 2504 in
1090 2433 1530 2529 petulantiam
1551 2434 1887 2528 procedat.
1907 2437 2064 2525 Qua
2089 2420 2346 2506 ratione
2386 2448 2413 2481 ²

236 2546 495 2635 ductus,
522 2549 829 2643 graviora
854 2570 1057 2640 opera
1093 2546 1344 2615 insibus
1364 2546 1667 2639 jocisque
1695 2545 2057 2640 distinguo.
2088 2545 2193 2615 Ad
2222 2546 2344 2616 hos

234 2658 648 2751 proferendos
692 2675 761 2729 et
802 2672 1063 2757 tempus
1098 2671 1167 2725 et
1202 2655 1423 2725 locum
1460 2657 2098 2750 opportunissimum
2138 2655 2343 2753 elegi3

236 2780 425 2861 utque
454 2768 591 2862 jam
622 2793 807 2837 nunc
842 2765 1309 2837 adsuescerent
1346 2781 1413 2836 et
1449 2767 1534 2835 ab
1570 2768 1800 2835 otiosis
1837 2781 1902 2835 et
1944 2768 2012 2835 in
2050 2766 2344 2838 triclinio

234 2878 468 2964 audiri,
510 2879 689 2949 Julio
736 2902 997 2965 mense,
1054 2903 1188 2974 quo
1244 2880 1530 2947 maxime
1580 2877 1728 2947 lites
1779 2880 2342 2973 interquiescunt‚

232 2989 447 3079 positis
473 3003 627 3057 ante
654 2988 857 3058 lectos
892 2987 1256 3071 cathedris,
1292 2989 1540 3057 amicos
1577 2987 1913 3058 collocavi.
1945 2992 2144 3058 Forte
2174 2992 2344 3059 acci·
2381 2990 2410 3041 3

294 3198 429 3253 xxl.
460 3203 486 3228 *
523 3204 735 3253 Arriam*
768 3199 988 3253 consilio
1026 3200 1227 3255 solebat

234 3289 398 3331 auctor
422 3281 475 3332 in
502 3278 690 3333 studiis
714 3280 808 3331 uti.
830 3280 886 3343 1,
906 3300 988 3351 ep.
1012 3300 1067 3333 a.
1088 3281 1188 3333 En.

297 3376 343 3409 η.
368 3364 490 3411 Lites
520 3362 914 3426 interquiescune.
948 3356 1227 3413 Adscribe·

234 3450 337 3491 mus
368 3450 419 3490 et
450 3458 548 3493 nos
580 3438 762 3491 locum
794 3438 942 3492 Statii
978 3439 1094 3492 silv.
1125 3438 1225 3501 lv,

238 3522 261 3569 ⁴
280 3551 293 3575 ‚
319 3514 383 3585 39
404 3535 419 3569 :

234 3608 333 3648 Ceu
343 3612 417 3663 jan
438 3614 556 3655 Latia
578 3629 663 3655 uon
681 3614 844 3655 miscent
853 3614 981 3668 jurgia
996 3613 1102 3667 leges
1114 3643 1126 3662 ,

234 3676 276 3717 ΕΙ
288 3694 413 3733 μοι·
428 3686 541 3738 piger
550 3698 676 3725 mua
688 3684 819 3732 habet.
830 3698 1052 3740 meamque
1063 3698 1229 3725 revers·

236 3746 403 3792 mdeste
418 3754 565 3797 sunm.

236 3824 347 3881 Sunt
378 3833 511 3887 tituli
542 3848 657 3888 tum
692 3834 1077 3891 pandectarum
1110 3850 1225 3891 tum

240 3903 423 3963 Codicis
444 3913 513 3967 de
530 3914 712 3969 Feriis.
734 3915 896 3981 Quod
909 3915 1091 3987 paullo
1107 3928 1227 3991 post

238 3980 295 4036 de
320 3993 635 4047 advocatione
668 4000 829 4047 subita
861 3994 986 4051 dicit
1004 4036 1019 4061 ,
1060 4010 1227 4051 extm-

240 4065 539 4149 prdinarium
557 4074 811 4149 quiddam
836 4076 934 4130 fuit
949 4114 966 4141 ,
994 4088 1046 4131 et
1065 4096 1226 4131 moro

239 4148 506 4215 mptfiens.
538 4154 606 4209 G.
634 4187 709 4199 ——
734 4160 911 4210 Positis
938 4172 1055 4211 ame
1081 4162 1226 4211 lectos

1322 3204 1582 3253 cathedris.
1621 3202 1818 3274 Nempe
1864 3206 2100 3254 cathedra
2137 3203 2227 3255 hic
2265 3216 2342 3255 est

1321 3280 1586 3351 pulpitum
1603 3319 1619 3345 ,
1645 3300 1755 3355 quo
1786 3292 1910 3334 ante
1939 3282 2132 3334 lectum
2168 3282 2342 3353 posito

1322 3360 1652 3413 commodius
1677 3362 1906 3414 scribere
1931 3357 2131 3431 aliquid
2159 3363 2245 3414 vel
2270 3362 2340 3414 le-

1323 3454 1444 3509 gere
1465 3438 1584 3511 quis
1603 3440 1788 3512 possit.
1810 3440 1894 3491 Ita
1915 3438 2104 3510 accipit
2123 3440 2338 3513 Proper-

1323 3517 1427 3572 tius
1443 3518 1543 3581 IV,
1573 3524 1626 3583 5,
1661 3518 1726 3588 37
1749 3538 1762 3571 :

1535 3645 1569 3656 ..
1586 3647 1594 3656 .
1611 3647 1621 3657 .
1636 3646 1646 3653 .
1667 3619 1794 3669 posita
1818 3624 1862 3655 tu
1887 3616 2011 3657 scribe
2036 3616 2218 3658 cathedr·

1426 3676 1651 3728 QuifflBet.

1320 3754 1388 3808 G.
1414 3784 1481 3797 --
1508 3756 1663 3810 Conf.
1692 3756 1789 3829 Ep.
1821 3758 1906 3822 11,
1943 3774 2029 3828 17,
2063 3778 2148 3812 αι.
2179 3760 2243 3813 Ε.
2265 3792 2340 3801 --

1320 3836 1590 3889 Nimirum
1612 3854 1674 3889 ea
1704 3836 2072 3891 cathedrarum
2101 3852 2336 3893 constru-

1322 3916 1427 3969 ctio
1451 3926 1596 3979 erat,
1623 3928 1682 3969 ut
1709 3916 1863 3970 simul
1892 3928 1944 3971 et
1976 3918 2114 3973 sedis
2143 3932 2194 3973 et
2219 3918 2337 3991 pul-

1320 3995 1418 4068 piti
1437 3996 1552 4049 vice
1573 3996 1936 4069 fungerentur.
1951 4001 2106 4053 Nunc
2126 4018 2158 4052 a
2171 3999 2340 4052 Plinio

1319 4086 1528 4130 tantum
1549 4076 1859 4134 considendi
1877 4098 2062 4135 caussa
2091 4078 2338 4133 adhibito

1321 4168 1461 4211 sunt.
1487 4156 1543 4211 S.
