2857 4690
824 360 1349 434 PANEGYR.
1399 366 1618 433 CAP.
1670 365 1824 432 XL.

2253 388 2394 461 299

241 486 535 572 serviet;
574 509 775 556 nemo
806 486 1233 577 observator,
1270 512 1470 556 nemo
1507 487 1874 581 castigator
1908 482 2219 575 adsistet3
2253 491 2397 558 cui-

240 612 523 692 cunque·
546 595 809 667 modica
837 584 1125 692 pecunia
1164 622 1245 667 ex
1281 596 1656 667 hereditate
1691 595 1972 691 alicujus
2013 596 2395 683 obvenerit,

240 732 521 777 securus
579 707 827 778 babeat
876 708 1278 803 quietusque
1339 708 1697 803 possideat.
1749 712 1849 779 Ea
1900 707 2004 777 lex
2045 708 2395 779 Vicesimae
2431 732 2462 767 ²

240 818 427 887 dicta
469 832 613 905 est,
650 832 727 888 ut
777 817 864 887 ad
905 817 1283 913 periculum
1325 820 1470 913 ejus
1517 819 1891 916 perveniri,
1927 818 2058 887 nisi
2105 818 2348 914 opibus
2376 873 2395 908 ,

238 953 383 998 non
422 927 659 1022 possit.
702 930 1041 999 Conversa
1078 942 1179 999 est
1222 930 1542 1025 iniquitas
1581 931 1652 1000 in
1691 928 2248 1026 gratulationem3
2287 930 2396 999 in-

234 1038 423 1133 juria
461 1039 533 1112 iu
564 1054 799 1109 votum
833 1065 851 1109 ε
895 1054 1088 1135 optat
1128 1040 1353 1127 heres,
1398 1056 1478 1112 ut
1514 1042 1920 1113 vicesimam
1961 1041 2222 1110 debeat.
2256 1039 2397 1110 Ad·
2433 1048 2465 1102 3

240 1149 467 1219 ditum
514 1164 654 1237 est,
701 1164 811 1237 ut,
868 1152 988 1246 qui
1034 1150 1365 1246 ejusmodi
1412 1177 1496 1221 ex
1549 1153 1797 1223 caussis
1843 1153 1914 1219 in
1965 1150 2146 1221 diem
2197 1150 2398 1221 edicti

241 1262 674 1335 vicesimam·
716 1260 1039 1331 deberent
1064 1314 1084 1350 ,
1138 1261 1444 1332 nondum
1509 1278 1736 1333 tamen
1795 1260 2175 1331 intulissent
2193 1313 2214 1350 ,
2259 1286 2400 1329 non

246 1371 599 1441 inferrent.
630 1374 723 1442 At
750 1372 820 1439 in
858 1372 1272 1468 praeteritum
1299 1368 1656 1442 subvenire
1692 1396 1779 1442 ne
1812 1370 1906 1441 dii
1945 1370 2217 1468 quidem
2249 1394 2399 1466 pos-

242 1496 411 1551 sunt
436 1506 457 1551 2
486 1496 563 1551 tu
600 1496 823 1555 tamen
856 1483 1258 1571 subvenisti,
1296 1484 1666 1579 cavistique
1693 1536 1714 1571 ,
1749 1496 1827 1569 ut
1855 1481 2188 1553 desineret
2221 1482 2402 1577 quis-

244 1614 382 1686 que
422 1590 665 1661 debere
682 1645 702 1679 ,
736 1584 921 1687 quod
957 1618 1095 1661 non
1144 1608 1317 1663 esset
1340 1608 1576 1688 postea
1606 1582 1980 1664 debiturus.
1998 1591 2186 1662 Idem
2235 1591 2402 1663 effe·
2438 1614 2470 1671 4
2541 1596 2552 1607 ’

244 1702 434 1789 cisti,
480 1726 565 1771 ne
612 1700 824 1772 malos
866 1704 1207 1799 principes
1255 1699 1756 1791 habuissemus3
1796 1727 1934 1797 quo
1991 1701 2306 1797 ingenio,
2344 1704 2402 1772 si

246 1825 496 1882 natura
535 1827 911 1908 pateretur,
954 1802 1159 1911 quam
1202 1812 1491 1883 libenter
1531 1828 1632 1883 tot
1672 1810 1975 1906 spoliatis
1999 1864 2019 1899 ,
2053 1826 2158 1880 tot
2196 1812 2401 1880 truci-

248 1922 425 1992 datis
465 1925 861 2019 sanguinem
892 1940 959 1993 et
1002 1924 1179 1993 bona
1217 1923 1622 1995 refudisses?
1648 1924 1942 1994 Vetuisti
1971 1922 2186 2017 exigi,
2219 1922 2402 2016 quod
2439 1936 2469 1991 5

248 2030 482 2101 deberi
524 2057 663 2103 non
717 2047 836 2104 tuo
891 2034 1131 2105 saeculo
1182 2049 1497 2130 coeperat.
1541 2032 1734 2105 Alius
1772 2047 1848 2103 ut
1896 2033 2403 2103 contumacibus

250 2141 687 2233 irasceretur,
714 2144 1232 2240 tarditatemque
1266 2142 1562 2215 solvendi
1594 2142 1784 2240 dupli
1813 2142 1916 2212 vel
1944 2158 2013 2213 et
2039 2142 2402 2239 quadrupli

252 2253 671 2349 irrogatione
716 2253 1121 2324 mulctaret:
1166 2270 1242 2325 tu
1284 2254 1451 2330 nihil
1492 2254 1738 2325 referre
1775 2255 2149 2351 iniquitatis
2176 2256 2405 2325 existi-

316 2470 438 2525 XL.
470 2489 519 2524 1.
554 2474 853 2543 Casn'gator.
881 2474 957 2526 Ex
988 2473 1080 2530 illa
1104 2473 1279 2547 prima

242 2551 465 2604 notione
484 2552 666 2616 verbi,
685 2571 794 2624 qua
821 2558 1067 2623 castigare
1098 2568 1175 2609 est
1197 2573 1281 2612 ar-

244 2629 381 2684 etius
408 2631 800 2704 constringere,
822 2652 1086 2699 coercere,
1112 2635 1281 2690 etc.Si

245 2710 389 2760 enim
410 2709 481 2764 de
498 2709 793 2766 hereditate
811 2713 999 2785 exigua
1022 2756 1039 2783 ,
1056 2735 1175 2788 quse
1194 2716 1281 2768 vix

244 2801 595 2844 monumento
614 2792 817 2847 sufficit
837 2834 855 2860 ,
886 2795 1131 2849 vicesima
1149 2813 1281 2867 quo-

245 2885 351 2938 que
366 2869 435 2922 sit
452 2870 712 2925 solvenda
724 2910 741 2936 ,
759 2872 1210 2928 coercendierunt
1229 2885 1281 2928 et

249 2945 510 3004 vicesima
541 2963 695 3023 parte
720 2952 998 3008 minuendi
1038 2965 1281 3028 sumptus

248 3029 599 3084 monumenti.
619 3030 689 3085 G.

316 3139 387 3148 —
404 3112 687 3180 cuicunque
710 3115 929 3166 modica.
948 3111 1177 3166 Pulchre
1194 3131 1281 3166 co-

254 3183 385 3240 dicis
406 3189 489 3243 sui
508 3190 819 3244 auctoritate
844 3190 1023 3244 firmat
1049 3191 1192 3245 hanc
1209 3191 1283 3246 le·

238 3263 485 3322 .ctionem
500 3269 1095 3342 SchwarziusNulgaris
1102 3270 1284 3336 lectio,

254 3349 591 3421 cujuscunque
609 3353 747 3402 modi
770 3369 833 3402 ea
848 3387 865 3415 ‚
887 3350 969 3402 vix
990 3359 1071 3402 est
1091 3361 1147 3404 ut
1168 3368 1284 3404 sen-

252 3425 470 3482 tentiam
479 3429 817 3484 commodam
832 3429 1020 3502 pariat.
1032 3429 1101 3483 G.

334 3528 385 3562 2.
417 3515 483 3562 Ut
502 3513 579 3562 ad
588 3513 893 3577 periculum.
916 3547 929 3560 .
951 3513 1143 3578 φανὰ.
1166 3509 1288 3564 Hoc

250 3603 347 3660 est,
370 3603 431 3642 ut
448 3607 609 3643 nemo
620 3589 863 3662 periculo
881 3589 1162 3644 vicesimo
1182 3590 1286 3643 sol·

254 3669 435 3724 vende
453 3669 717 3722 obnoxius
730 3670 798 3724 sit
811 3711 829 3736 ,
844 3669 945 3724 nisi
961 3670 1055 3741 qui
1072 3689 1139 3724 ex
1154 3687 1287 3743 opu·

250 3748 390 3803 lenta
408 3747 700 3804 hereditate
726 3747 877 3802 dives
896 3749 1012 3803 fiat.
1034 3750 1100 3804 E.

322 3830 372 3882 3.
408 3833 473 3878 In
520 3831 830 3896 proeoeritwn
884 3833 1151 3884 subvenire.
1179 3829 1283 3885 Fa-

251 3919 391 3960 ctum
406 3907 659 3962 infectum
675 3907 915 3962 reddere.
932 3909 1083 3964 Licet
1094 3912 1283 3966 Roma·

252 3987 329 4041 uis
350 3987 667 4040 hominibus
682 3987 917 4044 blandiri
939 3989 1145 4044 homini
1167 3991 1287 4044 vivo

256 4067 335 4121 vel
370 4079 589 4120 mortuo
621 4085 745 4120 cum
786 4066 987 4141 injuria
1026 4071 1285 4129 Deorum.

252 4147 446 4202 Cicero
464 4141 666 4202 sullam
690 4165 815 4202 cum
824 4149 961 4212 Joye
979 4161 1249 4223 comparat
1268 4187 1286 4214 ,

1370 2487 1434 2526 ut
1475 2473 1622 2529 hunc
1657 2475 1964 2548 ignorantie
1995 2487 2048 2530 et
2083 2475 2406 2547 impotentia

1370 2554 1516 2609 circa
1529 2574 1664 2627 opus
1683 2575 1838 2610 suum
1853 2569 2064 2611 accuset
2079 2593 2096 2623 ,
2113 2575 2210 2627 pro
2220 2559 2406 2611 Roscio

1372 2635 1551 2688 Amor.
1579 2653 1696 2706 cap.
1719 2636 1806 2699 45.
1836 2637 1902 2688 In
1929 2636 2078 2690 luctu
2101 2637 2407 2712 Germanici

1384 2738 1407 2760 ιι
1418 2713 1652 2785 lapidata
1660 2714 1895 2768 Deorum
1906 2716 2098 2788 templa
2115 2754 2131 2782 ,
2147 2717 2408 2771 subversoe

1374 2795 1549 2848 Deum
1579 2811 1712 2856 πω,
1738 2795 1902 2849 Lares
1924 2814 1957 2849 a
1983 2795 2302 2867 quibusdam
2325 2797 2407 2850 fa-

1370 2872 1606 2926 miliares
1624 2874 1682 2926 in
1703 2875 1982 2945 publicum
2001 2876 2218 2945 abjecti.
2233 2901 2258 2922 ιο
2275 2878 2406 2931 Sue-

1372 2961 1488 3005 ton.
1513 2952 1680 3024 Calig.
1704 2953 1777 3006 V.
1802 2952 1912 3007 vid.
1937 2953 2132 3007 deinde
2151 2953 2223 3008 ad
2242 2956 2333 3019 80,
2352 2957 2406 3007 6.

1370 3029 1474 3084 Sed
1491 3049 1702 3086 necesse
1715 3043 1792 3084 est
1811 3032 2066 3104 frigidum
2085 3031 2204 3086 fieri
2218 3070 2235 3098 ,
2259 3032 2411 3104 quid·

1371 3107 1508 3180 quid
1547 3129 1676 3163 vero
1719 3110 1882 3166 nimis
1927 3111 2227 3166 adversum.
2257 3112 2407 3176 Quo-

1370 3188 1536 3242 modo
1553 3191 1692 3246 enim
1707 3193 2074 3261 inproecen‘cum
2085 3190 2172 3245 hic
2191 3193 2408 3242 subvenit

1368 3269 1634 3344 Traianus
1657 3307 1674 3337 ,
1703 3281 1761 3324 ut
1785 3291 1894 3324 non
1922 3270 2285 3342 unusquisque
2309 3287 2401 3323 no-

1371 3359 1542 3404 strum
1565 3388 1582 3415 ,
1618 3350 1938 3404 remittendo
1987 3347 2169 3402 debito
2205 3367 2404 3420 magno

1367 3447 1540 3502 parvo
1572 3470 1589 3497 ,
1646 3429 1838 3484 eadem
1880 3427 2087 3482 ratione
2131 3429 2410 3482 subvenire

1370 3511 1538 3583 possit
1554 3547 1572 3573 ,
1597 3508 1801 3564 nedum
1825 3520 1886 3561 ut
1913 3507 2088 3561 Deus?
2103 3509 2294 3581 Itaque
2313 3527 2412 3580 pro

1374 3608 1498 3643 meo
1515 3589 1568 3642 in
1581 3589 1810 3645 Plinium
1829 3607 2007 3641 amore
2021 3607 2155 3642 auro
2169 3587 2410 3642 redeme-

1374 3669 1476 3723 rim
1494 3707 1511 3733 ,
1537 3669 1650 3724 haec
1672 3669 1740 3721 ab
1766 3668 1861 3720 illo
1883 3685 1994 3720 non
2021 3687 2135 3724 esse
2166 3668 2364 3740 scripta
2391 3687 2406 3721 ε

1374 3749 1547 3803 multo
1572 3747 1746 3802 sanius
1773 3747 1915 3802 infra
1943 3747 2016 3801 80
2032 3787 2050 3810 ,
2088 3767 2115 3801 ο
2135 3789 2152 3814 ,
2181 3751 2410 3818 infectum

1373 3833 1578 3882 reddere
1591 3867 1606 3890 ,
1623 3831 1869 3897 quidquid
1861 3831 1989 3900 fieri
1997 3847 2098 3880 non
2111 3831 2406 3898 oportuerit.

1374 3909 1448 3962 cf.
1483 3914 1552 3977 94
1577 3947 1594 3975 ,
1621 3927 1671 3962 ι.
1701 3906 1813 3961 vid.
1845 3907 2205 3982 Heraldustad
2237 3911 2409 3962 Arno-

1374 3991 1526 4044 bium
1541 4007 1600 4061 p.
1623 4005 1740 4058 179.
1761 4007 1842 4061 sq.
1865 3989 1939 4042 G.

1449 4077 1498 4135 4.
1527 4073 1604 4119 Ne
1624 4073 1782 4121 malos
1789 4073 2039 4138 principes
2055 4072 2404 4122 habuissemus.

1374 4150 1490 4204 Hoc
1510 4159 1588 4202 est
1609 4184 1624 4212 ,
1647 4165 1715 4202 ue
1736 4167 1798 4203 ex
1817 4148 2028 4204 illorum
2051 4147 2187 4203 dure
2203 4144 2410 4218 legend
