2857 4690
727 388 1240 459 PANEGYR.
1291 388 1511 455 CAP.
1567 388 1800 457 xcv.
2172 384 2305 481 387

163 546 446 609 εει-γεὸς
469 520 736 609 deinde,
755 534 832 589 ut
851 520 1247 615 quandoque
1265 542 1709 589 successorem
1734 520 1795 587 ei
1816 518 2065 588 tribuas
2077 544 2309 613 ,quem

165 630 494 724 genuerit
511 681 532 713 ,
573 624 769 721 quem
813 625 1231 714 sormaverit,
1265 624 1673 719 similemque
1706 624 1939 693 fecerit
1965 624 2313 721 adoptat03

166 750 303 806 aut
319 788 342 822 ‚
378 737 434 804 si
461 734 594 803 hoc
621 733 764 803 fato
793 746 1093 827 negatur,
1125 733 1193 801 in
1221 730 1497 801 consilio
1525 732 1613 801 sis
1638 729 1934 826 eligenti,
1960 746 2314 801 monstres·

167 866 318 937 que
361 840 645 933 aliquem
665 892 685 927 ,
728 863 924 933 quem
969 839 1266 933 adoptari
1317 840 1386 907 in
1431 836 1759 934 Capitolio
1798 838 2046 907 deceat.

291 948 531 1016 XCV.
575 945 788 1014 Vobis
806 996 825 1030 ,
881 947 1106 1014 Patres
1159 945 1535 1038 Conscripti
1556 997 1575 1031 ,
1627 958 1947 1037 quantum
2000 942 2271 1012 debeam
2296 995 2316 1027 .,

171 1051 474 1149 publicis
507 1052 704 1120 etiam
743 1051 1186 1119 monumentis
1225 1052 1617 1120 continetur.
1656 1052 1799 1119 Vos
1830 1049 1991 1119 mihi
2018 1050 2088 1117 in
2119 1050 2321 1117 tribu·

171 1174 356 1228 natu
396 1158 632 1253 quietis
653 1210 674 1243 ,
731 1156 799 1224 in
852 1170 1142 1250 praetura
1191 1154 1570 1242 modestiae3
1628 1180 1748 1225 vos
1790 1156 1859 1224 in
1906 1157 2043 1226 istis
2086 1156 2319 1235 officiis

173 1266 422 1350 etiam,
445 1286 590 1357 quoe
625 1286 664 1331 e
697 1262 928 1331 studiis
969 1264 1208 1331 nostris
1246 1264 1420 1332 circa
1448 1260 1731 1332 tuendos
1767 1263 1981 1334 socios
2021 1263 2317 1355 injunxe-

177 1372 389 1457 ratis,
428 1370 650 1439 cuncti
692 1368 1078 1439 constantiae
1115 1368 1639 1465 antiquissimum
1682 1368 2126 1437 testimonium
2161 1388 2318 1463 per-

177 1475 516 1546 hibuistis.
561 1476 704 1543 Vos
738 1468 1036 1569 proxime
1074 1472 1581 1543 destinationem
1630 1472 2007 1543 consulatus
2048 1477 2175 1543 mei
2214 1476 2317 1545 his
2354 1514 2383 1548 a

179 1581 776 1652 acclamationibus
809 1580 1290 1677 approbavistis
1309 1633 1328 1668 ,
1362 1594 1439 1649 ut
1471 1578 1863 1675 intelligam,
1897 1582 2094 1650 etiam
2122 1596 2317 1676 atque

182 1691 394 1759 etiam
425 1674 804 1755 enitendum
831 1685 1029 1771 mihi,
1061 1700 1138 1755 ut
1169 1686 1350 1755 hunc
1379 1709 1770 1755 consensum
1806 1700 2100 1757 vestrum
2133 1712 2317 1757 com-

185 1793 488 1889 plectar,
531 1805 600 1861 et
637 1806 896 1862 teneam
918 1845 939 1880 ,
985 1804 1052 1861 et
1106 1792 1177 1860 in
1219 1790 1355 1861 dies
1400 1815 1697 1885 augeam.
1740 1792 2003 1861 Etenim
2050 1796 2314 1863 memini
2353 1812 2385 1865 3

183 1915 360 1969 tunc
395 1898 729 1968 verissime
763 1897 1044 1991 judicari
1062 1950 1082 1985 ,
1123 1898 1437 1967 meruerit
1468 1898 1613 1992 quis
1652 1896 1973 1968 honorem
1992 1951 2013 1984 ‚
2048 1923 2173 1967 nec
2198 1925 2316 1985 ne,

185 2030 404 2100 quum
445 2003 720 2099 adeptus
765 2017 881 2073 est.
928 2006 1071 2072 Vos
1111 2002 1312 2073 modo
1353 2000 1569 2072 favete
1615 2002 1773 2073 huic
1822 2004 2161 2097 proposito
2182 2058 2201 2091 ‚
2252 2020 2317 2075 et
2351 2028 2384 2085 4

185 2110 477 2198 credite,
504 2111 558 2179 si
593 2134 792 2179 cursu
828 2108 1114 2203 quodam
1157 2114 1513 2203 provectus
1556 2109 1641 2177 ab
1678 2107 1789 2177 illo
1828 2108 2317 2180 insidiosissimo

190 2218 500 2313 principe
523 2268 544 2302 ,
585 2231 935 2309 antequam
983 2213 1406 2309 profiteretur
1448 2214 1672 2284 odium
1717 2216 2045 2283 bonorum
2067 2268 2086 2295 .,
2128 2232 2315 2310 post-

191 2347 399 2419 quam
437 2319 770 2418 professus
812 2334 949 2409 est,
985 2320 1274 2407 substiti;
1305 2345 1509 2415 quum
1547 2320 1835 2391 viderem
1854 2375 1873 2410 ,
1902 2347 2047 2416 quae
2082 2322 2162 2391 ad
2192 2322 2314 2393 ho·
2353 2334 2383 2390 5

195 2453 396 2498 nores
443 2427 834 2522 compendia
889 2441 1193 2522 paterent
1210 2479 1230 2514 ,
1276 2426 1535 2522 longius
1582 2429 1708 2496 iter
1756 2428 1994 2513 malui3
2038 2429 2089 2499 si
2132 2428 2319 2499 malis

193 2532 610 2631 temporibus
645 2536 820 2603 inter
851 2547 1120 2603 moestos
1153 2547 1222 2603 et
1253 2548 1569 2630 paventes
1584 2583 1605 2618 ,
1632 2534 1821 2604 bonis
1858 2535 2029 2604 inter
2054 2559 2320 2606 securos

207 2742 232 2776 ι
245 2763 260 2777 .
281 2723 354 2776 G.
371 2753 441 2764 --
457 2727 585 2774 Fato
605 2735 828 2790 negatur.
847 2721 1030 2775 Sterile
1045 2759 1060 2783 ,
1075 2719 1222 2794 quod

197 2803 404 2867 scitur,
428 2801 648 2874 Traiani
682 2819 804 2854 cum
845 2799 1055 2853 Plotina
1090 2819 1220 2854 con·

197 2883 433 2958 jurgium.
453 2881 521 2933 G.

276 2961 422 3016 XCV
429 2999 444 3014 .
467 2978 513 3013 ι.
535 2962 767 3012 Publicis.
789 2995 804 3010 .
824 2995 839 3008 .
859 2996 873 3010 .
885 2961 1220 3010 incantamentis.

1306 2725 1443 2774 dam.
1482 2720 1565 2774 Al.
1616 2726 1898 2790 quondam,
1922 2721 2069 2795 quod
2108 2725 2315 2778 melius.

1306 2799 1428 2853 Mox
1457 2800 1719 2872 Gierigius
1754 2822 1854 2875 pro
1880 2807 1947 2854 ab
1981 2805 2321 2876 prohabiliter

1305 2879 1525 2952 conjicit
1540 2885 1648 2934 sub.
1670 2883 1725 2936 S.

1376 2987 1448 2999 ——·
1468 2962 1861 3013 Insidiosissim.
1904 2959 2109 3014 Scilicet
2141 2961 2321 3014 Domi-

197 3039 382 3095 Credo
397 3076 414 3102 ,
438 3055 556 3110 quo
585 3049 795 3091 senatus
821 3035 988 3090 Plinio
1007 3036 1218 3090 statuit:

199 3120 258 3172 in
279 3119 411 3173 actis
434 3128 576 3171 certe
594 3127 826 3171 senatus.
839 3114 910 3168 G.

275 3229 348 3240 —-
363 3202 410 3248 E
434 3199 606 3250 audite
630 3197 824 3247 nosen&-
847 3194 952 3248 Pro
977 3190 1225 3246 facultate

201 3275 453 3332 dicendi:
481 3293 533 3329 v.
563 3293 612 3346 g.
645 3287 706 3327 ut
729 3272 929 3327 Baticia
955 3271 1187 3342 adessem
1206 3307 1224 3336 ,

202 3357 274 3412 de
303 3373 412 3428 qua
440 3373 498 3408 re
523 3351 762 3426 Ep.111,
789 3369 860 3422 9,
888 3349 1019 3404 1.G.

281 3455 336 3490 α.
359 3436 451 3487 His
473 3435 927 3486 acclamationibus.
955 3429 1137 3483 Malim
1166 3433 1226 3481 iis

203 3513 663 3568 acclamationibus.
677 3511 728 3566 S.
745 3541 818 3552 --
839 3513 1136 3579 Complecear
1145 3547 1163 3572 ‚
1179 3523 1230 3561 es

205 3611 424 3646 teneam.
441 3591 490 3644 T
491 3610 621 3644 near
633 3589 778 3644 omni
800 3587 962 3644 modo
983 3627 1002 3653 ‚
1024 3605 1228 3642 conser-

203 3691 348 3726 vem.
380 3671 446 3723 E.

279 3753 336 3806 3.
350 3753 569 3818 Adeptus
587 3747 851 3802 κινοίη-ἰ
863 3746 1026 3810 dicto,
1047 3751 1080 3805 ἡ
1101 3748 1224 3820 ἀρχῆ

203 3837 290 3888 τὸν
312 3827 474 3902 ἄνδρα
497 3827 706 3883 διικνῦιι
736 3847 752 3883 z
789 3825 1120 3899 magistratus
1152 3825 1228 3880 vi·

201 3929 332 3965 rum
345 3907 549 3982 probat.
569 3905 667 3958 En.

279 3998 336 4056 4.
385 3992 454 4039 Ee
482 3989 679 4039 credite.
717 3985 894 4041 Intell.
925 3989 1180 4056 proposito
1207 4007 1226 4038 .·

207 4067 420 4125 credite
455 4083 643 4118 verum
666 4101 682 4128 ,
719 4077 966 4120 constant
979 4105 996 4127 ,
1035 4084 1226 4139 perpe-

209 4163 370 4202 tuum
395 4141 529 4198 illud
550 4143 663 4195 fore
677 4179 694 4206 ,
721 4145 762 4197 si
777 4183 795 4210 ,
819 4155 916 4196 etc.
935 4145 1000 4198 G.
1017 4176 1086 4186 --
1103 4150 1232 4211 Quo-

1307 3037 1474 3090 tiano.
1502 3037 1607 3090 En.

1378 3119 1428 3167 5.
1444 3118 1687 3168 Videt-em.
1702 3117 1773 3168 Re
1788 3116 1978 3169 iterum
1995 3117 2319 3171 consideratu

1308 3213 1412 3246 non
1432 3205 1568 3266 puto
1583 3213 1717 3266 opus
1734 3213 1847 3250 esse
1862 3237 1877 3262 ,
1894 3208 2145 3250 utcontra
2160 3198 2319 3250 libros

1308 3291 1492 3326 omnes
1506 3275 1553 3326 si
1562 3291 1951 3346 preponamus:
1968 3273 2111 3346 quod
2121 3273 2321 3328 Plinius

1309 3351 1380 3405 ad
1413 3354 1820 3426 propositionem
1852 3352 2013 3408 modo
2046 3355 2322 3426 capitalem

1310 3430 1501 3505 adjecit
1514 3450 1529 3496 3
1542 3433 1655 3486 hec
1669 3453 1817 3502 quum
1828 3435 2066 3484 viderem.
2088 3471 2101 3484 .
2123 3438 2318 3493 analui,

1309 3509 1547 3565 incidens
1574 3510 1734 3565 modo
1757 3523 1836 3565 est
1849 3548 1864 3574 ‚
1886 3529 1991 3583 qua
2014 3511 2320 3583 interpreta-

1311 3601 1398 3642 tur
1420 3589 1553 3643 illud
1576 3592 1781 3644 substiti.
1806 3589 1875 3644 G.
1902 3619 1973 3631 —··
1998 3590 2324 3661 Ineptiasime

1310 3667 1398 3722 hic
1427 3669 1749 3742 parenthesis
1780 3668 2227 3741 interponeretur,
2264 3683 2325 3724 ut

1311 3765 1427 3820 quae
1455 3749 1561 3803 vim
1582 3750 1943 3822 impetumque
1960 3750 2209 3803 orationis
2232 3752 2325 3804 mi·

1312 3845 1426 3880 sere
1438 3828 1832 3882 sufflaminaret.
1845 3830 2033 3901 Itaque
2042 3829 2218 3883 nullus
2232 3829 2265 3882 d
2270 3851 2326 3884 u·

1311 3906 1424 3960 bito
1450 3911 1495 3960 si
1516 3907 1853 3960 inserendum
1878 3927 1989 3964 esse
2009 3947 2024 3973 ,
2054 3909 2197 3982 quod
2226 3931 2323 3964 cur

1313 3985 1586 4049 exciderit,
1616 3986 1766 4041 facile
1802 3997 1962 4058 patet.
2013 3987 2064 4043 S.
2101 4021 2171 4030 —
2206 3995 2328 4056 Qua.-

1313 4067 1390 4117 ad
1434 4069 1638 4118 honores
1683 4069 1987 4136 compendia.
2026 4067 2127 4122 Per
2165 4068 2328 4122 mulas

1320 4158 1461 4200 arten
1492 4157 1541 4198 et
1568 4144 1870 4200 delationes.
1893 4147 1982 4200 En.

1952 4243 2075 4314 25.
