2857 4690
482 290 611 360 168
1104 295 1180 360 C.
1236 285 1578 360 PLINII
1633 295 1818 360 LIB.
1871 295 1955 359 X.

471 410 849 480 invitandos
864 463 889 494 2
909 428 1131 505 putes3
1159 428 1228 482 et
1243 467 1262 497 ‚
1290 415 1347 482 si
1372 439 1458 482 ne
1479 416 1574 482 sic
1597 414 1866 508 quidem
1896 418 2358 509 reperiuntur,
2385 416 2606 486 distri-

470 521 813 590 buendum
849 524 1024 591 inter
1064 522 1460 592 decuriones
1501 524 1888 618 pecuniam,
1929 525 2021 592 ita
2049 537 2126 592 ut
2157 539 2335 592 recte
2371 527 2602 619 reipu-

471 630 661 701 blicae
688 647 965 702 caveant
994 659 1009 699 ε
1046 633 1229 727 quod
1246 686 1265 718 ,
1300 657 1710 728 quamquam
1743 635 1974 702 invitis
1999 647 2068 700 et
2101 635 2572 704 recusantibus
2587 685 2606 716 ,

470 741 695 809 minus
724 741 1040 809 acerbum
1064 744 1224 826 erit,
1258 740 1509 811 leviore
1537 768 1736 812 usura
1770 745 2154 812 constituta.

474 937 805 992 suetudinem
836 940 1175 993 recentiorem
1193 979 1208 1004 ,
1233 960 1349 1012 quae
1376 954 1490 993 tum
1587 961 1735 1004 mus,
1771 943 2022 1014 plusculis
2051 943 2309 994 Varronis
2349 941 2611 1014 exemplis

474 1017 791 1071 invaluerat.
814 1019 949 1071 Em«.
1587 1021 1644 1072 in
1665 1023 1795 1074 Lex.
1832 1021 2029 1074 rustico
2054 1033 2238 1073 nostro
2269 1020 2608 1073 demonstra·

549 1117 599 1149 ο.
614 1098 1007 1150 Discribuendmn
1017 1134 1205 1150 ......
1214 1104 1490 1167 pecuniam,
1589 1111 1722 1152 tum.
1735 1101 1936 1170 Nempe
1953 1100 2224 1170 sequimur
2243 1099 2527 1152 lectionem
2545 1117 2610 1152 ex

476 1177 559 1230 Sic
578 1177 745 1232 solere
769 1177 1043 1231 Gerundio
1066 1177 1281 1251 adjungi
1310 1198 1512 1232 casum·
1591 1179 1821 1250 antiquis
1835 1179 1980 1231 libris
2012 1189 2310 1232 revocatam
2325 1197 2356 1230 ει
2375 1178 2449 1232 cl.
2463 1179 2609 1230 Lon·

476 1255 621 1308 verbi
634 1295 651 1320 ,
674 1269 857 1310 notum
877 1271 977 1322 est,
1003 1271 1084 1322 et,
1108 1257 1296 1332 utgalia
1320 1271 1492 1312 tacea·
1591 1259 1747 1330 golio.
1771 1259 1839 1312 G.

478 1460 1972 1481 mmmsmmmmmsuwsmwummsnssss
1981 1464 2000 1478 ι
2011 1464 2030 1479 s
2041 1456 2398 1478 “smus-m!
2409 1456 2598 1476 mm

1196 1653 1533 1741 Lx111.
1601 1651 1898 1769 (LVI)

1084 1906 1545 1952 TRAJANUS
1597 1905 1907 1950 PLlNlo
1960 1903 2011 1948 S.

580 2087 682 2155 Εἰἱ
720 2087 859 2178 ipse
896 2109 1033 2154 non
1064 2083 1257 2152 aliud
1280 2084 1647 2152 remedium
1681 2082 2005 2176 dispicio,
2043 2083 2136 2148 mi
2167 2079 2474 2150 Secunde
2511 2105 2614 2148 ca·

486 2196 775 2282 tissime,
820 2219 1021 2290 quam
1063 2209 1140 2262 ut
1179 2194 1520 2288 quantitas
1547 2217 1904 2261 usurarum
1942 2191 2310 2278 minuatur,
2345 2215 2488 2284 quo
2517 2189 2616 2258 fa-

487 2305 679 2377 cilius
715 2307 1015 2401 pecuniae
1050 2302 1331 2399 publicae
1356 2301 1788 2373 collocentur.
1825 2300 2108 2371 Modum
2141 2302 2282 2394 ejus
2311 2323 2394 2368 ex
2423 2299 2616 2393 copia

486 2438 721 2483 eorum
740 2467 760 2498 ‚
796 2415 913 2508 qui
954 2413 1465 2497 mutuabuntur,
1500 2428 1575 2480 tu
1609 2411 1992 2481 constitues.
2035 2412 2289 2480 Invitos
2319 2408 2402 2477 ad
2441 2410 2616 2478 acci-

432 2580 441 2601 .
490 2522 811 2617 piendum
836 2519 1230 2617 compellere
1246 2576 1263 2609 ,
1294 2522 1476 2616 quod
1505 2521 1800 2591 fortassis
1819 2521 1979 2615 ipsis
2003 2521 2288 2589 otiosum
2311 2520 2618 2590 futurum

491 2634 608 2718 sit,
644 2656 783 2699 non
820 2646 923 2699 est
962 2656 1043 2699 ex
1078 2632 1339 2725 justitia
1385 2646 1770 2701 nostrorum
1808 2647 2208 2725 temporum.

542 2832 759 2885 LXIII.
785 2838 866 2885 Ex
883 2835 1043 2901 copia.
1063 2833 1205 2888 Nihil
1225 2834 1279 2887 in
1300 2835 1508 2887 univer-

493 2928 609 2965 sum
628 2913 895 2966 constituit
923 2912 989 2966 de
1012 2912 1175 2971 modo
1196 2932 1476 2967 usurarum
1491 2952 1506 2977 ,

494 2992 799 3046 semissesne
810 2992 1078 3064 exigenda
1100 2994 1205 3046 sint
1218 3036 1233 3060 ,
1262 3014 1331 3047 an
1348 2994 1509 3067 quin-

494 3091 707 3135 cunce⁸‚
722 3083 823 3125 etc.
840 3071 930 3125 sed
944 3072 1093 3124 illum
1100 3073 1249 3144 jubet
1264 3071 1511 3125 constitui

494 3170 523 3204 e
532 3155 693 3219 eopia,
698 3163 857 3223 prout
867 3152 1148 3204 offerretur
1159 3153 1377 3204 facultas
1384 3153 1512 3216 ‚sive

495 3230 649 3301 copia
665 3230 942 3283 hominum
964 3230 1297 3296 idoneorum,
1317 3231 1409 3302 qui
1422 3250 1510 3283 ve-

496 3310 593 3361 lint
616 3322 669 3363 et
694 3312 891 3382 possint
904 3312 1041 3383 plus,
1066 3311 1240 3363 minus
1253 3307 1400 3362 dare.
1422 3310 1510 3363 sic

496 3389 694 3460 optime
715 3389 1037 3443 Gronovius.
1066 3388 1135 3441 G.
1163 3420 1234 3429 —-
1255 3391 1401 3455 Quod
1396 3391 1511 3457 sbr-

499 3473 639 3520 tussis
660 3472 773 3537 ipsis
788 3470 1245 3538 ociosumfittumm.
1262 3468 1364 3520 Pro
1382 3471 1511 3519 otio-

1601 2854 1707 2884 sum
1735 2832 2035 2886 casaubon.
2066 2844 2117 2884 et
2134 2832 2307 2885 Minos
2329 2850 2588 2883 onerosum
2602 2871 2616 2891 ,

1603 2912 1750 2983 quod
1782 2924 1858 2965 est
1893 2930 2217 2983 consequens
2244 2912 2408 2962 ociosi.
2448 2909 2621 2963 Potuit

1604 2990 1862 3062 ijnnus
1897 3002 2181 3061 utrumque
2220 2989 2490 3055 scribere3
2529 2989 2620 3043 sed

1605 3070 1732 3143 quia
1759 3069 1956 3122 Plinius
1990 3070 2058 3122 de
2092 3073 2250 3121 otiosa
2280 3068 2510 3141 pecunia
2541 3067 2620 3119 lo-

1607 3161 1804 3221 quutus
1819 3160 1931 3201 erat
1945 3186 1960 3211 ,
1983 3160 2033 3201 et
2045 3148 2306 3220 Traianus
2326 3150 2439 3219 ejus
2462 3147 2622 3199 verba

1603 3229 1915 3301 plerumque
1937 3228 2125 3299 repetit
2139 3264 2154 3290 ,
2187 3238 2467 3297 propterea
2493 3230 2618 3278 otio-

1603 3329 1708 3361 sum
1733 3327 1916 3361 verum
1943 3319 2091 3379 puto.
2116 3306 2217 3359 En.
2238 3336 2310 3346 —-
2331 3309 2448 3356 Nou
2469 3320 2541 3356 est
2559 3324 2622 3355 ex

1594 3391 1791 3457 justicia
1813 3406 2024 3437 meorum
2044 3402 2334 3455 temporum,
2358 3403 2469 3437 non
2491 3402 2620 3439 con-

1608 3468 1751 3521 venit
1765 3465 1983 3537 imperio
2005 3482 2124 3517 meo
2140 3466 2302 3535 justo.
2331 3462 2436 3515 En.

1064 3760 1078 3765 -
1159 3759 1225 3765 -—
1238 3740 2056 3775 dwn—
