<?xml version="1.0" encoding="UTF-8"?>
<!DOCTYPE html PUBLIC "-//W3C//DTD XHTML 1.0 Transitional//EN"
    "http://www.w3.org/TR/xhtml1/DTD/xhtml1-transitional.dtd">
<html xmlns="http://www.w3.org/1999/xhtml" xml:lang="en" lang="en">
 <head>
  <title>
</title>
<meta http-equiv="Content-Type" content="text/html;charset=utf-8" />
  <meta name='ocr-system' content='tesseract 3.04.00' />
  <meta name='ocr-capabilities' content='ocr_page ocr_carea ocr_par ocr_line ocrx_word'/>
</head>
<body>
  <div class='ocr_page' id='page_1' title='image "./cpliniisecundie00schgoog_0378.png"; bbox 0 0 2857 4690; ppageno 0'>
   <div class='ocr_carea' id='block_1_1' title="bbox 611 370 1794 455">
    <p class='ocr_par' dir='ltr' id='par_1_1' title="bbox 611 370 1794 455">
     <span class='ocr_line' id='line_1_1' title="bbox 611 370 1794 455; baseline -0.003 -15"><span class='ocrx_word' id='word_1_1' title='bbox 611 370 1127 440; x_wconf 85' lang='lat' dir='ltr'><strong>PANEGYR.</strong></span> <span class='ocrx_word' id='word_1_2' title='bbox 1181 371 1395 455; x_wconf 66' lang='lat' dir='ltr'><strong>CAP.</strong></span> <span class='ocrx_word' id='word_1_3' title='bbox 1447 370 1794 439; x_wconf 88' lang='lat' dir='ltr'><strong>LXXXI.</strong></span> 
     </span>
    </p>
   </div>
   <div class='ocr_carea' id='block_1_2' title="bbox 2159 370 2296 470">
    <p class='ocr_par' dir='ltr' id='par_1_2' title="bbox 2159 370 2296 470">
     <span class='ocr_line' id='line_1_2' title="bbox 2159 370 2296 470; baseline 0 0"><span class='ocrx_word' id='word_1_4' title='bbox 2159 370 2296 470; x_wconf 80' lang='lat'><strong>367</strong></span> 
     </span>
    </p>
   </div>
   <div class='ocr_carea' id='block_1_3' title="bbox 158 494 2381 1871">
    <p class='ocr_par' dir='ltr' id='par_1_3' title="bbox 158 494 2381 1871">
     <span class='ocr_line' id='line_1_3' title="bbox 158 494 2370 599; baseline 0 -24"><span class='ocrx_word' id='word_1_5' title='bbox 158 506 425 599; x_wconf 81' lang='lat' dir='ltr'><strong>magis,</strong></span> <span class='ocrx_word' id='word_1_6' title='bbox 467 526 669 599; x_wconf 88' lang='lat' dir='ltr'><strong>quam</strong></span> <span class='ocrx_word' id='word_1_7' title='bbox 722 503 977 573; x_wconf 86' lang='lat' dir='ltr'><strong>ratione</strong></span> <span class='ocrx_word' id='word_1_8' title='bbox 1028 526 1446 598; x_wconf 82' lang='lat' dir='ltr'><strong>compescere</strong></span> <span class='ocrx_word' id='word_1_9' title='bbox 1492 528 1506 571; x_wconf 92' lang='lat'><strong>:</strong></span> <span class='ocrx_word' id='word_1_10' title='bbox 1545 501 1952 573; x_wconf 85' lang='lat' dir='ltr'><strong>intercedere</strong></span> <span class='ocrx_word' id='word_1_11' title='bbox 1991 494 2298 599; x_wconf 85' lang='lat' dir='ltr'><strong>iniquita·</strong></span> <span class='ocrx_word' id='word_1_12' title='bbox 2335 516 2370 575; x_wconf 72' lang='lat'><em>6</em></span> 
     </span>
     <span class='ocr_line' id='line_1_4' title="bbox 158 607 2304 705; baseline 0 -24"><span class='ocrx_word' id='word_1_13' title='bbox 158 612 357 681; x_wconf 89' lang='lat' dir='ltr'><strong>tibus</strong></span> <span class='ocrx_word' id='word_1_14' title='bbox 401 609 905 705; x_wconf 77' lang='lat' dir='ltr'><strong>magistratuum</strong></span> <span class='ocrx_word' id='word_1_15' title='bbox 924 662 945 696; x_wconf 89' lang='lat'>,</span> <span class='ocrx_word' id='word_1_16' title='bbox 977 607 1427 704; x_wconf 88' lang='lat' dir='ltr'><strong>infectumque</strong></span> <span class='ocrx_word' id='word_1_17' title='bbox 1461 608 1738 681; x_wconf 85' lang='lat' dir='ltr'><strong>reddere</strong></span> <span class='ocrx_word' id='word_1_18' title='bbox 1753 659 1774 693; x_wconf 84' lang='lat'><strong>‚</strong></span> <span class='ocrx_word' id='word_1_19' title='bbox 1809 607 2124 704; x_wconf 86' lang='lat' dir='ltr'><strong>quidquid</strong></span> <span class='ocrx_word' id='word_1_20' title='bbox 2157 611 2304 682; x_wconf 85' lang='lat' dir='ltr'><strong>fieri</strong></span> 
     </span>
     <span class='ocr_line' id='line_1_5' title="bbox 160 714 2304 813; baseline 0.001 -28"><span class='ocrx_word' id='word_1_21' title='bbox 160 742 313 787; x_wconf 88' lang='lat' dir='ltr'><strong>non</strong></span> <span class='ocrx_word' id='word_1_22' title='bbox 338 716 715 813; x_wconf 83' lang='lat' dir='ltr'><strong>oportuerit</strong></span> <span class='ocrx_word' id='word_1_23' title='bbox 736 729 1153 810; x_wconf 75' lang='lat' dir='ltr'><strong>:·postremo‚</strong></span> <span class='ocrx_word' id='word_1_24' title='bbox 1176 714 1571 811; x_wconf 60' lang='lat' dir='ltr'><strong>velocisaimi</strong></span> <span class='ocrx_word' id='word_1_25' title='bbox 1593 714 1822 785; x_wconf 83' lang='lat' dir='ltr'><strong>sideris</strong></span> <span class='ocrx_word' id='word_1_26' title='bbox 1841 730 2027 785; x_wconf 85' lang='lat' dir='ltr'><strong>more</strong></span> <span class='ocrx_word' id='word_1_27' title='bbox 2040 768 2061 802; x_wconf 83' lang='lat'><strong>‚</strong></span> <span class='ocrx_word' id='word_1_28' title='bbox 2081 720 2304 787; x_wconf 89' lang='lat' dir='ltr'><strong>omnia</strong></span> 
     </span>
     <span class='ocr_line' id='line_1_6' title="bbox 163 820 2304 915; baseline 0.001 -25"><span class='ocrx_word' id='word_1_29' title='bbox 163 823 501 911; x_wconf 85' lang='lat' dir='ltr'><strong>invisere,</strong></span> <span class='ocrx_word' id='word_1_30' title='bbox 537 820 761 890; x_wconf 85' lang='lat' dir='ltr'><strong>omnia</strong></span> <span class='ocrx_word' id='word_1_31' title='bbox 790 821 1052 910; x_wconf 89' lang='lat' dir='ltr'><strong>audire,</strong></span> <span class='ocrx_word' id='word_1_32' title='bbox 1080 835 1148 890; x_wconf 89' lang='lat' dir='ltr'><strong>et</strong></span> <span class='ocrx_word' id='word_1_33' title='bbox 1171 820 1612 915; x_wconf 83' lang='lat' dir='ltr'><strong>undecunque</strong></span> <span class='ocrx_word' id='word_1_34' title='bbox 1639 822 2016 891; x_wconf 84' lang='lat' dir='ltr'><strong>invocatum</strong></span> <span class='ocrx_word' id='word_1_35' title='bbox 2043 825 2262 893; x_wconf 86' lang='lat' dir='ltr'><strong>statim</strong></span> <span class='ocrx_word' id='word_1_36' title='bbox 2283 878 2304 911; x_wconf 89' lang='lat'><strong>‚</strong></span> 
     </span>
     <span class='ocr_line' id='line_1_7' title="bbox 162 922 2373 1020; baseline 0 -23"><span class='ocrx_word' id='word_1_37' title='bbox 162 927 365 999; x_wconf 79' lang='lat' dir='ltr'><strong>velut</strong></span> <span class='ocrx_word' id='word_1_38' title='bbox 399 951 649 997; x_wconf 88' lang='lat' dir='ltr'><strong>numen</strong></span> <span class='ocrx_word' id='word_1_39' title='bbox 662 979 682 1015; x_wconf 90' lang='lat'><strong>,</strong></span> <span class='ocrx_word' id='word_1_40' title='bbox 724 926 951 997; x_wconf 80' lang='lat' dir='ltr'><strong>adesse</strong></span> <span class='ocrx_word' id='word_1_41' title='bbox 986 940 1054 997; x_wconf 88' lang='lat' dir='ltr'><strong>et</strong></span> <span class='ocrx_word' id='word_1_42' title='bbox 1086 922 1430 997; x_wconf 84' lang='lat' dir='ltr'><strong>adsistere!</strong></span> <span class='ocrx_word' id='word_1_43' title='bbox 1471 925 1654 997; x_wconf 84' lang='lat' dir='ltr'><strong>Talia</strong></span> <span class='ocrx_word' id='word_1_44' title='bbox 1689 951 1830 997; x_wconf 84' lang='lat' dir='ltr'><strong>esse</strong></span> <span class='ocrx_word' id='word_1_45' title='bbox 1871 926 2261 999; x_wconf 85' lang='lat' dir='ltr'><strong>crediderim</strong></span> <span class='ocrx_word' id='word_1_46' title='bbox 2284 984 2305 1020; x_wconf 87' lang='lat'><strong>,</strong></span> <span class='ocrx_word' id='word_1_47' title='bbox 2340 934 2373 989; x_wconf 84' lang='lat'>⁵</span> 
     </span>
     <span class='ocr_line' id='line_1_8' title="bbox 165 1032 2306 1129; baseline 0.001 -25"><span class='ocrx_word' id='word_1_48' title='bbox 165 1059 325 1129; x_wconf 82' lang='lat' dir='ltr'><strong>quae</strong></span> <span class='ocrx_word' id='word_1_49' title='bbox 362 1035 504 1129; x_wconf 87' lang='lat' dir='ltr'><strong>ipse</strong></span> <span class='ocrx_word' id='word_1_50' title='bbox 545 1032 777 1102; x_wconf 88' lang='lat' dir='ltr'><strong>mundi</strong></span> <span class='ocrx_word' id='word_1_51' title='bbox 806 1056 1045 1127; x_wconf 84' lang='lat' dir='ltr'><strong>parens</strong></span> <span class='ocrx_word' id='word_1_52' title='bbox 1087 1046 1414 1127; x_wconf 84' lang='lat' dir='ltr'><strong>temperat</strong></span> <span class='ocrx_word' id='word_1_53' title='bbox 1442 1046 1611 1101; x_wconf 87' lang='lat' dir='ltr'><strong>nutu</strong></span> <span class='ocrx_word' id='word_1_54' title='bbox 1629 1086 1651 1120; x_wconf 90' lang='lat'>‚</span> <span class='ocrx_word' id='word_1_55' title='bbox 1687 1034 1740 1101; x_wconf 92' lang='lat' dir='ltr'><strong>si</strong></span> <span class='ocrx_word' id='word_1_56' title='bbox 1771 1032 2037 1127; x_wconf 83' lang='lat' dir='ltr'><strong>quando</strong></span> <span class='ocrx_word' id='word_1_57' title='bbox 2077 1034 2306 1105; x_wconf 84' lang='lat' dir='ltr'><strong>oculos</strong></span> 
     </span>
     <span class='ocr_line' id='line_1_9' title="bbox 165 1136 2308 1235; baseline 0.001 -27"><span class='ocrx_word' id='word_1_58' title='bbox 165 1139 447 1209; x_wconf 86' lang='lat' dir='ltr'><strong>demisit</strong></span> <span class='ocrx_word' id='word_1_59' title='bbox 485 1141 555 1208; x_wconf 84' lang='lat' dir='ltr'><strong>in</strong></span> <span class='ocrx_word' id='word_1_60' title='bbox 596 1152 807 1207; x_wconf 87' lang='lat' dir='ltr'><strong>terras</strong></span> <span class='ocrx_word' id='word_1_61' title='bbox 856 1152 925 1208; x_wconf 89' lang='lat' dir='ltr'><strong>et</strong></span> <span class='ocrx_word' id='word_1_62' title='bbox 972 1137 1147 1207; x_wconf 81' lang='lat' dir='ltr'><strong>facta</strong></span> <span class='ocrx_word' id='word_1_63' title='bbox 1194 1136 1572 1209; x_wconf 83' lang='lat' dir='ltr'><strong>mortalium</strong></span> <span class='ocrx_word' id='word_1_64' title='bbox 1620 1140 1792 1209; x_wconf 89' lang='lat' dir='ltr'><strong>inter</strong></span> <span class='ocrx_word' id='word_1_65' title='bbox 1840 1139 2062 1209; x_wconf 86' lang='lat' dir='ltr'><strong>divina</strong></span> <span class='ocrx_word' id='word_1_66' title='bbox 2103 1166 2308 1235; x_wconf 87' lang='lat' dir='ltr'><strong>opera</strong></span> 
     </span>
     <span class='ocr_line' id='line_1_10' title="bbox 168 1242 2381 1339; baseline 0.001 -25"><span class='ocrx_word' id='word_1_67' title='bbox 168 1268 538 1316; x_wconf 89' lang='lat' dir='ltr'><strong>numerare</strong></span> <span class='ocrx_word' id='word_1_68' title='bbox 587 1242 895 1337; x_wconf 83' lang='lat' dir='ltr'><strong>dignatus</strong></span> <span class='ocrx_word' id='word_1_69' title='bbox 945 1258 1047 1313; x_wconf 90' lang='lat' dir='ltr'><strong>est</strong></span> <span class='ocrx_word' id='word_1_70' title='bbox 1089 1270 1104 1311; x_wconf 89' lang='lat'><strong>:</strong></span> <span class='ocrx_word' id='word_1_71' title='bbox 1150 1268 1280 1338; x_wconf 86' lang='lat' dir='ltr'><strong>qua</strong></span> <span class='ocrx_word' id='word_1_72' title='bbox 1328 1269 1509 1315; x_wconf 84' lang='lat' dir='ltr'><strong>nunc</strong></span> <span class='ocrx_word' id='word_1_73' title='bbox 1554 1260 1743 1339; x_wconf 86' lang='lat' dir='ltr'><strong>parte</strong></span> <span class='ocrx_word' id='word_1_74' title='bbox 1789 1269 2102 1317; x_wconf 88' lang='lat' dir='ltr'><strong>curarum</strong></span> <span class='ocrx_word' id='word_1_75' title='bbox 2145 1245 2310 1317; x_wconf 88' lang='lat' dir='ltr'><strong>liber</strong></span> <span class='ocrx_word' id='word_1_76' title='bbox 2343 1255 2381 1302; x_wconf 79' lang='lat'><strong>⁶</strong></span> 
     </span>
     <span class='ocr_line' id='line_1_11' title="bbox 170 1348 2310 1449; baseline 0.001 -28"><span class='ocrx_word' id='word_1_77' title='bbox 170 1351 568 1445; x_wconf 86' lang='lat' dir='ltr'><strong>solutusque</strong></span> <span class='ocrx_word' id='word_1_78' title='bbox 587 1403 607 1439; x_wconf 90' lang='lat'><strong>,</strong></span> <span class='ocrx_word' id='word_1_79' title='bbox 662 1348 823 1419; x_wconf 84' lang='lat' dir='ltr'><strong>caelo</strong></span> <span class='ocrx_word' id='word_1_80' title='bbox 863 1363 1121 1419; x_wconf 88' lang='lat' dir='ltr'><strong>tantum</strong></span> <span class='ocrx_word' id='word_1_81' title='bbox 1161 1363 1388 1436; x_wconf 82' lang='lat' dir='ltr'><strong>vacat,</strong></span> <span class='ocrx_word' id='word_1_82' title='bbox 1431 1365 1778 1445; x_wconf 82' lang='lat' dir='ltr'><strong>postquam</strong></span> <span class='ocrx_word' id='word_1_83' title='bbox 1831 1366 1900 1421; x_wconf 89' lang='lat' dir='ltr'><strong>te</strong></span> <span class='ocrx_word' id='word_1_84' title='bbox 1937 1350 2152 1441; x_wconf 89' lang='lat' dir='ltr'><strong>dedit,</strong></span> <span class='ocrx_word' id='word_1_85' title='bbox 2195 1355 2310 1449; x_wconf 88' lang='lat' dir='ltr'><strong>qui</strong></span> 
     </span>
     <span class='ocr_line' id='line_1_12' title="bbox 172 1455 2310 1555; baseline 0.001 -28"><span class='ocrx_word' id='word_1_86' title='bbox 172 1482 341 1553; x_wconf 80' lang='lat' dir='ltr'><strong>erga</strong></span> <span class='ocrx_word' id='word_1_87' title='bbox 379 1480 581 1526; x_wconf 87' lang='lat' dir='ltr'><strong>omne</strong></span> <span class='ocrx_word' id='word_1_88' title='bbox 614 1455 959 1525; x_wconf 86' lang='lat' dir='ltr'><strong>hominum</strong></span> <span class='ocrx_word' id='word_1_89' title='bbox 995 1479 1203 1550; x_wconf 86' lang='lat' dir='ltr'><strong>genus</strong></span> <span class='ocrx_word' id='word_1_90' title='bbox 1242 1456 1387 1525; x_wconf 87' lang='lat' dir='ltr'><strong>vice</strong></span> <span class='ocrx_word' id='word_1_91' title='bbox 1422 1480 1542 1525; x_wconf 87' lang='lat' dir='ltr'><strong>sua</strong></span> <span class='ocrx_word' id='word_1_92' title='bbox 1574 1456 1978 1552; x_wconf 80' lang='lat' dir='ltr'><strong>fungereris:</strong></span> <span class='ocrx_word' id='word_1_93' title='bbox 2015 1458 2310 1555; x_wconf 82' lang='lat' dir='ltr'><strong>fungeris</strong></span> 
     </span>
     <span class='ocr_line' id='line_1_13' title="bbox 174 1561 2311 1657; baseline 0.002 -25"><span class='ocrx_word' id='word_1_94' title='bbox 174 1564 363 1633; x_wconf 84' lang='lat' dir='ltr'><strong>enim</strong></span> <span class='ocrx_word' id='word_1_95' title='bbox 376 1616 397 1653; x_wconf 90' lang='lat'><strong>,</strong></span> <span class='ocrx_word' id='word_1_96' title='bbox 441 1561 818 1657; x_wconf 81' lang='lat' dir='ltr'><strong>sufficisque</strong></span> <span class='ocrx_word' id='word_1_97' title='bbox 852 1561 1229 1650; x_wconf 85' lang='lat' dir='ltr'><strong>mandanti,</strong></span> <span class='ocrx_word' id='word_1_98' title='bbox 1260 1586 1466 1657; x_wconf 90' lang='lat' dir='ltr'><strong>quum</strong></span> <span class='ocrx_word' id='word_1_99' title='bbox 1495 1562 1614 1633; x_wconf 85' lang='lat' dir='ltr'><strong>tihi</strong></span> <span class='ocrx_word' id='word_1_100' title='bbox 1641 1562 1784 1634; x_wconf 79' lang='lat' dir='ltr'><strong>dies</strong></span> <span class='ocrx_word' id='word_1_101' title='bbox 1814 1566 2030 1634; x_wconf 86' lang='lat' dir='ltr'><strong>omnis</strong></span> <span class='ocrx_word' id='word_1_102' title='bbox 2053 1588 2311 1636; x_wconf 81' lang='lat' dir='ltr'><strong>summa</strong></span> 
     </span>
     <span class='ocr_line' id='line_1_14' title="bbox 178 1666 1942 1756; baseline 0.001 -19"><span class='ocrx_word' id='word_1_103' title='bbox 178 1693 345 1741; x_wconf 89' lang='lat' dir='ltr'><strong>cum</strong></span> <span class='ocrx_word' id='word_1_104' title='bbox 374 1666 655 1738; x_wconf 89' lang='lat' dir='ltr'><strong>utilitate</strong></span> <span class='ocrx_word' id='word_1_105' title='bbox 692 1682 919 1737; x_wconf 87' lang='lat' dir='ltr'><strong>nostra</strong></span> <span class='ocrx_word' id='word_1_106' title='bbox 938 1722 959 1756; x_wconf 89' lang='lat'>,</span> <span class='ocrx_word' id='word_1_107' title='bbox 994 1693 1148 1739; x_wconf 90' lang='lat' dir='ltr'><strong>cum</strong></span> <span class='ocrx_word' id='word_1_108' title='bbox 1188 1681 1303 1737; x_wconf 87' lang='lat' dir='ltr'><strong>tua</strong></span> <span class='ocrx_word' id='word_1_109' title='bbox 1337 1666 1565 1756; x_wconf 88' lang='lat' dir='ltr'><strong>laude,</strong></span> <span class='ocrx_word' id='word_1_110' title='bbox 1597 1669 1942 1739; x_wconf 87' lang='lat' dir='ltr'><strong>condatur.</strong></span> 
     </span>
     <span class='ocr_line' id='line_1_15' title="bbox 288 1773 2314 1871; baseline 0.001 -27"><span class='ocrx_word' id='word_1_111' title='bbox 288 1776 659 1845; x_wconf 89' lang='lat' dir='ltr'><strong>LXXXI.</strong></span> <span class='ocrx_word' id='word_1_112' title='bbox 722 1774 927 1864; x_wconf 90' lang='lat' dir='ltr'><strong>Quod</strong></span> <span class='ocrx_word' id='word_1_113' title='bbox 968 1776 1021 1843; x_wconf 89' lang='lat' dir='ltr'><strong>si</strong></span> <span class='ocrx_word' id='word_1_114' title='bbox 1065 1773 1330 1868; x_wconf 87' lang='lat' dir='ltr'><strong>quando</strong></span> <span class='ocrx_word' id='word_1_115' title='bbox 1372 1798 1528 1845; x_wconf 87' lang='lat' dir='ltr'><strong>cum</strong></span> <span class='ocrx_word' id='word_1_116' title='bbox 1567 1774 1990 1845; x_wconf 85' lang='lat' dir='ltr'><strong>influentibus</strong></span> <span class='ocrx_word' id='word_1_117' title='bbox 2035 1776 2314 1871; x_wconf 83' lang='lat' dir='ltr'><strong>negotiis</strong></span> 
     </span>
    </p>
   </div>
   <div class='ocr_carea' id='block_1_4' title="bbox 181 1986 1229 4208">
    <p class='ocr_par' dir='ltr' id='par_1_4' title="bbox 181 1986 1219 2847">
     <span class='ocr_line' id='line_1_16' title="bbox 254 1986 1209 2060; baseline 0 -19"><span class='ocrx_word' id='word_1_118' title='bbox 254 1998 315 2057; x_wconf 70' lang='lat'><strong>4.</strong></span> <span class='ocrx_word' id='word_1_119' title='bbox 341 1992 581 2060; x_wconf 72' lang='lat' dir='ltr'><strong>Infectam</strong></span> <span class='ocrx_word' id='word_1_120' title='bbox 602 1992 821 2043; x_wconf 76' lang='lat' dir='ltr'><strong>reddere.</strong></span> <span class='ocrx_word' id='word_1_121' title='bbox 840 1987 971 2043; x_wconf 85' lang='lat' dir='ltr'><strong>Vid.</strong></span> <span class='ocrx_word' id='word_1_122' title='bbox 1000 1986 1209 2055; x_wconf 73' lang='lat' dir='ltr'><strong>adXL,</strong></span> 
     </span>
     <span class='ocr_line' id='line_1_17' title="bbox 183 2065 1212 2141; baseline -0.002 -17"><span class='ocrx_word' id='word_1_123' title='bbox 183 2071 239 2124; x_wconf 83' lang='lat'><strong>3.</strong></span> <span class='ocrx_word' id='word_1_124' title='bbox 268 2071 381 2123; x_wconf 82' lang='lat' dir='ltr'><strong>Pro</strong></span> <span class='ocrx_word' id='word_1_125' title='bbox 404 2072 671 2139; x_wconf 62' lang='lat' dir='ltr'><strong>oportuerit</strong></span> <span class='ocrx_word' id='word_1_126' title='bbox 693 2067 975 2141; x_wconf 82' lang='lat' dir='ltr'><strong>legendum</strong></span> <span class='ocrx_word' id='word_1_127' title='bbox 1004 2065 1212 2122; x_wconf 83' lang='lat' dir='ltr'><strong>videtur</strong></span> 
     </span>
     <span class='ocr_line' id='line_1_18' title="bbox 181 2147 1211 2221; baseline -0.002 -20"><span class='ocrx_word' id='word_1_128' title='bbox 181 2164 496 2218; x_wconf 74' lang='lat' dir='ltr'><strong>oportuerat.</strong></span> <span class='ocrx_word' id='word_1_129' title='bbox 515 2147 584 2202; x_wconf 97' lang='lat' dir='ltr'><strong>G.</strong></span> <span class='ocrx_word' id='word_1_130' title='bbox 605 2178 676 2190; x_wconf 91' lang='lat'><strong>--</strong></span> <span class='ocrx_word' id='word_1_131' title='bbox 690 2148 813 2201; x_wconf 85' lang='lat' dir='ltr'><strong>Non</strong></span> <span class='ocrx_word' id='word_1_132' title='bbox 826 2159 978 2221; x_wconf 87' lang='lat' dir='ltr'><strong>puto.</strong></span> <span class='ocrx_word' id='word_1_133' title='bbox 997 2147 1089 2201; x_wconf 75' lang='lat' dir='ltr'><strong>Eat</strong></span> <span class='ocrx_word' id='word_1_134' title='bbox 1106 2147 1211 2219; x_wconf 85' lang='lat' dir='ltr'><strong>epi·</strong></span> 
     </span>
     <span class='ocr_line' id='line_1_19' title="bbox 184 2228 1219 2302; baseline -0.004 -19"><span class='ocrx_word' id='word_1_135' title='bbox 184 2228 463 2302; x_wconf 81' lang='lat' dir='ltr'><strong>phonema</strong></span> <span class='ocrx_word' id='word_1_136' title='bbox 481 2228 741 2300; x_wconf 81' lang='lat' dir='ltr'><strong>generale.</strong></span> <span class='ocrx_word' id='word_1_137' title='bbox 756 2229 811 2283; x_wconf 90' lang='lat' dir='ltr'><strong>S.</strong></span> <span class='ocrx_word' id='word_1_138' title='bbox 829 2258 899 2269; x_wconf 90' lang='lat'>—</span> <span class='ocrx_word' id='word_1_139' title='bbox 920 2228 1219 2279; x_wconf 71' lang='lat' dir='ltr'><strong>Velocusimt‘</strong></span> 
     </span>
     <span class='ocr_line' id='line_1_20' title="bbox 184 2306 1215 2382; baseline 0.002 -22"><span class='ocrx_word' id='word_1_140' title='bbox 184 2310 383 2362; x_wconf 73' lang='lat' dir='ltr'><strong>sideris.</strong></span> <span class='ocrx_word' id='word_1_141' title='bbox 397 2308 555 2372; x_wconf 76' lang='lat' dir='ltr'><strong>Solia,</strong></span> <span class='ocrx_word' id='word_1_142' title='bbox 572 2311 722 2382; x_wconf 72' lang='lat' dir='ltr'><strong>cujus</strong></span> <span class='ocrx_word' id='word_1_143' title='bbox 734 2306 971 2362; x_wconf 67' lang='lat' dir='ltr'><strong>celeritas</strong></span> <span class='ocrx_word' id='word_1_144' title='bbox 987 2324 1121 2379; x_wconf 63' lang='grc' dir='ltr'><strong>σερε</strong></span> <span class='ocrx_word' id='word_1_145' title='bbox 1134 2324 1215 2362; x_wconf 80' lang='lat' dir='ltr'><strong>oe·</strong></span> 
     </span>
     <span class='ocr_line' id='line_1_21' title="bbox 190 2385 1211 2459; baseline 0 -19"><span class='ocrx_word' id='word_1_146' title='bbox 190 2388 399 2442; x_wconf 79' lang='lat' dir='ltr'><strong>lebrata</strong></span> <span class='ocrx_word' id='word_1_147' title='bbox 420 2385 1023 2459; x_wconf 76' lang='lat' dir='ltr'><strong>scriptoribus.vid.Cic.</strong></span> <span class='ocrx_word' id='word_1_148' title='bbox 1045 2385 1211 2440; x_wconf 76' lang='lat' dir='ltr'><strong>Acad.</strong></span> 
     </span>
     <span class='ocr_line' id='line_1_22' title="bbox 190 2466 1215 2540; baseline 0 -21"><span class='ocrx_word' id='word_1_149' title='bbox 190 2467 309 2532; x_wconf 85' lang='lat' dir='ltr'><strong>IV,</strong></span> <span class='ocrx_word' id='word_1_150' title='bbox 342 2470 429 2521; x_wconf 76' lang='lat'><strong>26.</strong></span> <span class='ocrx_word' id='word_1_151' title='bbox 455 2467 539 2520; x_wconf 75' lang='lat' dir='ltr'><strong>Ad</strong></span> <span class='ocrx_word' id='word_1_152' title='bbox 570 2466 846 2540; x_wconf 68' lang='lat' dir='ltr'><strong>sequentia</strong></span> <span class='ocrx_word' id='word_1_153' title='bbox 886 2466 1023 2519; x_wconf 83' lang='lat' dir='ltr'><strong>bene</strong></span> <span class='ocrx_word' id='word_1_154' title='bbox 1054 2466 1215 2520; x_wconf 79' lang='lat' dir='ltr'><strong>inter·</strong></span> 
     </span>
     <span class='ocr_line' id='line_1_23' title="bbox 190 2545 1214 2620; baseline 0.001 -20"><span class='ocrx_word' id='word_1_155' title='bbox 190 2559 371 2619; x_wconf 69' lang='lat' dir='ltr'><strong>pretet</strong></span> <span class='ocrx_word' id='word_1_156' title='bbox 384 2545 673 2603; x_wconf 76' lang='lat' dir='ltr'><strong>attulerunt</strong></span> <span class='ocrx_word' id='word_1_157' title='bbox 684 2545 901 2599; x_wconf 84' lang='lat' dir='ltr'><strong>Homer.</strong></span> <span class='ocrx_word' id='word_1_158' title='bbox 921 2546 985 2600; x_wconf 86' lang='lat'><strong>11.</strong></span> <span class='ocrx_word' id='word_1_159' title='bbox 1005 2567 1037 2620; x_wconf 80' lang='grc' dir='ltr'>γ</span> <span class='ocrx_word' id='word_1_160' title='bbox 1052 2586 1070 2614; x_wconf 87' lang='grc'><em>,</em></span> <span class='ocrx_word' id='word_1_161' title='bbox 1093 2565 1214 2620; x_wconf 83' lang='lat'>²77·</span> 
     </span>
     <span class='ocr_line' id='line_1_24' title="bbox 191 2627 1217 2700; baseline 0.001 -18"><span class='ocrx_word' id='word_1_162' title='bbox 191 2627 287 2689; x_wconf 89' lang='lat' dir='ltr'><strong>Sol</strong></span> <span class='ocrx_word' id='word_1_163' title='bbox 302 2665 321 2692; x_wconf 87' lang='lat'><strong>,</strong></span> <span class='ocrx_word' id='word_1_164' title='bbox 340 2629 390 2690; x_wconf 76' lang='grc' dir='ltr'><strong>ὃς</strong></span> <span class='ocrx_word' id='word_1_165' title='bbox 399 2629 549 2682; x_wconf 74' lang='grc' dir='ltr'>πάντ’</span> <span class='ocrx_word' id='word_1_166' title='bbox 563 2629 732 2700; x_wconf 68' lang='grc' dir='ltr'><strong>ἐφορᾷς</strong></span> <span class='ocrx_word' id='word_1_167' title='bbox 748 2627 831 2681; x_wconf 67' lang='grc' dir='ltr'><strong>καὶ</strong></span> <span class='ocrx_word' id='word_1_168' title='bbox 844 2627 945 2682; x_wconf 73' lang='grc' dir='ltr'><strong>πάν</strong></span> <span class='ocrx_word' id='word_1_169' title='bbox 952 2635 995 2683; x_wconf 80' lang='grc' dir='ltr'><strong>τ’</strong></span> <span class='ocrx_word' id='word_1_170' title='bbox 1010 2631 1217 2683; x_wconf 63' lang='grc' dir='ltr'><strong>ἐπακού-</strong></span> 
     </span>
     <span class='ocr_line' id='line_1_25' title="bbox 194 2705 1219 2772; baseline -0.004 -10"><span class='ocrx_word' id='word_1_171' title='bbox 194 2729 279 2772; x_wconf 68' lang='grc' dir='ltr'><strong>εις.</strong></span> <span class='ocrx_word' id='word_1_172' title='bbox 319 2705 457 2759; x_wconf 85' lang='lat' dir='ltr'><strong>Plin.</strong></span> <span class='ocrx_word' id='word_1_173' title='bbox 485 2705 555 2758; x_wconf 85' lang='grc' dir='ltr'><strong>Η.</strong></span> <span class='ocrx_word' id='word_1_174' title='bbox 574 2705 647 2759; x_wconf 87' lang='lat' dir='ltr'><strong>N.</strong></span> <span class='ocrx_word' id='word_1_175' title='bbox 669 2705 748 2769; x_wconf 88' lang='grc' dir='ltr'><strong>Π,</strong></span> <span class='ocrx_word' id='word_1_176' title='bbox 766 2708 801 2758; x_wconf 85' lang='grc'><strong>6</strong></span> <span class='ocrx_word' id='word_1_177' title='bbox 821 2709 939 2757; x_wconf 78' lang='lat' dir='ltr'><strong>:Sol</strong></span> <span class='ocrx_word' id='word_1_178' title='bbox 960 2709 1125 2758; x_wconf 77' lang='lat' dir='ltr'><strong>omnia</strong></span> <span class='ocrx_word' id='word_1_179' title='bbox 1144 2707 1219 2758; x_wconf 76' lang='lat'><em>1⁶11-</em></span> 
     </span>
     <span class='ocr_line' id='line_1_26' title="bbox 195 2784 1095 2847; baseline 0 -9"><span class='ocrx_word' id='word_1_180' title='bbox 195 2801 365 2847; x_wconf 74' lang='lat' dir='ltr'><strong>taem,</strong></span> <span class='ocrx_word' id='word_1_181' title='bbox 381 2788 549 2838; x_wconf 79' lang='lat' dir='ltr'><strong>omnia</strong></span> <span class='ocrx_word' id='word_1_182' title='bbox 564 2787 713 2836; x_wconf 76' lang='lat' dir='ltr'><strong>eciam</strong></span> <span class='ocrx_word' id='word_1_183' title='bbox 730 2787 1013 2838; x_wconf 77' lang='lat' dir='ltr'><strong>exaudiens.</strong></span> <span class='ocrx_word' id='word_1_184' title='bbox 1030 2784 1095 2838; x_wconf 90' lang='lat' dir='ltr'><strong>E.</strong></span> 
     </span>
    </p>

    <p class='ocr_par' dir='ltr' id='par_1_5' title="bbox 194 2862 1225 3566">
     <span class='ocr_line' id='line_1_27' title="bbox 266 2862 1219 2917; baseline 0.001 -1"><span class='ocrx_word' id='word_1_185' title='bbox 266 2895 345 2906; x_wconf 89' lang='lat'><strong>-—-</strong></span> <span class='ocrx_word' id='word_1_186' title='bbox 375 2870 678 2916; x_wconf 76' lang='lat' dir='ltr'><strong>Invocatum.</strong></span> <span class='ocrx_word' id='word_1_187' title='bbox 726 2862 953 2916; x_wconf 78' lang='lat' dir='ltr'><strong>Difficile</strong></span> <span class='ocrx_word' id='word_1_188' title='bbox 1002 2876 1080 2916; x_wconf 77' lang='lat' dir='ltr'><strong>eat</strong></span> <span class='ocrx_word' id='word_1_189' title='bbox 1130 2863 1219 2917; x_wconf 82' lang='lat' dir='ltr'><strong>hic</strong></span> 
     </span>
     <span class='ocr_line' id='line_1_28' title="bbox 194 2941 1221 3016; baseline -0.001 -19"><span class='ocrx_word' id='word_1_190' title='bbox 194 2955 431 2998; x_wconf 61' lang='lat' dir='ltr'><strong>statuae</strong></span> <span class='ocrx_word' id='word_1_191' title='bbox 448 2981 465 3008; x_wconf 90' lang='lat'><strong>,</strong></span> <span class='ocrx_word' id='word_1_192' title='bbox 491 2953 670 2996; x_wconf 77' lang='lat' dir='ltr'><strong>utrum</strong></span> <span class='ocrx_word' id='word_1_193' title='bbox 697 2945 973 2994; x_wconf 72' lang='lat' dir='ltr'><strong>invocatum</strong></span> <span class='ocrx_word' id='word_1_194' title='bbox 1006 2941 1221 3016; x_wconf 72' lang='lat' dir='ltr'><strong>adjecti·</strong></span> 
     </span>
     <span class='ocr_line' id='line_1_29' title="bbox 196 3021 1221 3094; baseline -0.002 -17"><span class='ocrx_word' id='word_1_195' title='bbox 196 3041 264 3077; x_wconf 75' lang='lat' dir='ltr'><strong>ve</strong></span> <span class='ocrx_word' id='word_1_196' title='bbox 300 3039 510 3076; x_wconf 70' lang='lat' dir='ltr'><strong>numere</strong></span> <span class='ocrx_word' id='word_1_197' title='bbox 534 3021 822 3075; x_wconf 75' lang='lat' dir='ltr'><strong>debeamus</strong></span> <span class='ocrx_word' id='word_1_198' title='bbox 848 3039 944 3094; x_wconf 88' lang='lat' dir='ltr'><strong>pro</strong></span> <span class='ocrx_word' id='word_1_199' title='bbox 975 3041 1085 3076; x_wconf 84' lang='lat' dir='ltr'><strong>non</strong></span> <span class='ocrx_word' id='word_1_200' title='bbox 1127 3040 1221 3075; x_wconf 75' lang='lat' dir='ltr'><strong>vo-</strong></span> 
     </span>
     <span class='ocr_line' id='line_1_30' title="bbox 196 3099 1223 3174; baseline -0.002 -18"><span class='ocrx_word' id='word_1_201' title='bbox 196 3115 325 3156; x_wconf 77' lang='lat' dir='ltr'><strong>cato</strong></span> <span class='ocrx_word' id='word_1_202' title='bbox 338 3139 357 3166; x_wconf 89' lang='lat'>,</span> <span class='ocrx_word' id='word_1_203' title='bbox 388 3119 459 3155; x_wconf 81' lang='lat' dir='ltr'><strong>an</strong></span> <span class='ocrx_word' id='word_1_204' title='bbox 483 3099 743 3174; x_wconf 82' lang='lat' dir='ltr'><strong>participii</strong></span> <span class='ocrx_word' id='word_1_205' title='bbox 772 3119 919 3154; x_wconf 87' lang='lat' dir='ltr'><strong>more</strong></span> <span class='ocrx_word' id='word_1_206' title='bbox 932 3139 949 3166; x_wconf 84' lang='lat'>,</span> <span class='ocrx_word' id='word_1_207' title='bbox 974 3101 1223 3174; x_wconf 71' lang='lat' dir='ltr'><strong>precibus</strong></span> 
     </span>
     <span class='ocr_line' id='line_1_31' title="bbox 197 3179 1220 3252; baseline -0.002 -16"><span class='ocrx_word' id='word_1_208' title='bbox 197 3181 540 3236; x_wconf 79' lang='lat' dir='ltr'><strong>advocatum.</strong></span> <span class='ocrx_word' id='word_1_209' title='bbox 570 3179 867 3252; x_wconf 81' lang='lat' dir='ltr'><strong>Utrumque</strong></span> <span class='ocrx_word' id='word_1_210' title='bbox 898 3179 1185 3252; x_wconf 85' lang='lat' dir='ltr'><strong>pulchrum</strong></span> <span class='ocrx_word' id='word_1_211' title='bbox 1202 3218 1220 3246; x_wconf 92' lang='lat'>‚</span> 
     </span>
     <span class='ocr_line' id='line_1_32' title="bbox 198 3259 1223 3331; baseline -0.002 -17"><span class='ocrx_word' id='word_1_212' title='bbox 198 3271 255 3315; x_wconf 80' lang='lat' dir='ltr'><strong>et</strong></span> <span class='ocrx_word' id='word_1_213' title='bbox 299 3259 370 3314; x_wconf 79' lang='lat' dir='ltr'><strong>ad</strong></span> <span class='ocrx_word' id='word_1_214' title='bbox 405 3260 550 3312; x_wconf 85' lang='lat' dir='ltr'><strong>hunc</strong></span> <span class='ocrx_word' id='word_1_215' title='bbox 587 3259 767 3313; x_wconf 78' lang='lat' dir='ltr'><strong>locum</strong></span> <span class='ocrx_word' id='word_1_216' title='bbox 803 3271 1006 3331; x_wconf 85' lang='lat' dir='ltr'><strong>aptum.</strong></span> <span class='ocrx_word' id='word_1_217' title='bbox 1041 3259 1109 3312; x_wconf 90' lang='lat' dir='ltr'><strong>G.</strong></span> <span class='ocrx_word' id='word_1_218' title='bbox 1150 3291 1223 3301; x_wconf 91' lang='lat'>-</span> 
     </span>
     <span class='ocr_line' id='line_1_33' title="bbox 200 3337 1225 3412; baseline -0.001 -19"><span class='ocrx_word' id='word_1_219' title='bbox 200 3339 377 3394; x_wconf 69' lang='lat' dir='ltr'><strong>Miror</strong></span> <span class='ocrx_word' id='word_1_220' title='bbox 396 3337 621 3392; x_wconf 67' lang='lat' dir='ltr'><strong>Generi</strong></span> <span class='ocrx_word' id='word_1_221' title='bbox 652 3337 1051 3392; x_wconf 69' lang='lat' dir='ltr'><strong>limitationem.</strong></span> <span class='ocrx_word' id='word_1_222' title='bbox 1070 3337 1225 3412; x_wconf 78' lang='lat' dir='ltr'><strong>Adje-</strong></span> 
     </span>
     <span class='ocr_line' id='line_1_34' title="bbox 199 3417 1225 3490; baseline -0.002 -15"><span class='ocrx_word' id='word_1_223' title='bbox 199 3421 343 3475; x_wconf 81' lang='lat' dir='ltr'><strong>ctive</strong></span> <span class='ocrx_word' id='word_1_224' title='bbox 362 3418 503 3472; x_wconf 70' lang='lat' dir='ltr'><strong>sumi</strong></span> <span class='ocrx_word' id='word_1_225' title='bbox 522 3435 791 3490; x_wconf 70' lang='lat' dir='ltr'><strong>nonposae</strong></span> <span class='ocrx_word' id='word_1_226' title='bbox 804 3455 819 3482; x_wconf 89' lang='lat'><strong>,</strong></span> <span class='ocrx_word' id='word_1_227' title='bbox 839 3417 1121 3472; x_wconf 68' lang='lat' dir='ltr'><strong>clarissime</strong></span> <span class='ocrx_word' id='word_1_228' title='bbox 1138 3417 1225 3473; x_wconf 83' lang='lat' dir='ltr'><strong>de-</strong></span> 
     </span>
     <span class='ocr_line' id='line_1_35' title="bbox 200 3495 1150 3566; baseline -0.003 -13"><span class='ocrx_word' id='word_1_229' title='bbox 200 3507 467 3553; x_wconf 69' lang='lat' dir='ltr'><strong>monstrat</strong></span> <span class='ocrx_word' id='word_1_230' title='bbox 486 3495 727 3551; x_wconf 77' lang='lat' dir='ltr'><strong>additum</strong></span> <span class='ocrx_word' id='word_1_231' title='bbox 746 3500 1079 3566; x_wconf 76' lang='lat' dir='ltr'><strong>undecunque.</strong></span> <span class='ocrx_word' id='word_1_232' title='bbox 1096 3499 1150 3552; x_wconf 90' lang='lat' dir='ltr'><strong>S.</strong></span> 
     </span>
    </p>

    <p class='ocr_par' dir='ltr' id='par_1_6' title="bbox 200 3575 1229 4208">
     <span class='ocr_line' id='line_1_36' title="bbox 277 3575 1223 3644; baseline -0.001 -13"><span class='ocrx_word' id='word_1_233' title='bbox 277 3577 332 3631; x_wconf 81' lang='lat'><strong>5.</strong></span> <span class='ocrx_word' id='word_1_234' title='bbox 364 3583 521 3629; x_wconf 73' lang='lat' dir='ltr'><strong>Facta</strong></span> <span class='ocrx_word' id='word_1_235' title='bbox 546 3579 841 3628; x_wconf 77' lang='lat' dir='ltr'><strong>mortalium.</strong></span> <span class='ocrx_word' id='word_1_236' title='bbox 855 3575 1046 3641; x_wconf 83' lang='lat' dir='ltr'><strong>Qualia</strong></span> <span class='ocrx_word' id='word_1_237' title='bbox 1065 3589 1188 3630; x_wconf 82' lang='lat' dir='ltr'><strong>aunt</strong></span> <span class='ocrx_word' id='word_1_238' title='bbox 1204 3617 1223 3644; x_wconf 87' lang='lat'><strong>,</strong></span> 
     </span>
     <span class='ocr_line' id='line_1_37' title="bbox 200 3655 1225 3730; baseline -0.003 -19"><span class='ocrx_word' id='word_1_239' title='bbox 200 3675 325 3730; x_wconf 66' lang='lat' dir='ltr'><strong>qua</strong></span> <span class='ocrx_word' id='word_1_240' title='bbox 342 3657 378 3725; x_wconf 76' lang='lat' dir='ltr'>S</span> <span class='ocrx_word' id='word_1_241' title='bbox 402 3655 486 3708; x_wconf 89' lang='lat'><strong>111</strong></span> <span class='ocrx_word' id='word_1_242' title='bbox 504 3666 557 3709; x_wconf 84' lang='lat' dir='ltr'><strong>et</strong></span> <span class='ocrx_word' id='word_1_243' title='bbox 576 3655 675 3720; x_wconf 86' lang='lat' dir='ltr'><strong>IV,</strong></span> <span class='ocrx_word' id='word_1_244' title='bbox 700 3655 1054 3709; x_wconf 85' lang='lat' dir='ltr'><strong>continentur.</strong></span> <span class='ocrx_word' id='word_1_245' title='bbox 1084 3657 1225 3708; x_wconf 85' lang='lat' dir='ltr'><strong>Non·</strong></span> 
     </span>
     <span class='ocr_line' id='line_1_38' title="bbox 201 3734 1220 3807; baseline -0.006 -15"><span class='ocrx_word' id='word_1_246' title='bbox 201 3737 340 3792; x_wconf 79' lang='lat' dir='ltr'><strong>dum</strong></span> <span class='ocrx_word' id='word_1_247' title='bbox 358 3735 519 3807; x_wconf 74' lang='lat' dir='ltr'><strong>igitur</strong></span> <span class='ocrx_word' id='word_1_248' title='bbox 534 3734 885 3788; x_wconf 71' lang='lat' dir='ltr'><strong>necessarium</strong></span> <span class='ocrx_word' id='word_1_249' title='bbox 905 3745 1035 3805; x_wconf 86' lang='lat' dir='ltr'><strong>puto</strong></span> <span class='ocrx_word' id='word_1_250' title='bbox 1048 3737 1220 3804; x_wconf 72' lang='grc' dir='ltr'><strong><em>,[αεα,</em></strong></span> 
     </span>
     <span class='ocr_line' id='line_1_39' title="bbox 200 3813 1223 3890; baseline -0.001 -20"><span class='ocrx_word' id='word_1_251' title='bbox 200 3833 535 3890; x_wconf 75' lang='lat' dir='ltr'><strong>quamquam</strong></span> <span class='ocrx_word' id='word_1_252' title='bbox 560 3833 591 3868; x_wconf 81' lang='lat' dir='ltr'><strong>e</strong></span> <span class='ocrx_word' id='word_1_253' title='bbox 615 3815 767 3870; x_wconf 71' lang='lat' dir='ltr'><strong>bonis</strong></span> <span class='ocrx_word' id='word_1_254' title='bbox 786 3813 935 3866; x_wconf 73' lang='lat' dir='ltr'><strong>libris</strong></span> <span class='ocrx_word' id='word_1_255' title='bbox 956 3851 971 3877; x_wconf 93' lang='lat'>,</span> <span class='ocrx_word' id='word_1_256' title='bbox 999 3832 1123 3868; x_wconf 85' lang='lat' dir='ltr'><strong>cum</strong></span> <span class='ocrx_word' id='word_1_257' title='bbox 1151 3815 1223 3869; x_wconf 84' lang='lat' dir='ltr'><strong>cl.</strong></span> 
     </span>
     <span class='ocr_line' id='line_1_40' title="bbox 200 3893 1227 3966; baseline -0.006 -14"><span class='ocrx_word' id='word_1_258' title='bbox 200 3895 503 3952; x_wconf 68' lang='lat' dir='ltr'><strong>Salmas-zio</strong></span> <span class='ocrx_word' id='word_1_259' title='bbox 540 3913 813 3966; x_wconf 82' lang='lat' dir='ltr'><strong>reponere.</strong></span> <span class='ocrx_word' id='word_1_260' title='bbox 850 3893 919 3947; x_wconf 89' lang='lat' dir='ltr'><strong>G.</strong></span> <span class='ocrx_word' id='word_1_261' title='bbox 960 3923 1031 3933; x_wconf 90' lang='lat'><strong>——-</strong></span> <span class='ocrx_word' id='word_1_262' title='bbox 1070 3899 1227 3946; x_wconf 75' lang='lat' dir='ltr'><strong>Facta</strong></span> 
     </span>
     <span class='ocr_line' id='line_1_41' title="bbox 205 3976 1227 4042; baseline -0.006 -12"><span class='ocrx_word' id='word_1_263' title='bbox 205 3979 491 4030; x_wconf 78' lang='lat' dir='ltr'><strong>mortalium</strong></span> <span class='ocrx_word' id='word_1_264' title='bbox 518 3976 643 4025; x_wconf 68' lang='lat' dir='ltr'><strong>inter</strong></span> <span class='ocrx_word' id='word_1_265' title='bbox 673 3976 839 4026; x_wconf 75' lang='lat' dir='ltr'><strong>divina</strong></span> <span class='ocrx_word' id='word_1_266' title='bbox 874 3992 1024 4042; x_wconf 80' lang='lat' dir='ltr'><strong>opera</strong></span> <span class='ocrx_word' id='word_1_267' title='bbox 1059 3992 1227 4025; x_wconf 69' lang='lat' dir='ltr'><strong>nurne-</strong></span> 
     </span>
     <span class='ocr_line' id='line_1_42' title="bbox 204 4052 1229 4124; baseline -0.004 -14"><span class='ocrx_word' id='word_1_268' title='bbox 204 4075 339 4110; x_wconf 81' lang='lat' dir='ltr'><strong>rare.</strong></span> <span class='ocrx_word' id='word_1_269' title='bbox 366 4055 525 4108; x_wconf 79' lang='lat' dir='ltr'><strong>Recte</strong></span> <span class='ocrx_word' id='word_1_270' title='bbox 533 4056 683 4123; x_wconf 77' lang='lat' dir='ltr'><strong>facea</strong></span> <span class='ocrx_word' id='word_1_271' title='bbox 704 4052 895 4108; x_wconf 87' lang='lat' dir='ltr'><strong>retinet</strong></span> <span class='ocrx_word' id='word_1_272' title='bbox 919 4065 973 4105; x_wconf 84' lang='lat' dir='ltr'><strong>et</strong></span> <span class='ocrx_word' id='word_1_273' title='bbox 1004 4052 1229 4124; x_wconf 83' lang='lat' dir='ltr'><strong>explicat</strong></span> 
     </span>
     <span class='ocr_line' id='line_1_43' title="bbox 206 4131 1228 4208; baseline -0.006 -16"><span class='ocrx_word' id='word_1_274' title='bbox 206 4136 477 4192; x_wconf 60' lang='lat' dir='ltr'><strong>Guneus</strong></span> <span class='ocrx_word' id='word_1_275' title='bbox 489 4141 503 4186; x_wconf 73' lang='grc' dir='ltr'><strong>τ’</strong></span> <span class='ocrx_word' id='word_1_276' title='bbox 516 4133 781 4208; x_wconf 80' lang='lat' dir='ltr'><strong>mirorque</strong></span> <span class='ocrx_word' id='word_1_277' title='bbox 793 4131 1145 4190; x_wconf 66' lang='lat' dir='ltr'><strong>sclavaniam</strong></span> <span class='ocrx_word' id='word_1_278' title='bbox 1152 4150 1228 4186; x_wconf 88' lang='lat' dir='ltr'><strong>re·</strong></span> 
     </span>
    </p>
   </div>
   <div class='ocr_carea' id='block_1_5' title="bbox 1296 1988 2319 2779">
    <p class='ocr_par' dir='ltr' id='par_1_7' title="bbox 1296 1988 2319 2779">
     <span class='ocr_line' id='line_1_44' title="bbox 1296 1988 2315 2063; baseline 0.004 -21"><span class='ocrx_word' id='word_1_279' title='bbox 1296 1988 1496 2061; x_wconf 66' lang='lat' dir='ltr'><strong>cepisse</strong></span> <span class='ocrx_word' id='word_1_280' title='bbox 1504 1992 1660 2059; x_wconf 73' lang='lat' dir='ltr'><strong>fata,</strong></span> <span class='ocrx_word' id='word_1_281' title='bbox 1689 2008 1808 2063; x_wconf 68' lang='lat' dir='ltr'><strong>quo</strong></span> <span class='ocrx_word' id='word_1_282' title='bbox 1823 1990 1916 2045; x_wconf 79' lang='lat' dir='ltr'><strong>hic</strong></span> <span class='ocrx_word' id='word_1_283' title='bbox 1938 2009 2149 2045; x_wconf 71' lang='lat' dir='ltr'><strong>semum</strong></span> <span class='ocrx_word' id='word_1_284' title='bbox 2167 2006 2315 2045; x_wconf 88' lang='lat' dir='ltr'><strong>com-</strong></span> 
     </span>
     <span class='ocr_line' id='line_1_45' title="bbox 1297 2066 2314 2141; baseline 0.005 -21"><span class='ocrx_word' id='word_1_285' title='bbox 1297 2066 1518 2121; x_wconf 83' lang='lat' dir='ltr'><strong>modum</strong></span> <span class='ocrx_word' id='word_1_286' title='bbox 1531 2068 1724 2123; x_wconf 75' lang='lat' dir='ltr'><strong>habere</strong></span> <span class='ocrx_word' id='word_1_287' title='bbox 1736 2088 1848 2124; x_wconf 83' lang='lat' dir='ltr'><strong>non</strong></span> <span class='ocrx_word' id='word_1_288' title='bbox 1863 2083 2099 2141; x_wconf 72' lang='lat' dir='ltr'><strong>possunt.</strong></span> <span class='ocrx_word' id='word_1_289' title='bbox 2113 2071 2314 2125; x_wconf 70' lang='lat' dir='ltr'><strong>Plinius</strong></span> 
     </span>
     <span class='ocr_line' id='line_1_46' title="bbox 1297 2148 2313 2223; baseline 0.003 -21"><span class='ocrx_word' id='word_1_290' title='bbox 1297 2148 1456 2213; x_wconf 79' lang='lat' dir='ltr'><strong>dicit,</strong></span> <span class='ocrx_word' id='word_1_291' title='bbox 1471 2149 1574 2202; x_wconf 80' lang='lat' dir='ltr'><strong>Tra</strong></span> <span class='ocrx_word' id='word_1_292' title='bbox 1575 2150 1765 2221; x_wconf 84' lang='lat' dir='ltr'><strong>janum</strong></span> <span class='ocrx_word' id='word_1_293' title='bbox 1788 2149 1961 2203; x_wconf 80' lang='lat' dir='ltr'><strong>faeere</strong></span> <span class='ocrx_word' id='word_1_294' title='bbox 1975 2188 1991 2214; x_wconf 89' lang='lat'>,</span> <span class='ocrx_word' id='word_1_295' title='bbox 2011 2169 2128 2223; x_wconf 65' lang='lat' dir='ltr'><strong>qun</strong></span> <span class='ocrx_word' id='word_1_296' title='bbox 2147 2156 2313 2215; x_wconf 76' lang='lat' dir='ltr'><strong>Deua,</strong></span> 
     </span>
     <span class='ocr_line' id='line_1_47' title="bbox 1297 2229 2314 2300; baseline 0.004 -21"><span class='ocrx_word' id='word_1_297' title='bbox 1297 2245 1565 2300; x_wconf 79' lang='lat' dir='ltr'><strong>quumper</strong></span> <span class='ocrx_word' id='word_1_298' title='bbox 1577 2245 1948 2282; x_wconf 77' lang='lat' dir='ltr'><strong>curamrerum</strong></span> <span class='ocrx_word' id='word_1_299' title='bbox 1958 2229 2314 2283; x_wconf 81' lang='lat' dir='ltr'><strong>humanarum</strong></span> 
     </span>
     <span class='ocr_line' id='line_1_48' title="bbox 1300 2308 2314 2378; baseline 0.005 -19"><span class='ocrx_word' id='word_1_300' title='bbox 1300 2310 1510 2374; x_wconf 72' lang='lat' dir='ltr'><strong>(oculos</strong></span> <span class='ocrx_word' id='word_1_301' title='bbox 1524 2310 1775 2360; x_wconf 77' lang='lat' dir='ltr'><strong>demittens</strong></span> <span class='ocrx_word' id='word_1_302' title='bbox 1799 2310 1852 2362; x_wconf 77' lang='lat' dir='ltr'><strong>in</strong></span> <span class='ocrx_word' id='word_1_303' title='bbox 1871 2314 2095 2378; x_wconf 60' lang='lat' dir='ltr'><strong>teg-ras),</strong></span> <span class='ocrx_word' id='word_1_304' title='bbox 2119 2308 2175 2364; x_wconf 86' lang='lat' dir='ltr'><strong>id</strong></span> <span class='ocrx_word' id='word_1_305' title='bbox 2197 2322 2276 2364; x_wconf 75' lang='lat' dir='ltr'><strong>est</strong></span> <span class='ocrx_word' id='word_1_306' title='bbox 2296 2347 2314 2374; x_wconf 86' lang='lat'><strong>,</strong></span> 
     </span>
     <span class='ocr_line' id='line_1_49' title="bbox 1305 2387 2318 2463; baseline 0.004 -23"><span class='ocrx_word' id='word_1_307' title='bbox 1305 2387 1538 2441; x_wconf 83' lang='lat' dir='ltr'><strong>fatorum</strong></span> <span class='ocrx_word' id='word_1_308' title='bbox 1562 2387 1953 2455; x_wconf 84' lang='lat' dir='ltr'><strong>humanorum,</strong></span> <span class='ocrx_word' id='word_1_309' title='bbox 1984 2389 2174 2454; x_wconf 82' lang='lat' dir='ltr'><strong>faciat,</strong></span> <span class='ocrx_word' id='word_1_310' title='bbox 2199 2405 2318 2463; x_wconf 68' lang='lat' dir='ltr'><strong>quo</strong></span> 
     </span>
     <span class='ocr_line' id='line_1_50' title="bbox 1299 2465 2314 2540; baseline 0.005 -22"><span class='ocrx_word' id='word_1_311' title='bbox 1299 2465 1542 2520; x_wconf 80' lang='lat' dir='ltr'><strong>homines</strong></span> <span class='ocrx_word' id='word_1_312' title='bbox 1565 2467 1739 2522; x_wconf 81' lang='lat' dir='ltr'><strong>facere</strong></span> <span class='ocrx_word' id='word_1_313' title='bbox 1756 2481 1976 2540; x_wconf 68' lang='lat' dir='ltr'><strong>potsunt</strong></span> <span class='ocrx_word' id='word_1_314' title='bbox 1996 2488 2059 2522; x_wconf 87' lang='lat' dir='ltr'><strong>ac</strong></span> <span class='ocrx_word' id='word_1_315' title='bbox 2085 2469 2314 2524; x_wconf 78' lang='lat' dir='ltr'><strong>debent:</strong></span> 
     </span>
     <span class='ocr_line' id='line_1_51' title="bbox 1301 2545 2318 2622; baseline 0.006 -25"><span class='ocrx_word' id='word_1_316' title='bbox 1301 2545 1413 2599; x_wconf 61' lang='lat' dir='ltr'><strong>hnc</strong></span> <span class='ocrx_word' id='word_1_317' title='bbox 1464 2557 1586 2600; x_wconf 80' lang='lat' dir='ltr'><strong>aunt</strong></span> <span class='ocrx_word' id='word_1_318' title='bbox 1621 2547 1762 2600; x_wconf 82' lang='lat' dir='ltr'><strong>facta</strong></span> <span class='ocrx_word' id='word_1_319' title='bbox 1805 2549 2108 2602; x_wconf 78' lang='lat' dir='ltr'><strong>mortalium</strong></span> <span class='ocrx_word' id='word_1_320' title='bbox 2136 2587 2153 2614; x_wconf 90' lang='lat'><strong>,</strong></span> <span class='ocrx_word' id='word_1_321' title='bbox 2200 2567 2318 2622; x_wconf 69' lang='lat' dir='ltr'><strong>quo</strong></span> 
     </span>
     <span class='ocr_line' id='line_1_52' title="bbox 1302 2623 2319 2702; baseline 0.007 -26"><span class='ocrx_word' id='word_1_322' title='bbox 1302 2623 1444 2678; x_wconf 78' lang='lat' dir='ltr'><strong>fiunt</strong></span> <span class='ocrx_word' id='word_1_323' title='bbox 1467 2626 1606 2680; x_wconf 80' lang='lat' dir='ltr'><strong>facta</strong></span> <span class='ocrx_word' id='word_1_324' title='bbox 1626 2625 1709 2678; x_wconf 83' lang='lat' dir='ltr'><strong>vel</strong></span> <span class='ocrx_word' id='word_1_325' title='bbox 1733 2645 1895 2701; x_wconf 83' lang='lat' dir='ltr'><strong>opera</strong></span> <span class='ocrx_word' id='word_1_326' title='bbox 1913 2626 2093 2682; x_wconf 80' lang='lat' dir='ltr'><strong>divina</strong></span> <span class='ocrx_word' id='word_1_327' title='bbox 2112 2665 2128 2692; x_wconf 86' lang='lat'>‚</span> <span class='ocrx_word' id='word_1_328' title='bbox 2150 2647 2319 2702; x_wconf 82' lang='lat' dir='ltr'><strong>quum</strong></span> 
     </span>
     <span class='ocr_line' id='line_1_53' title="bbox 1301 2705 2058 2779; baseline 0.005 -22"><span class='ocrx_word' id='word_1_329' title='bbox 1301 2723 1364 2758; x_wconf 82' lang='lat' dir='ltr'><strong>ea</strong></span> <span class='ocrx_word' id='word_1_330' title='bbox 1386 2705 1530 2758; x_wconf 76' lang='lat' dir='ltr'><strong>Deua</strong></span> <span class='ocrx_word' id='word_1_331' title='bbox 1547 2706 1657 2777; x_wconf 72' lang='lat' dir='ltr'><strong>ipae</strong></span> <span class='ocrx_word' id='word_1_332' title='bbox 1677 2707 1902 2779; x_wconf 74' lang='lat' dir='ltr'><strong>peragit.</strong></span> <span class='ocrx_word' id='word_1_333' title='bbox 1917 2707 2058 2761; x_wconf 69' lang='lat' dir='ltr'><strong>Eur.</strong></span> 
     </span>
    </p>
   </div>
   <div class='ocr_carea' id='block_1_6' title="bbox 1302 2785 2320 2936">
    <p class='ocr_par' dir='ltr' id='par_1_8' title="bbox 1302 2785 2320 2936">
     <span class='ocr_line' id='line_1_54' title="bbox 1373 2785 2320 2854; baseline 0.003 -16"><span class='ocrx_word' id='word_1_334' title='bbox 1373 2786 1423 2839; x_wconf 87' lang='lat'><strong>6.</strong></span> <span class='ocrx_word' id='word_1_335' title='bbox 1450 2789 1560 2852; x_wconf 79' lang='lat' dir='ltr'><strong>Qua</strong></span> <span class='ocrx_word' id='word_1_336' title='bbox 1585 2799 1888 2854; x_wconf 73' lang='lat' dir='ltr'><strong>nuncparte.</strong></span> <span class='ocrx_word' id='word_1_337' title='bbox 1917 2785 2320 2850; x_wconf 48' lang='lat' dir='ltr'><strong>Lamianus«-</strong></span> 
     </span>
     <span class='ocr_line' id='line_1_55' title="bbox 1302 2862 2319 2936; baseline 0.003 -19"><span class='ocrx_word' id='word_1_338' title='bbox 1302 2862 1502 2927; x_wconf 81' lang='lat' dir='ltr'><strong>cunde,</strong></span> <span class='ocrx_word' id='word_1_339' title='bbox 1525 2865 1818 2936; x_wconf 84' lang='lat' dir='ltr'><strong>Trajanum</strong></span> <span class='ocrx_word' id='word_1_340' title='bbox 1838 2876 1990 2917; x_wconf 87' lang='lat' dir='ltr'><strong>tuum</strong></span> <span class='ocrx_word' id='word_1_341' title='bbox 2007 2903 2026 2930; x_wconf 86' lang='lat'>‚</span> <span class='ocrx_word' id='word_1_342' title='bbox 2055 2865 2168 2918; x_wconf 74' lang='lat' dir='ltr'><strong>aine</strong></span> <span class='ocrx_word' id='word_1_343' title='bbox 2189 2865 2319 2920; x_wconf 86' lang='lat' dir='ltr'><strong>deo—</strong></span> 
     </span>
    </p>
   </div>
   <div class='ocr_carea' id='block_1_7' title="bbox 1300 2941 2324 3328">
    <p class='ocr_par' dir='ltr' id='par_1_9' title="bbox 1300 2941 2324 3328">
     <span class='ocr_line' id='line_1_56' title="bbox 1300 2941 2322 3016; baseline 0.001 -19"><span class='ocrx_word' id='word_1_344' title='bbox 1300 2961 1423 2997; x_wconf 85' lang='lat' dir='ltr'><strong>rum</strong></span> <span class='ocrx_word' id='word_1_345' title='bbox 1449 2943 1661 3016; x_wconf 82' lang='lat' dir='ltr'><strong>injuria.</strong></span> <span class='ocrx_word' id='word_1_346' title='bbox 1687 2941 2058 2996; x_wconf 82' lang='lat' dir='ltr'><strong>Sednimirum</strong></span> <span class='ocrx_word' id='word_1_347' title='bbox 2078 2947 2192 3015; x_wconf 82' lang='lat' dir='ltr'><strong>jam</strong></span> <span class='ocrx_word' id='word_1_348' title='bbox 2209 2945 2322 2998; x_wconf 85' lang='lat' dir='ltr'><strong>ino-</strong></span> 
     </span>
     <span class='ocr_line' id='line_1_57' title="bbox 1302 3020 2320 3094; baseline 0.001 -19"><span class='ocrx_word' id='word_1_349' title='bbox 1302 3022 1500 3076; x_wconf 77' lang='lat' dir='ltr'><strong>leverat</strong></span> <span class='ocrx_word' id='word_1_350' title='bbox 1517 3024 1694 3076; x_wconf 69' lang='lat' dir='ltr'><strong>Romoe</strong></span> <span class='ocrx_word' id='word_1_351' title='bbox 1710 3022 1816 3074; x_wconf 88' lang='lat' dir='ltr'><strong>hoc</strong></span> <span class='ocrx_word' id='word_1_352' title='bbox 1833 3020 2113 3091; x_wconf 76' lang='lat' dir='ltr'><strong>inpietatis</strong></span> <span class='ocrx_word' id='word_1_353' title='bbox 2130 3041 2320 3094; x_wconf 71' lang='lat' dir='ltr'><strong>genua,</strong></span> 
     </span>
     <span class='ocr_line' id='line_1_58' title="bbox 1304 3099 2322 3172; baseline 0.001 -18"><span class='ocrx_word' id='word_1_354' title='bbox 1304 3119 1336 3154; x_wconf 87' lang='lat' dir='ltr'><strong>e</strong></span> <span class='ocrx_word' id='word_1_355' title='bbox 1372 3117 1482 3172; x_wconf 84' lang='lat' dir='ltr'><strong>quo</strong></span> <span class='ocrx_word' id='word_1_356' title='bbox 1512 3111 1747 3171; x_wconf 86' lang='lat' dir='ltr'><strong>tempore</strong></span> <span class='ocrx_word' id='word_1_357' title='bbox 1781 3100 1984 3172; x_wconf 78' lang='lat' dir='ltr'><strong>placuit</strong></span> <span class='ocrx_word' id='word_1_358' title='bbox 2019 3099 2322 3156; x_wconf 76' lang='lat' dir='ltr'><strong>hominibus</strong></span> 
     </span>
     <span class='ocr_line' id='line_1_59' title="bbox 1304 3177 2324 3251; baseline 0.003 -19"><span class='ocrx_word' id='word_1_359' title='bbox 1304 3179 1660 3251; x_wconf 77' lang='lat' dir='ltr'><strong>‘virgilianum</strong></span> <span class='ocrx_word' id='word_1_360' title='bbox 1676 3220 1692 3245; x_wconf 87' lang='lat'><strong>,</strong></span> <span class='ocrx_word' id='word_1_361' title='bbox 1707 3177 1870 3233; x_wconf 90' lang='lat' dir='ltr'><strong>modo</strong></span> <span class='ocrx_word' id='word_1_362' title='bbox 1881 3198 2066 3234; x_wconf 79' lang='lat' dir='ltr'><strong>verum</strong></span> <span class='ocrx_word' id='word_1_363' title='bbox 2085 3191 2186 3242; x_wconf 72' lang='lat' dir='ltr'><strong>est,</strong></span> <span class='ocrx_word' id='word_1_364' title='bbox 2211 3199 2324 3235; x_wconf 80' lang='lat' dir='ltr'><strong>car·</strong></span> 
     </span>
     <span class='ocr_line' id='line_1_60' title="bbox 1304 3261 2322 3328; baseline -0.002 -14"><span class='ocrx_word' id='word_1_365' title='bbox 1304 3277 1425 3314; x_wconf 82' lang='lat' dir='ltr'><strong>men</strong></span> <span class='ocrx_word' id='word_1_366' title='bbox 1435 3296 1452 3323; x_wconf 85' lang='lat'><strong>,</strong></span> <span class='ocrx_word' id='word_1_367' title='bbox 1461 3261 1678 3310; x_wconf 77' lang='lat' dir='ltr'><strong>Divi-mm</strong></span> <span class='ocrx_word' id='word_1_368' title='bbox 1691 3262 1946 3328; x_wconf 75' lang='lat' dir='ltr'><strong>imperium</strong></span> <span class='ocrx_word' id='word_1_369' title='bbox 1961 3279 2072 3312; x_wconf 78' lang='lat' dir='ltr'><strong>cum</strong></span> <span class='ocrx_word' id='word_1_370' title='bbox 2087 3267 2206 3312; x_wconf 72' lang='lat' dir='ltr'><strong>Jove</strong></span> <span class='ocrx_word' id='word_1_371' title='bbox 2219 3264 2322 3312; x_wconf 71' lang='grc' dir='ltr'><strong>θω-</strong></span> 
     </span>
    </p>
   </div>
   <div class='ocr_carea' id='block_1_8' title="bbox 1270 3337 2320 3409">
    <p class='ocr_par' dir='ltr' id='par_1_10' title="bbox 1270 3337 2320 3409">
     <span class='ocr_line' id='line_1_61' title="bbox 1270 3337 2320 3409; baseline 0.003 -20"><span class='ocrx_word' id='word_1_372' title='bbox 1270 3399 1275 3405; x_wconf 27' lang='lat'>.</span> <span class='ocrx_word' id='word_1_373' title='bbox 1304 3357 1391 3389; x_wconf 83' lang='lat' dir='ltr'><strong>sar</strong></span> <span class='ocrx_word' id='word_1_374' title='bbox 1411 3339 1573 3389; x_wconf 72' lang='lat' dir='ltr'><strong>habet.</strong></span> <span class='ocrx_word' id='word_1_375' title='bbox 1602 3337 1706 3392; x_wconf 85' lang='lat' dir='ltr'><strong>sed</strong></span> <span class='ocrx_word' id='word_1_376' title='bbox 1731 3337 1820 3391; x_wconf 83' lang='lat' dir='ltr'><strong>hic</strong></span> <span class='ocrx_word' id='word_1_377' title='bbox 1855 3349 2011 3409; x_wconf 78' lang='lat' dir='ltr'><strong>poeta</strong></span> <span class='ocrx_word' id='word_1_378' title='bbox 2033 3337 2150 3390; x_wconf 84' lang='lat' dir='ltr'><strong>fuit.</strong></span> <span class='ocrx_word' id='word_1_379' title='bbox 2175 3339 2320 3392; x_wconf 80' lang='lat' dir='ltr'><strong>conf.</strong></span> 
     </span>
    </p>
   </div>
   <div class='ocr_carea' id='block_1_9' title="bbox 1300 3415 2328 3808">
    <p class='ocr_par' dir='ltr' id='par_1_11' title="bbox 1300 3415 2328 3808">
     <span class='ocr_line' id='line_1_62' title="bbox 1306 3415 2324 3488; baseline 0.002 -18"><span class='ocrx_word' id='word_1_380' title='bbox 1306 3433 1469 3488; x_wconf 65' lang='lat' dir='ltr'><strong>supra</strong></span> <span class='ocrx_word' id='word_1_381' title='bbox 1496 3416 1565 3471; x_wconf 88' lang='lat' dir='ltr'><strong>ad</strong></span> <span class='ocrx_word' id='word_1_382' title='bbox 1587 3417 1680 3469; x_wconf 87' lang='lat' dir='ltr'><strong>XL</strong></span> <span class='ocrx_word' id='word_1_383' title='bbox 1699 3455 1716 3480; x_wconf 91' lang='lat'><strong>,</strong></span> <span class='ocrx_word' id='word_1_384' title='bbox 1750 3415 1781 3468; x_wconf 83' lang='lat'><strong>3</strong></span> <span class='ocrx_word' id='word_1_385' title='bbox 1802 3454 1818 3480; x_wconf 89' lang='lat'>,</span> <span class='ocrx_word' id='word_1_386' title='bbox 1847 3427 1899 3468; x_wconf 82' lang='lat' dir='ltr'><strong>et</strong></span> <span class='ocrx_word' id='word_1_387' title='bbox 1916 3434 2039 3469; x_wconf 84' lang='lat' dir='ltr'><strong>mox</strong></span> <span class='ocrx_word' id='word_1_388' title='bbox 2068 3416 2324 3471; x_wconf 73' lang='lat' dir='ltr'><strong>Martialis</strong></span> 
     </span>
     <span class='ocr_line' id='line_1_63' title="bbox 1306 3495 2326 3568; baseline 0.003 -20"><span class='ocrx_word' id='word_1_389' title='bbox 1306 3507 1490 3550; x_wconf 76' lang='lat' dir='ltr'><strong>votum</strong></span> <span class='ocrx_word' id='word_1_390' title='bbox 1506 3495 1574 3550; x_wconf 81' lang='lat' dir='ltr'><strong>ad</strong></span> <span class='ocrx_word' id='word_1_391' title='bbox 1588 3496 1929 3560; x_wconf 80' lang='lat' dir='ltr'><strong>Lxxxxlv,</strong></span> <span class='ocrx_word' id='word_1_392' title='bbox 1951 3515 2002 3549; x_wconf 68' lang='grc' dir='ltr'><strong>ι.</strong></span> <span class='ocrx_word' id='word_1_393' title='bbox 2025 3496 2326 3568; x_wconf 73' lang='lat' dir='ltr'><strong>Recipimua</strong></span> 
     </span>
     <span class='ocr_line' id='line_1_64' title="bbox 1307 3573 2324 3630; baseline 0.002 -2"><span class='ocrx_word' id='word_1_394' title='bbox 1307 3574 1396 3629; x_wconf 89' lang='lat' dir='ltr'><strong>hic</strong></span> <span class='ocrx_word' id='word_1_395' title='bbox 1422 3575 1703 3629; x_wconf 82' lang='lat' dir='ltr'><strong>lectionem</strong></span> <span class='ocrx_word' id='word_1_396' title='bbox 1729 3593 1761 3628; x_wconf 82' lang='lat' dir='ltr'><strong>a</strong></span> <span class='ocrx_word' id='word_1_397' title='bbox 1789 3573 2086 3629; x_wconf 78' lang='lat' dir='ltr'><strong>Schwarzio</strong></span> <span class='ocrx_word' id='word_1_398' title='bbox 2119 3588 2324 3630; x_wconf 83' lang='lat' dir='ltr'><strong>erutam</strong></span> 
     </span>
     <span class='ocr_line' id='line_1_65' title="bbox 1309 3653 2326 3727; baseline -0.001 -18"><span class='ocrx_word' id='word_1_399' title='bbox 1309 3673 1340 3709; x_wconf 82' lang='lat' dir='ltr'><strong>e</strong></span> <span class='ocrx_word' id='word_1_400' title='bbox 1372 3655 1522 3710; x_wconf 75' lang='lat' dir='ltr'><strong>MSS.</strong></span> <span class='ocrx_word' id='word_1_401' title='bbox 1562 3671 1660 3727; x_wconf 85' lang='lat' dir='ltr'><strong>pro</strong></span> <span class='ocrx_word' id='word_1_402' title='bbox 1686 3653 1902 3726; x_wconf 76' lang='lat' dir='ltr'><strong>vulgato</strong></span> <span class='ocrx_word' id='word_1_403' title='bbox 1925 3691 1942 3718; x_wconf 90' lang='lat'><strong>,</strong></span> <span class='ocrx_word' id='word_1_404' title='bbox 1986 3658 2158 3723; x_wconf 75' lang='lat' dir='ltr'><strong>quibus</strong></span> <span class='ocrx_word' id='word_1_405' title='bbox 2196 3675 2326 3708; x_wconf 77' lang='lat' dir='ltr'><strong>nunc</strong></span> 
     </span>
     <span class='ocr_line' id='line_1_66' title="bbox 1300 3733 2328 3808; baseline 0.004 -24"><span class='ocrx_word' id='word_1_406' title='bbox 1300 3752 1397 3803; x_wconf 75' lang='lat' dir='ltr'><strong>per</strong></span> <span class='ocrx_word' id='word_1_407' title='bbox 1420 3749 1468 3786; x_wconf 74' lang='lat' dir='ltr'><strong>te</strong></span> <span class='ocrx_word' id='word_1_408' title='bbox 1488 3736 1634 3794; x_wconf 76' lang='lat' dir='ltr'><strong>liber,</strong></span> <span class='ocrx_word' id='word_1_409' title='bbox 1672 3743 1772 3785; x_wconf 86' lang='lat' dir='ltr'><strong>etc.</strong></span> <span class='ocrx_word' id='word_1_410' title='bbox 1795 3739 1894 3783; x_wconf 77' lang='lat' dir='ltr'><strong>Por</strong></span> <span class='ocrx_word' id='word_1_411' title='bbox 1922 3747 1969 3784; x_wconf 77' lang='lat' dir='ltr'><strong>ee</strong></span> <span class='ocrx_word' id='word_1_412' title='bbox 1991 3733 2036 3788; x_wconf 76' lang='lat' dir='ltr'><strong>ai</strong></span> <span class='ocrx_word' id='word_1_413' title='bbox 2069 3735 2328 3808; x_wconf 64' lang='lat' dir='ltr'><strong>potuisset</strong></span> 
     </span>
    </p>
   </div>
   <div class='ocr_carea' id='block_1_10' title="bbox 1282 3811 2324 3885">
    <p class='ocr_par' dir='ltr' id='par_1_12' title="bbox 1282 3811 2324 3885">
     <span class='ocr_line' id='line_1_67' title="bbox 1282 3811 2324 3885; baseline -0.001 -17"><span class='ocrx_word' id='word_1_414' title='bbox 1282 3857 1293 3869; x_wconf 71' lang='lat'><strong>.</strong></span> <span class='ocrx_word' id='word_1_415' title='bbox 1308 3812 1541 3877; x_wconf 71' lang='lat' dir='ltr'><strong>Plinius,</strong></span> <span class='ocrx_word' id='word_1_416' title='bbox 1554 3831 1665 3866; x_wconf 83' lang='lat' dir='ltr'><strong>nou</strong></span> <span class='ocrx_word' id='word_1_417' title='bbox 1677 3811 2050 3885; x_wconf 67' lang='lat' dir='ltr'><strong>subjunxisset,</strong></span> <span class='ocrx_word' id='word_1_418' title='bbox 2057 3829 2324 3884; x_wconf 65' lang='lat' dir='ltr'><strong>postquam</strong></span> 
     </span>
    </p>
   </div>
   <div class='ocr_carea' id='block_1_11' title="bbox 1310 3890 2328 4105">
    <p class='ocr_par' dir='ltr' id='par_1_13' title="bbox 1310 3890 2328 4105">
     <span class='ocr_line' id='line_1_68' title="bbox 1310 3890 1616 3946; baseline 0.01 -3"><span class='ocrx_word' id='word_1_419' title='bbox 1310 3907 1359 3944; x_wconf 77' lang='lat' dir='ltr'><strong>te</strong></span> <span class='ocrx_word' id='word_1_420' title='bbox 1376 3895 1527 3945; x_wconf 65' lang='lat' dir='ltr'><strong>dedic.</strong></span> <span class='ocrx_word' id='word_1_421' title='bbox 1548 3890 1616 3946; x_wconf 87' lang='lat' dir='ltr'><strong>G.</strong></span> 
     </span>
     <span class='ocr_line' id='line_1_69' title="bbox 1380 3971 2328 4027; baseline 0.002 -3"><span class='ocrx_word' id='word_1_422' title='bbox 1380 4003 1452 4012; x_wconf 97' lang='lat'><strong>—</strong></span> <span class='ocrx_word' id='word_1_423' title='bbox 1477 3975 1596 4025; x_wconf 80' lang='lat' dir='ltr'><strong>Cum</strong></span> <span class='ocrx_word' id='word_1_424' title='bbox 1619 3987 1706 4024; x_wconf 79' lang='lat' dir='ltr'><strong>cua</strong></span> <span class='ocrx_word' id='word_1_425' title='bbox 1729 3973 1893 4025; x_wconf 76' lang='lat' dir='ltr'><strong>laude.</strong></span> <span class='ocrx_word' id='word_1_426' title='bbox 1911 3971 2198 4027; x_wconf 75' lang='lat' dir='ltr'><strong>ALsumma</strong></span> <span class='ocrx_word' id='word_1_427' title='bbox 2217 3993 2328 4026; x_wconf 77' lang='lat' dir='ltr'><strong>cum</strong></span> 
     </span>
     <span class='ocr_line' id='line_1_70' title="bbox 1313 4049 1857 4105; baseline 0.006 -3"><span class='ocrx_word' id='word_1_428' title='bbox 1313 4065 1401 4104; x_wconf 78' lang='lat' dir='ltr'><strong>tua</strong></span> <span class='ocrx_word' id='word_1_429' title='bbox 1426 4053 1596 4104; x_wconf 77' lang='lat' dir='ltr'><strong>laude.</strong></span> <span class='ocrx_word' id='word_1_430' title='bbox 1624 4051 1778 4105; x_wconf 76' lang='lat' dir='ltr'><strong>bene.</strong></span> <span class='ocrx_word' id='word_1_431' title='bbox 1801 4049 1857 4105; x_wconf 85' lang='lat' dir='ltr'><strong>S.</strong></span> 
     </span>
    </p>
   </div>
   <div class='ocr_carea' id='block_1_12' title="bbox 1382 4129 2331 4203">
    <p class='ocr_par' dir='ltr' id='par_1_14' title="bbox 1382 4129 2331 4203">
     <span class='ocr_line' id='line_1_71' title="bbox 1382 4129 2331 4203; baseline 0.002 -21"><span class='ocrx_word' id='word_1_432' title='bbox 1382 4129 1627 4184; x_wconf 75' lang='lat' dir='ltr'><strong>LXXXI.</strong></span> <span class='ocrx_word' id='word_1_433' title='bbox 1657 4148 1704 4184; x_wconf 77' lang='grc' dir='ltr'><strong>ι.</strong></span> <span class='ocrx_word' id='word_1_434' title='bbox 1731 4133 1850 4184; x_wconf 77' lang='lat' dir='ltr'><strong>Cum</strong></span> <span class='ocrx_word' id='word_1_435' title='bbox 1867 4133 2331 4203; x_wconf 66' lang='lat' dir='ltr'><strong>influentibusnego-</strong></span> 
     </span>
    </p>
   </div>
  </div>
 </body>
</html>
