2857 4690
530 359 683 442 414
1058 357 1498 424 NOTITIA
1551 357 2144 426 LITERARIA

640 489 701 556 S.
736 511 793 556 a.
822 502 889 557 et
919 487 961 556 l.
994 502 1060 556 et
1102 503 1357 583 typogr.
1402 502 1560 556 nota
1578 537 1597 574 ,
1641 491 1712 573 4.
1752 491 1821 560 C.
1852 488 2064 556 Plinii
2095 490 2393 560 Secundi
2425 493 2668 562 Novo·

532 599 863 662 comensis
922 600 1387 689 Panegyricus
1455 594 1757 686 Trajano
1821 593 2042 664 dc'etus
2062 648 2084 680 ,
2138 611 2204 664 et
2260 604 2501 666 coeteri
2551 602 2670 668 XI

531 704 945 795 Panegyrici
994 705 1231 770 Latini
1278 717 1541 770 vetet-es
1583 696 1608 788 (
1639 701 1750 794 qui
1793 701 1858 768 in
1917 702 2132 794 prima
2193 702 2418 771 tabula
2477 703 2664 772 desi-

530 799 891 900 guantur),
920 811 1330 876 Franczscm
1355 809 1777 876 Puteolanus
1801 806 2308 900 dilzgentcksime
2337 833 2667 903 recogno-

531 918 641 982 vit.
674 915 755 980 In
780 912 912 981 fine
942 917 1395 1008 :Panegyn'ci
1414 917 1570 983 XII
1585 915 1848 1007 fim'emt
1867 965 1889 997 ,
1935 935 1984 980 α
2019 918 2234 983 vae-1225
2259 914 2664 984 auctoribus

528 1017 712 1088 editi.
766 1021 928 1089 Cum
950 1025 1189 1114 gracia
1228 1036 1301 1088 et
1320 1020 1692 1114 privilegio.
1731 1017 1882 1086 vid.
1904 1019 2048 1088 Cat.
2079 1017 2240 1086 Bibl.
2277 1023 2448 1089 Bun.
2489 1035 2656 1090 tom.

530 1125 563 1192 I
585 1175 603 1208 ,
642 1121 767 1193 vol.
810 1127 842 1192 I
872 1177 891 1210 ,
912 1149 1073 1220 pag.
1118 1121 1287 1196 255.
1316 1127 1638 1214 Quamvis
1659 1125 1802 1195 haec
1839 1123 2037 1192 editio
2067 1149 2280 1218 neque
2315 1125 2652 1220 praefatio-

526 1255 679 1300 nem
722 1228 1101 1319 Puteolani,
1138 1255 1351 1325 neque
1386 1245 1620 1300 caetera
1647 1227 1963 1326 opuscula
1985 1282 2004 1316 ,
2031 1232 2350 1324 superiori
2381 1231 2655 1302 editioni

529 1335 805 1428 adjecta,
824 1335 1330 1430 complectatur3
1348 1350 1726 1406 contextum
1753 1351 1972 1405 tamen
1983 1337 2364 1430 Panegyrici
2377 1336 2656 1408 Pliniani

526 1441 609 1510 ad
636 1442 947 1512 amussim
972 1443 1191 1512 refert.
1228 1441 1327 1513 Cl.
1358 1443 1764 1512 Schwarzius
1795 1463 1940 1512 eam
1973 1441 2272 1511 adhibuit
2303 1445 2370 1511 in
2399 1469 2520 1514 sua
2549 1443 2647 1512 ed.

525 1547 979 1643 Hambergero
1024 1547 1064 1617 l.
1102 1575 1159 1618 c.
1190 1575 1253 1644 p.
1304 1545 1453 1619 253
1479 1549 1741 1618 videtur
1773 1547 2158 1618 Mediolani
2189 1548 2382 1618 facta.

642 1678 666 1723 1
684 1658 778 1750 47
793 1679 857 1750 7.
888 1653 1305 1742 Mediolani,
1351 1658 1416 1740 4.
1453 1659 1866 1750 Panegrriei
1891 1657 2129 1722 Latini
2160 1669 2427 1723 veteres
2451 1681 2473 1722 :
2519 1659 2650 1724 Pe-

406 1831 413 1837 ,
522 1765 735 1830 trom‘i
756 1759 1029 1830 Arbitri
1052 1763 1413 1855 Satyricon
1424 1788 1452 1847 ,·
1479 1777 1549 1829 et
1571 1762 1968 1861 Epkemerir
2001 1761 2245 1851 Dictys
2271 1763 2612 1832 Cretensis·
2627 1814 2646 1845 ‚

520 1891 671 1936 cum
726 1869 1021 1962 epistola
1080 1868 1366 1937 Maselli
1412 1871 1876 1938 Beneventani
1921 1865 2027 1934 ad
2071 1867 2652 1944 Bartholomoeum

524 1974 847 2043 Chalc-um
862 2026 885 2060 ,
924 1975 1257 2044 Duc-alem
1286 1975 1735 2044 Secretarium
1749 2025 1767 2060 ,
1802 1987 1966 2042 ante
1989 1974 2244 2062 Dic-tyn
2252 1979 2650 2067 pramis-sa.

520 2079 631 2148 Sic
674 2078 913 2175 legitur
947 2104 1054 2174 ap.
1090 2081 1379 2149 Maittar.
1418 2082 1589 2148 Ann.
1629 2093 1762 2174 typ.
1809 2093 1967 2147 tom.
2007 2079 2077 2164 1,
2098 2101 2249 2172 pag.
2301 2075 2476 2173 374.
2515 2081 2653 2148 Re-

521 2183 731 2254 fertur
764 2188 961 2254 etiam
998 2186 1066 2256 in
1109 2189 1253 2255 Cat.
1302 2182 1467 2254 Bibl.
1522 2183 1848 2254 Harleian.
1901 2197 2060 2252 tom.
2114 2183 2236 2270 IV,
2271 2207 2423 2280 pag.
2477 2181 2652 2269 542.

517 2291 841 2363 Praeterea
867 2293 1113 2361 nemini
1141 2305 1549 2361 memoratur
1587 2291 1782 2385 hujus
1813 2291 1969 2359 anni
1995 2287 2216 2359 editio.
2257 2287 2654 2359 verosimile

514 2412 733 2467 autem
778 2386 911 2485 est,
947 2398 1121 2487 hanc
1156 2397 1257 2466 ed.
1295 2395 1591 2466 eamdem
1633 2422 1773 2471 esse
1813 2421 1962 2465 cum
2001 2397 2216 2488 prima
2259 2395 2654 2481 Puteolani3

516 2503 603 2571 ita
650 2518 725 2571 ut
760 2505 1135 2571 Maittarius
1178 2501 1552 2571 confuderit
1588 2504 2022 2597 Panegyricos
2065 2524 2214 2569 cum
2258 2502 2505 2594 Dicty‚
2543 2502 2654 2595 qui

514 2610 813 2701 quamvis
850 2609 917 2674 in
956 2606 1127 2676 idem
1172 2605 1484 2675 volumen
1521 2622 1942 2703 compactus,
1969 2606 2054 2673 ab
2087 2602 2214 2675 illis
2247 2606 2652 2698 separandus

509 2726 683 2800 erat,
716 2728 783 2781 et
806 2711 891 2780 ad
913 2736 1109 2805 quem
1144 2711 1355 2781 solum
1394 2712 1736 2782 referenda
1763 2714 1917 2780 anni
1947 2726 2015 2778 et
2049 2709 2176 2777 loci
2211 2710 2647 2807 subscriptio;

517 2817 645 2886 vid.
676 2818 1087 2913 Hamberger
1120 2816 1161 2885 l.
1194 2842 1254 2887 c.
1284 2842 1431 2911 pag.
1473 2814 1642 2887 252.

629 2924 842 3020 1478.
875 2924 1411 2993 Mediolanensib-
1436 2926 1506 3011 1,
1549 2921 1660 2991 fol.
1697 2919 2160 3016 Epistolarum.
2190 2946 2312 3016 per
2355 2922 2534 2993 Phil.
2565 2923 2650 2993 de

515 3034 915 3127 Lavagm'tz,
952 3029 1532 3117 Mediolanensem.

634 3134 847 3225 1483.
902 3140 1227 3222 Ταννιζςιῑ,
1276 3139 1342 3221 4.
1384 3131 1850 3230 Epistolarum.
1912 3158 2030 3227 per
2070 3137 2174 3202 Jo.
2219 3135 2645 3205 Vercellium.

515 3248 597 3315 In
638 3242 855 3313 fronte
892 3240 1119 3311 titulus
1162 3241 1345 3309 deest
1368 3294 1386 3328 ,
1422 3238 1536 3309 sed
1577 3242 1646 3309 in
1676 3238 1806 3307 fine
1841 3238 2120 3335 legitur:
2171 3240 2240 3309 C.
2271 3238 2495 3309 Plinii
2523 3239 2647 3310 Se-

514 3350 722 3421 cundi
754 3344 1305 3419 'Novocomensis
1344 3349 1640 3415 oratoris
1664 3344 2171 3436 facundissimi
2205 3346 2648 3439 epistolarum

512 3456 685 3527 liber
697 3470 975 3525 octavus
1002 3470 1067 3523 et
1094 3454 1365 3523 ultimm·
1386 3452 1683 3547 explicit.
1705 3454 1918 3537 Finis.
1938 3455 2352 3544 Impressum
2377 3450 2644 3544 quidem

510 3544 623 3631 e'st
634 3563 762 3631 Ιιοο
782 3586 954 3655 opus
982 3564 1406 3654 Tarvisiiper
1428 3561 1844 3651 Magistrum
1859 3558 2194 3625 Ioannem
2220 3556 2642 3625 Vercellium.

514 3672 731 3737 Anno
772 3668 1015 3736 salutis·
1055 3668 1154 3734 M.
1202 3665 1444 3737 CCCC.
1485 3665 1887 3733 LXXXIII.
1931 3658 2282 3729 Cimelium
2336 3660 2470 3729 hoc
2513 3684 2640 3728 ser-

516 3786 717 3843 vatur
758 3775 826 3841 in
860 3770 1023 3840 Bibl.
1050 3768 1544 3863 'Archipalatina
1589 3767 1952 3836 Manhemii
1975 3820 1992 3853 ‚
2031 3766 2219 3858 cujus
2255 3763 2642 3859 praefectus,

516 3880 626 3947 vir
662 3876 1053 3947 clarissimus
1086 3878 1179 3945 A.
1224 3878 1505 3962 Lamer,
1536 3872 1728 3942 nobis
1765 3871 1940 3941 hanc
1983 3870 2281 3939 notitiam
2321 3869 2636 3939 submisit.

637 4007 661 4052 1
681 3987 849 4075 490.
888 3984 1163 4064 Romae,
1196 3983 1262 4063 4.
1292 3974 1754 4072 Epistularum.
1787 4000 1914 4071 per
1931 3975 2349 4046 Eucharium
2373 3972 2631 4056 Silber,
