2857 4690
756 361 1268 434 PANEGYR.
1322 365 1540 433 CAP.
1595 366 1828 432 LVII.

2013 273 2048 304 Ι

2217 363 2356 459 329

234 484 533 580 expletus
557 538 579 572 ‚
614 483 1033 554 consulatum
1074 487 1389 554 recusasti
1420 512 1435 552 :
1479 510 1678 579 quem
1716 486 1874 553 novi
1916 489 2358 579 Imperatores

234 595 635 664 destinatum
682 592 826 662 aliis
859 647 878 680 ,
922 595 991 662 in
1028 619 1097 662 se
1136 594 1636 664 transferebant.
1673 597 1829 664 Fuit
1868 595 2066 663 etiam
2091 648 2111 680 ,
2139 597 2255 688 qui
2287 596 2356 664 in
2397 627 2425 661 ο

233 705 649 799 principatus
718 704 821 772 sui
874 703 1008 772 fine
1070 704 1492 774 consulatum
1517 719 1787 798 ,quem
1837 703 2113 774 dederat
2169 705 2310 798 ipse
2340 757 2359 790 ,

232 840 477 909 magna
512 840 597 884 ex
618 828 807 909 parte
837 816 977 908 jam
1001 829 1259 908 gestum
1284 869 1303 902 ,
1322 829 1846 916 extorqueretet
1879 828 2162 908 raperet.
2214 816 2360 882 Hoc

232 950 393 1020 ergo
420 926 709 1012 honore,
746 951 947 1020 quem
976 919 1051 994 et'
1072 925 1470 1018 incipientes
1497 927 1870 1020 principes,
1901 939 1969 994 et
1989 923 2362 994 desinentes

228 1035 395 1105 adeo
434 1037 922 1130 concupiscunt
943 1089 961 1121 ,
1007 1051 1084 1104 ut
1120 1034 1466 1122 auferant,
1507 1049 1580 1103 tu
1601 1089 1620 1122 ,
1657 1035 1872 1106 otioso
1917 1059 1995 1104 ac
2031 1047 2312 1102 vacante
2341 1086 2362 1118 ,

234 1147 527 1240 privatis
560 1147 837 1219 cessisti.
878 1146 1345 1238 Invidiosusne
1376 1157 1548 1214 'erat
1590 1159 1708 1214 aut
1748 1145 1868 1213 tibi
1919 1143 2156 1213 tertius
2201 1167 2361 1212 con·
2405 1151 2442 1234 3ὓ

232 1251 529 1340 sulatuS,
564 1270 683 1324 aut
728 1255 1015 1349 principi
1059 1254 1357 1348 primus?
1397 1279 1552 1324 nam
1591 1253 1956 1325 secundum
1991 1257 2367 1348 Imperator

234 1364 541 1458 quidem,
572 1365 695 1432 sub
729 1371 1141 1459 Imperatore
1178 1381 1432 1450 tamen,
1469 1367 1681 1435 inisti:
1712 1365 2012 1460 nihilque
2049 1367 2364 1459 imputari

236 1477 303 1542 in
336 1499 419 1543 eo
454 1473 559 1542 vel
591 1475 833 1544 honori
870 1489 1127 1570 potest,
1152 1475 1254 1546 vel
1288 1476 1626 1571 exemplo,
1658 1477 1785 1546 nisi
1823 1477 2238 1570 obsequium.
2265 1479 2368 1545 Ita
2405 1477 2437 1532 6

238 1595 430 1672 vero,
462 1597 611 1680 quae
636 1587 867 1656 civitas
893 1586 1281 1680 quinquies,
1321 1601 1524 1682 atque
1557 1587 1756 1656 etiam
1795 1587 2038 1670 sexies,
2066 1585 2368 1656 consules

238 1695 439 1782 vidit,
482 1721 619 1766 non
660 1695 847 1784 illos,
888 1698 1005 1790 qui
1048 1699 1423 1792 exspirante
1458 1699 1599 1792 jam
1637 1697 1944 1767 libertate
1977 1723 2098 1792 per
2126 1699 2260 1766 vim
2290 1722 2370 1765 ac

240 1805 604 1876 tumultum
644 1806 1075 1893 creabantur,
1104 1808 1218 1876 sed
1254 1807 1499 1902 quibus
1527 1808 1832 1902 sepositis
1860 1822 1927 1876 et
1947 1805 2368 1890 absentibuS,

242 1915 309 1984 in
336 1941 499 1984 rura
524 1941 644 1984 sua
672 1915 1057 1986 consulatus
1093 1917 1503 2005 ferebantur,
1548 1918 1615 1986 in
1644 1919 1772 1988 hac
1799 1918 2068 1986 civitate
2097 1917 2368 1984 tertium

240 2025 663 2094 consulatum
712 2027 1021 2119 princeps
1076 2030 1336 2122 generis
1392 2027 1721 2111 humani,
1773 2041 1848 2094 ut
1909 2009 2314 2124 praegravem
2351 2075 2370 2108 ,

244 2135 619 2204 recusasti?
652 2150 927 2204 tantone
970 2137 1272 2230 Papyriis
1320 2127 1540 2206 etiam'
1569 2151 1634 2206 et
1682 2136 2020 2224 Quinctiis
2065 2133 2369 2204 modera-

244 2245 401 2326 tior,
442 2249 822 2339 AugustuS,
864 2260 933 2314 et
969 2249 1221 2331 Caesar,
1256 2262 1325 2316 et
1361 2251 1560 2316 Pater
1597 2244 1882 2343 patriae?
1921 2248 2010 2315 At
2045 2243 2192 2313 illos
2233 2269 2370 2312 res—

244 2355 515 2450 publica
576 2357 839 2426 ciebat:
880 2356 1105 2451 quid?
1160 2374 1224 2426 te
1279 2384 1416 2426 non
1475 2356 1705 2427 eadem
1743 2354 2176 2451 respublica?
2229 2379 2367 2423 non

312 2572 501 2635 LVII,
536 2588 585 2623 1.
614 2576 913 2623 Excusant-s.
932 2569 1016 2623 Al.
1046 2575 1264 2623 exsatia-

244 2666 319 2701 tus
336 2690 351 2715 ,
376 2647 522 2721 quod
540 2649 751 2722 praefert
761 2648 1011 2702 Oudend.
1032 2648 1102 2702 ad
1120 2650 1266 2705 Suet.

245 2748 365 2801 pag.
408 2746 531 2783 221.
568 2730 623 2781 S.
664 2758 737 2767 —-
766 2732 895 2780 Νονὶ
924 2735 1263 2797 Imperatores.

246 2810 417 2861 Refert
443 2806 551 2859 huc
577 2806 785 2879 Lipsius
822 2808 1089 2861 Othonem
1109 2848 1127 2870 ,
1174 2810 1269 2881 qui

244 2888 431 2941 Tacito
452 2899 605 2951 teste,
624 2887 696 2940 H.
711 2887 738 2938 1
753 2928 769 2954 ,
786 2906 877 2957 77,
892 2914 913 2935 ι
931 2888 1129 2941 Consul
1147 2906 1267 2940 cum

244 2966 457 3025 Titiano
486 2966 650 3020 fratre
676 2968 733 3021 in
765 2966 1035 3020 Kalendas
1054 2967 1269 3021 Martias

246 3047 379 3117 ipse.
400 3084 414 3097 .
435 3047 635 3099 ‚caeteri
675 3047 979 3101 consulatus
1015 3066 1078 3100 ex
1112 3046 1269 3100 desti·

245 3127 459 3179 natione
485 3125 709 3179 Neronis
736 3138 828 3181 aut
850 3126 1029 3179 Galbae
1064 3144 1268 3179 manse-

245 3217 387 3257 runt.
418 3230 441 3251 υ
464 3204 536 3257 G.

319 3304 365 3336 2.
380 3288 497 3335 Fuit
512 3288 681 3339 etiam.
694 3284 957 3337 Neronem
970 3302 1080 3337 esse
1090 3282 1269 3336 docuit

245 3362 385 3417 idem
394 3362 627 3434 Lipsius,
640 3361 707 3415 de
720 3382 828 3434 quo
840 3362 1057 3416 Sueten.
1072 3362 1268 3426 XLIII,

246 3440 295 3493 in
342 3442 547 3518 ultimis
591 3443 703 3513 ejus
748 3440 1225 3495 commemorandis
1249 3480 1265 3505 ,

258 3544 279 3567 ι
295 3521 553 3575 Consules
604 3534 725 3574 ante
774 3532 983 3593 tempus
1037 3521 1269 3593 privavit

248 3598 449 3653 honore
471 3638 487 3663 ,
504 3614 683 3673 ‘atque
709 3601 765 3653 in
794 3602 1066 3673 utriusque
1091 3602 1266 3655 locum

247 3678 385 3731 solus
404 3680 520 3733 iniit
532 3680 877 3735 Consulatum
899 3721 914 3746 ,
942 3681 1094 3752 quasi
1112 3680 1269 3733 fatale

248 3770 377 3811 esset
399 3798 416 3823 ,
450 3778 563 3812 non
590 3778 744 3829 posse
770 3758 951 3812 Gallos
976 3758 1225 3813 debellari
1249 3797 1266 3823 ,

248 3836 343 3889 nisi
364 3857 397 3890 a
419 3839 675 3893 Consule.
707 3862 729 3883 ι
752 3839 822 3892 G.

254 3964 265 3975 .
315 3950 385 3958 —
402 3922 575 3971 Otiose
590 3936 898 3972 aevacante.
912 3918 1268 3984 Quinondum

247 4010 540 4071 occupatus
562 4009 698 4051 esset
715 3999 785 4051 ab
812 3999 919 4053 alio
945 4011 997 4052 et
1018 4014 1231 4054 vacaret
1252 4039 1267 4064 ‚

246 4077 369 4147 quia
410 4078 593 4133 nullus
630 4078 763 4131 alius
786 4079 983 4133 consul
1023 4079 1077 4132 in
1114 4080 1271 4133 istum

1354 2590 1552 2626 annum
1580 2571 1886 2643 designatus
1914 2582 2048 2625 esset
2070 2609 2086 2634 ,
2111 2570 2256 2623 hunc
2285 2570 2378 2625 ho-

1352 2670 1538 2705 norem
1565 2666 1624 2705 tu
1647 2652 1866 2725 privatis
1891 2651 2168 2723 reliquisti.
2189 2652 2249 2703 E.

1428 2733 1480 2785 3.
1525 2734 1633 2783 Tibi
1678 2736 1882 2783 Tertius.
1930 2730 2377 2801 Quandoquidem

1354 2821 1476 2863 ante
1525 2809 1864 2881 adoptionem
1910 2810 2108 2863 Consul
2161 2810 2335 2863 fuerat
2358 2848 2376 2874 ,

1354 2888 1542 2942 iterum
1575 2891 1857 2961 adoptatus
1883 2887 2098 2959 quidem
2119 2926 2134 2951 ,
2161 2888 2254 2941 sed
2277 2891 2380 2943 sub

1354 2980 1523 3037 patre.
1545 2968 1614 3020 G.

1426 3058 1478 3105 4.
1501 3050 1812 3114 Eat-spirante.
1827 3084 1839 3095 .
1862 3082 1875 3094 .
1898 3083 1910 3095 .
1932 3049 2192 3098 ‚liber-tate.
2215 3046 2288 3098 Ut
2311 3048 2373 3099 C.

1354 3125 1556 3179 Marius
1574 3162 1592 3189 ,
1613 3136 1671 3177 ut
1689 3124 1859 3177 Julius
1869 3125 2061 3179 Cesar.
2080 3126 2148 3178 G.
2164 3155 2234 3165 —-
2249 3126 2376 3177 Mox

1354 3208 1588 3273 sepositos
1606 3221 1658 3257 ec
1673 3210 1892 3257 absentes
1907 3204 2036 3258 dicit
2052 3244 2068 3270 ,
2092 3206 2187 3277 qui
2209 3224 2376 3259 seces-

1356 3296 1532 3339 serant
1570 3284 1627 3339 in
1665 3285 1816 3339 villas
1859 3285 2099 3357 adeoque
2135 3284 2376 3339 absentes

1354 3377 1507 3419 erant
1519 3403 1536 3429 ,
1547 3377 1605 3419 ut
1619 3366 1681 3419 C.
1697 3366 1908 3419 Attilius
1921 3364 2149 3435 Regulus
2161 3400 2178 3426 ,
2193 3383 2374 3436 quem,

1354 3444 1520 3497 Plinio
1535 3484 1552 3509 ,
1573 3445 1644 3499 H.
1670 3446 1740 3498 Ν.
1769 3445 1952 3497 XVIII
1970 3480 1986 3506 ‚
2009 3446 2038 3497 3
2057 3480 2076 3507 ,
2093 3443 2374 3509 referente,

1353 3539 1582 3575 serentem
1610 3527 1890 3575 invenerunt
1919 3525 2124 3573 bonores
2151 3526 2261 3574 dati
2277 3544 2299 3585 ,-
2325 3535 2377 3577 et

1354 3603 1419 3655 L.
1454 3604 1670 3667 Quinct.
1689 3600 2035 3655 Cincinnatus
2052 3637 2070 3664 ,
2098 3600 2166 3654 de
2183 3620 2292 3673 quo
2317 3622 2372 3655 η.

1356 3682 1469 3736 Cic.
1496 3682 1699 3735 Senect.
1725 3680 1874 3733 XVI.
1894 3680 1957 3732 E.
1976 3710 2050 3721 -
2075 3687 2376 3751 Uepraegra-

1356 3782 1458 3815 vem
1467 3802 1480 3815 .
1493 3762 1693 3815 Firmat
1703 3760 1768 3813 ha
1775 3778 1842 3813 nc
1854 3760 2132 3813 lectionem
2143 3760 2378 3815 Schwar-

1356 3842 1466 3897 zius
1493 3854 1542 3895 et
1573 3843 1820 3895 Arntzen.
1853 3842 1938 3895 Al.
1967 3861 2277 3911 peoeravem.
2301 3842 2369 3895 G.

1355 3951 1428 3963 --
1445 3923 1669 3989 Papyn‘ae's
1689 3954 1836 3971 .....
1865 3935 1914 3971 et
1937 3924 2190 3987 Quinctiis.
2215 3922 2374 3975 Illum

1357 4000 1636 4072 quinquies
1659 4000 1676 4063 ,’
1713 3999 1858 4054 hunc
1897 4001 2062 4055 sexies
2089 4000 2372 4057 Consulem

1360 4081 1518 4133 fuisse
1533 4118 1550 4142 ,
1571 4078 1692 4131 fasti
1710 4078 2010 4133 ostendunt.
2025 4080 2094 4135 G.
