2857 4690
526 346 661 427 324
1079 345 1156 411 C.
1213 342 1553 409 PLINII
1607 342 2077 411 SECUNDI

612 472 755 537 LV.
808 466 945 537 Ibit
988 468 1059 533 in
1109 465 1372 551 saecula,
1416 464 1616 533 fuisse
1671 465 2078 560 principem,
2113 466 2222 534 cui
2265 466 2533 535 florenti
2577 484 2666 535 et

519 577 871 663 incolumi,
916 598 1259 670 nunquam
1307 574 1435 645 nisi
1492 574 1738 645 modici
1785 575 2072 645 honores
2103 630 2122 663 ‚
2177 578 2418 672 saepius
2480 578 2660 647 nulli

449 714 477 747 ο
513 688 1052 757 decernerentur.
1107 689 1193 754 Et
1234 710 1430 773 sane,
1475 687 1528 754 si
1569 685 1848 755 velimus
1909 710 2061 756 cum
2123 689 2428 781 priorum
2473 704 2660 757 tem-

514 821 751 893 porum
803 799 1191 867 necessitate
1254 811 1545 881 certare,
1605 798 1952 864 vincemur
1993 822 2008 865 :
2067 798 2478 890 ingeniosior
2547 814 2662 867 est

511 910 689 977 enim
717 909 803 977 ad
839 907 1349 1001 excogitandum
1392 905 1730 976 simulatio
1761 909 2073 994 veritate,
2115 909 2401 976 servitus
2445 907 2652 977 liber-

444 1026 473 1078 3
512 1033 681 1103 tate,
712 1032 927 1085 metus
968 1040 1213 1084 amore.
1254 1014 1468 1084 Simul
1507 1040 1716 1109 quum
1747 1016 2150 1109 jampridem
2192 1018 2458 1086 novitas
2503 1043 2654 1085 om-

510 1130 610 1196 nis
660 1127 1038 1196 adulatione
1082 1140 1481 1219 consumpta
1531 1125 1649 1208 sit,
1703 1148 1840 1192 non
1897 1124 2066 1193 alius
2105 1148 2262 1219 erga
2317 1138 2385 1194 te
2431 1150 2654 1195 novus

508 1240 727 1307 honor
774 1232 1123 1330 superest,‘
1148 1260 1353 1328 quam
1396 1236 1453 1303 si
1501 1233 1862 1327 aliquando
1897 1234 1982 1302 de
2024 1249 2090 1302 te
2140 1250 2362 1302 tacere
2403 1234 2654 1302 audea-

440 1364 469 1419 4
509 1372 674 1417 mus.
707 1350 882 1441 Age,
938 1348 994 1415 si
1039 1342 1309 1438 quando
1350 1346 1564 1437 pietas
1621 1358 1850 1412 nostra
1911 1342 2244 1411 silentium
2301 1346 2529 1436 rupit,
2577 1358 2650 1411 et

508 1455 970 1525 verecundiam
1012 1468 1197 1522 tuam
1238 1453 1424 1539 vicit,
1461 1477 1610 1545 quae
1637 1452 1992 1546 qualiaque
2022 1452 2442 1521 decernimus
2479 1476 2647 1537 ηοε,

506 1580 578 1634 tu
616 1590 753 1633 non
787 1560 1094 1634 recusas!
1136 1577 1214 1631 ut
1250 1577 1603 1656 appareat,
1645 1588 1784 1631 non
1821 1562 2135 1657 superbia
2171 1577 2240 1630 et
2278 1561 2547 1630 fastidio
2577 1580 2648 1633 te

438 1690 466 1741 5
504 1674 941 1769 amplissimos
974 1672 1259 1741 honores
1296 1671 1674 1766 repudiare,
1705 1674 1820 1765 qui
1852 1673 2142 1740 minores
2165 1696 2304 1738 non
2330 1670 2647 1765 dedigne-

506 1784 989 1853 ris.Pulchrius
1018 1782 1177 1868 hoe,
1203 1783 1454 1865 Caesar,
1482 1806 1682 1876 quam
1721 1784 1773 1849 si
1813 1804 2148 1850 recusares
2185 1805 2638 1850 omnes:nam
2719 1858 2744 1877 ι

503 1918 807 1963 recusare
820 1916 1072 1980 omne8‚
1108 1892 1492 1959 ambitionis
1511 1891 2022 1975 ;moderationis
2047 1906 2180 1979 est,
2205 1891 2452 1985 eligere
2480 1917 2640 1986 par-

501 2010 821 2077 cissimos.
852 2010 1011 2096 Quo
1049 2018 1578 2099 temperamento
1614 2020 1682 2073 et
1718 2004 1912 2075 nobis
1949 2018 2014 2074 et
2043 2007 2276 2075 aerario
2308 2005 2640 2075 consulis:

503 2118 695 2186 nobis
710 2118 976 2211 quidem
993 2170 1012 2200 ‚
1027 2114 1205 2209 quod
1224 2115 1406 2182 omni
1426 2114 1665 2183 liberas
1680 2118 2087 2209 suspicione;
2104 2115 2338 2184 aerario
2371 2130 2600 2185 autem
2617 2170 2638 2201 ‚

502 2227 684 2323 quod
714 2225 1091 2319 sumptibus
1128 2225 1272 2317 ejus
1303 2223 1578 2293 adhibes
1621 2224 1931 2311 modum,
1965 2241 2042 2295 ut
2074 2226 2192 2320 qui
2233 2225 2636 2294 exhaustum

432 2361 467 2409 6
502 2362 639 2407 non
662 2338 747 2405 sis
782 2338 1238 2426 innocentium
1264 2335 1462 2406 bonis
1490 2336 1887 2431 repleturus.
1921 2342 2116 2408 Stant
2143 2339 2352 2433 igitur
2377 2338 2634 2434 effigies

500 2509 783 2579 presertim
799 2519 927 2578 aptae
941 2518 1059 2558 sunt
1081 2545 1096 2569 ,
1122 2509 1190 2558 ab
1208 2507 1309 2558 alio
1330 2526 1520 2578 genere
1605 2511 1756 2564 riana
1799 2512 1888 2564 illa
1929 2511 2082 2565 lectio
2125 2511 2376 2565 idoneum
2417 2531 2634 2566 sensum

501 2603 743 2638 saxorum
761 2625 775 2646 ,
796 2587 854 2637 in
878 2584 1087 2637 basibus
1108 2587 1478 2639 columnarum
1501 2623 1517 2649 ,
1604 2589 1798 2644 reddit.
1829 2592 1891 2643 E.

502 2665 752 2718 altaribus
772 2703 786 2727 ,
814 2676 913 2716 etc.
956 2661 1250 2735 distinguit.
1272 2665 1357 2716 Sic
1384 2665 1514 2716 Hor.
1664 2672 1715 2722 5.
1737 2674 1882 2721 Omni
1890 2674 2067 2722 liberas
2078 2675 2364 2739 suspicione.
2380 2671 2631 2742 Intelligo

498 2743 606 2796 Od.
628 2745 703 2806 11,
728 2745 810 2808 18,
832 2744 883 2797 3.
916 2747 1093 2794 Trabes
1116 2749 1377 2809 Hymettia·
1396 2756 1520 2797 sunt
1601 2748 1886 2818 presertim
1927 2753 2244 2816 suspicione-,n
2288 2759 2498 2806 senatus
2559 2750 2630 2803 de

502 2839 823 2876 marmorea.
870 2830 1127 2891 Argentea·
1158 2839 1321 2874 autem
1358 2828 1519 2875 trabes

498 2905 707 2952 Salamis
722 2901 1043 2954 Colchorum
1070 2903 1207 2972 regis
1232 2915 1353 2954 sunt
1377 2903 1514 2954 plin.

498 2981 758 3042 xxxlll,
799 2983 850 3033 3.
893 2999 936 3032 s.
978 2979 1060 3032 15.
1088 2982 1155 3031 Et
1188 2979 1516 3034 Claudianus

496 3057 564 3111 de
578 3072 730 3134 nupt..
746 3059 965 3110 Honorii
979 3059 1315 3112 LXXXVIII
1335 3103 1349 3127 ,
1379 3087 1400 3106 ·
1414 3073 1518 3112 tra·

494 3139 649 3191 bibus
693 3137 979 3208 smaragdis
1031 3139 1311 3208 supposuit
1358 3157 1516 3192 caesas

494 3219 768 3290 hyacinthi
778 3233 910 3287 rupe
922 3216 1210 3268 columnas.
1219 3240 1241 3260 ι
1258 3218 1514 3270 G.--Mo-

493 3302 733 3350 numenei:
766 3311 963 3348 eeternae
988 3298 1164 3346 laudis.
1194 3301 1514 3347 Monumenta

490 3391 687 3428 encemoe
722 3379 883 3428 laudis
930 3386 1084 3435 sunt,
1127 3391 1244 3444 quai
1292 3375 1513 3446 ingeniis

492 3455 766 3509 debentur.
780 3454 936 3506 Unde
950 3469 1101 3506 mox:
1120 3457 1221 3504 Ibit
1240 3457 1289 3504 in
1307 3459 1510 3516 soectda,

492 3535 679 3666 αἲξ..
696 3625 746 3672 4.
780 3619 915 3680 Age,
943 3617 1010 3663 si.
1032 3649 1045 3662 .
1066 3629 1305 3663 ,nc-usas.
1333 3611 1509 3664 Locus

493 3691 627 3743 varie
644 3690 948 3743 sollicitatus
968 3703 1021 3743 et
1040 3689 1229 3742 editus.
1246 3689 1507 3761 Gierigius

487 3769 645 3821 verba
664 3809 679 3834 ,
701 3789 813 3835 quse
834 3773 1125 3838 qualiaque.
1147 3805 1159 3818 .
1183 3805 1194 3817 .
1218 3787 1341 3820 ,ηοη
1367 3789 1506 3820 recu-

484 3867 564 3898 sas
584 3887 599 3912 ,
628 3847 927 3922 parenthesi
952 3847 1197 3909 inclusit,
1226 3859 1277 3899 et
1296 3860 1417 3919 post
1443 3867 1506 3902 ea

484 3926 757 3978 asteriscos
788 3927 965 3995 posuit
982 3963 999 3988 ‚
1034 3926 1127 3996 qni
1168 3927 1462 3997 significent
1485 3965 1500 3990 ,

482 4007 567 4056 hic
595 4001 842 4056 excidisse
876 4005 1186 4056 sententiam
1218 4005 1450 4078 aliquam
1484 4044 1499 4068 ,

482 4083 621 4136 unde
656 4081 879 4154 pendeat
912 4095 965 4132 ut
1008 4101 1267 4149 appareat.
1297 4085 1500 4137 >Gesne-

1603 2826 1847 2895 superbia
1873 2828 2208 2897 Imperatoris
2223 2866 2238 2891 ,
2269 2829 2312 2880 si
2345 2830 2388 2882 is
2415 2831 2626 2883 nullum

1601 2905 1758 2976 plane
1770 2905 2026 2958 honorem
2045 2908 2332 2977 reciperet:
2351 2911 2480 2978 (vid.
2501 2929 2626 2962 mox

1603 2985 1756 3046 LIX,
1793 2987 1880 3050 1.)
1919 3003 2093 3056 neque
2131 2997 2307 3040 tamen
2347 2991 2626 3062 praefracte

1603 3064 1913 3115 excluserim
1955 3069 2276 3132 suspicionem
2295 3107 2312 3127 ‚
2361 3069 2414 3120 in
2462 3089 2624 3140 quam

1600 3142 1870 3195 incurrere
1889 3155 2096 3196 senatus
2115 3146 2277 3214 possit
2291 3183 2306 3208 ,
2319 3149 2624 3200 rusticitatis

1599 3221 1874 3292 cujusdam
1903 3233 1956 3275 et
1987 3221 2168 3292 rigido
2199 3226 2508 3294 pervicaciae
2527 3266 2544 3292 ,
2577 3231 2622 3280 si

1599 3301 1754 3370 plane
1787 3301 1994 3354 nullum
2021 3303 2332 3372 Imperatori
2361 3305 2619 3360 honorem

1596 3378 1833 3432 haberet.
1862 3381 1986 3432 Sine
2009 3380 2336 3436 dubitatione
2358 3385 2618 3457 recipien-

1597 3457 1726 3510 dum
1745 3471 1874 3530 puto
1900 3460 2321 3530 supplementum
2344 3482 2373 3515 e
2387 3463 2620 3517 Schwar-

1595 3537 1758 3589 zianis
1785 3539 1950 3608 copiis
1984 3539 2397 3610 suppeditatum.
2425 3543 2617 3596 Adhuc

1593 3635 1775 3668 omnes
1797 3617 1870 3670 sic
1897 3615 2095 3670 dabant
2107 3617 2252 3672 hunc
2267 3620 2478 3674 locum:
2507 3627 2614 3688 Quo

1593 3710 1966 3764 temperamento
1991 3711 2043 3748 ee
2063 3702 2202 3750 nobis
2221 3716 2271 3750 et
2293 3704 2473 3750 oerario
2491 3721 2616 3768 pro·

1591 3777 1678 3825 des
1695 3813 1709 3838 ‚
1739 3779 1876 3842 quod
1907 3779 2190 3842 smptibus.
2234 3778 2374 3831 Solet
2413 3778 2612 3832 Plinius

1590 3854 1802 3924 exsequi
1837 3853 2116 3908 divisiones
2151 3875 2182 3908 a
2215 3875 2270 3908 sc
2295 3857 2608 3929 propositas.

1587 3931 2025 3999 G.-—Sumpeibus.
2048 3971 2062 3986 .
2084 3939 2322 3988 modam,
2341 3937 2460 3988 Non
2483 3937 2610 3990 sinis

1587 4009 1876 4062 honoribus
1903 4012 2007 4062 tuis
2026 4050 2041 4074 ,
2059 4029 2113 4063 v.
2143 4031 2193 4064 c.
2227 4014 2432 4085 templis
2457 4053 2472 4077 ,
2503 4029 2609 4068 sta-

1589 4087 1688 4138 tuis
1705 4125 1722 4152 ,
1741 4090 1968 4142 arcubus
1985 4091 2078 4142 tihi
2110 4092 2436 4145 exstruendis
2457 4133 2476 4158 ‚
2505 4115 2610 4150 ma·
