2857 4690
490 317 643 402 400
1000 315 1444 382 NOTITIA
1511 313 2094 382 LITERARIA

488 471 602 516 cos
624 469 833 514 annos
848 497 867 532 ,
887 445 1305 514 Architectus
1318 441 1534 514 clarus
1551 441 1717 513 aulae
1728 443 2133 514 Dresdendis
2153 444 2624 532 Krubsazius,

489 550 662 621 edita
706 551 991 645 primum
1024 552 1425 620 Germanica
1459 548 1626 620 illius
1662 549 1958 644 epistolae
1999 551 2302 620 versione
2327 605 2348 636 ‚
2379 551 2629 622 deinde

490 655 726 728 additis
778 657 933 726 huic
984 658 1158 726 notis
1206 681 1266 725 a.
1326 681 1351 726 1
1372 653 1522 751 760
1547 709 1567 744 ,
1613 657 1684 724 in
1723 658 1932 727 Dario
1975 657 2470 738 Gotschediano
2535 659 2630 730 de

488 761 689 832 rebus
720 767 911 832 novis
944 767 1016 831 1⁰12
1056 763 1269 832 literis
1298 761 1806 832 humanioribus
1820 815 1840 848 ‚
1867 761 2254 857 videturque
2287 763 2396 833 ille
2423 765 2628 833 nobis

486 867 702 938 multo
744 869 1013 964 propius
1056 868 1142 938 ad
1184 869 1532 943 veritatem
1577 872 1924 942 accessisse
1944 922 1964 957 ,
2014 871 2210 942 etiam
2263 869 2462 964 paulo
2510 869 2626 938 di·-

493 971 823 1069 ligentiori,
851 963 1189 1044 latinitatis
1220 975 1739 1044 conservatione.
1775 977 1855 1042 In
1881 989 2025 1043 toto
2063 975 2194 1044 hoe
2219 999 2463 1068 genere
2490 974 2624 1043 dis-

496 1077 666 1148 ficile
702 1091 804 1148 est
843 1079 1201 1149 artificibus
1244 1077 1488 1172 aliquid
1513 1078 1790 1172 perfecti
1829 1078 2125 1166 efficere,
2153 1079 2260 1148 vel
2289 1083 2444 1174 quia
2479 1105 2624 1150 non

494 1183 686 1254 facile
724 1182 1097 1272 latinitatis,
1126 1185 1491 1279 praesertim
1523 1183 1862 1272 Plinianae,
1897 1183 2390 1278 intelligentiam
2421 1211 2622 1256 aceu-

494 1304 707 1359 ratam
746 1289 993 1358 habent
1013 1342 1034 1377 ,
1078 1289 1183 1359 vel
1222 1290 1277 1358 si
1312 1291 1598 1359 maxime
1629 1290 1904 1377 habent,
1939 1292 2124 1386 sique
2159 1292 2356 1360 etiam
2383 1305 2624 1361 auctor

494 1395 636 1488 ipse
676 1393 1131 1466 architecturae
1177 1395 1427 1490 peritus
1471 1395 1671 1464 fuerit
1691 1448 1713 1483 ,
1752 1410 1820 1464 et
1863 1411 2172 1467 accurate
2221 1399 2624 1492 expresserit

496 1501 757 1586 omnia,
801 1514 1023 1570 tamen
1062 1501 1517 1594 impediuntur
1551 1501 1679 1572 hac
1726 1500 2114 1572 difficultate
2137 1555 2160 1589 ‚
2208 1503 2392 1597 quod
2441 1501 2624 1572 nulla

498 1604 643 1677 talis
679 1631 783 1676 res
817 1608 913 1676 ita
950 1607 1233 1678 describi
1266 1607 1487 1676 verbis
1519 1621 1739 1702 potest
1765 1657 1786 1692 ,
1820 1621 1898 1676 ut
1933 1633 2013 1676 ex
2055 1633 2135 1678 ea
2177 1608 2620 1703 descriptione

498 1709 640 1782 sola
679 1737 785 1782 res
832 1715 1014 1808 pingi
1042 1765 1063 1800 ,
1103 1712 1207 1782 vel
1248 1711 1379 1782 alio
1424 1712 1626 1783 modo
1669 1713 1896 1808 figuris
1937 1716 2212 1808 exprimi
2253 1717 2464 1810 possit
2485 1769 2506 1803 ,
2543 1729 2620 1784 ut

499 1832 567 1887 et
604 1820 672 1886 in
704 1821 1008 1888 Varrone
1046 1819 1129 1890 de
1164 1821 1266 1888 Re
1308 1821 1390 1888 R,
1419 1833 1490 1888 et
1529 1821 1840 1889 Vitruvio
1875 1822 2272 1890 monuimus·

604 1927 681 1994 L.
718 1927 887 2011 VII,
930 1928 1059 2021 Ep.
1110 1950 1201 2021 27
1223 1978 1244 2013 ,
1290 1925 1378 1994 de
1426 1932 1712 2022 spectris
1759 1926 1844 1996 ad
1903 1949 2178 1995 examen
2221 1939 2620 1996 revocarunt

499 2028 816 2102 Halenses
847 2032 917 2099 in
944 2030 1109 2102 Bibl.
1144 2056 1319 2102 nova
1353 2033 1526 2101 Sect.
1561 2029 1696 2116 34,
1727 2058 1790 2127 p.
1829 2056 1854 2101 1
1876 2029 1972 2128 76
2011 2057 2064 2102 S.
2103 2032 2218 2102 ubi
2251 2048 2319 2104 et
2347 2057 2618 2128 respon·

501 2137 599 2205 sio
633 2135 719 2206 ad
754 2135 931 2206 illam
966 2137 1313 2208 exhibetur
1346 2138 1471 2207 sub
1513 2141 1804 2208 Gustavi
1830 2141 2127 2208 Jamom’
2159 2140 2448 2209 nomine.
2487 2141 2618 2209 Ge-

496 2242 677 2310 mina
720 2244 1011 2314 narratio
1054 2243 1137 2314 de
1166 2243 1606 2338 Pythagorico
1648 2243 2054 2340 Philosopho
2099 2269 2141 2314 a
2184 2247 2484 2316 Luciano
2533 2245 2618 2314 ri-

498 2345 727 2434 detur,
768 2348 1023 2446 Philop.
1066 2376 1122 2421 c.
1176 2375 1199 2419 1
1228 2374 1251 2420 1
1285 2399 1306 2435 ,
1333 2373 1395 2418 v.
1423 2365 1492 2420 et
1531 2348 1806 2421 Falsteri
1847 2354 2154 2422 Amoenit.
2183 2352 2422 2448 philos,
2445 2354 2519 2421 T.
2545 2355 2575 2420 I
2597 2403 2618 2438 ,

498 2478 565 2547 p.
623 2452 765 2547 139
810 2480 861 2525 s.
904 2470 973 2525 et
1008 2456 1371 2542 Raetiam,
1408 2454 1722 2551 cap.‚33.

603 2558 708 2626 Ad
761 2561 837 2628 L.
880 2562 1048 2630 VIII
1074 2612 1095 2647 ,
1142 2562 1351 2657 Epist.
1409 2563 1453 2632 8
1479 2614 1500 2649 ,
1551 2564 2007 2633 commentarii
2059 2565 2272 2633 vicem
2325 2562 2618 2658 praebere

496 2677 717 2758 potest
766 2665 978 2761 Alplz.
1053 2668 1371 2738 Gabar-elli
1424 2667 1816 2763 opusculum
1885 2670 1970 2739 de
2017 2668 2359 2739 Clitumno
2417 2670 2616 2738 fluvio

499 2768 831 2857 Umbriae,
863 2771 1113 2841 editum
1152 2776 1374 2843 Patav.
1426 2772 1660 2861 1563,
1694 2789 1762 2844 et
1809 2788 1970 2843 tom.
2013 2776 2146 2864 IX,
2171 2776 2368 2845 Thes.
2417 2774 2618 2845 Italiae

500 2898 540 2946 a
568 2878 924 2946 Burmann.
968 2878 1147 2948 editi.

602 2980 733 3051 Sed
757 2984 1055 3077 inprimis
1078 3009 1120 3054 a
1146 2984 1447 3081 pluribus
1478 3001 1758 3058 tractata
1783 3002 1886 3056 est
1905 2988 1981 3055 L.
2009 2990 2112 3073 X,
2146 2990 2272 3081 Ep.
2314 3010 2466 3083 997
2487 3040 2509 3073 ,
2537 2986 2617 3055 de

500 3086 890 3159 Christianis
906 3142 927 3177 ,
973 3090 1161 3183 cujus
1201 3090 1644 3162 Tertullianus
1679 3094 1748 3162 in
1789 3092 2218 3188 Apologetico
2243 3144 2264 3180 ,
2299 3094 2618 3164 Eusebius

501 3196 583 3261 H.
624 3194 700 3261 E.
730 3196 834 3263 ΙΙΙ
854 3248 874 3283 ,
914 3219 937 3264 1
958 3193 1002 3265 3
1020 3247 1041 3282 ,
1069 3199 1379 3280 Orosius,
1410 3198 1651 3267 Paulus
1677 3199 2014 3268 Diaconus
2036 3252 2057 3286 ,
2083 3196 2458 3293 Syncellus,
2485 3198 2616 3267 alii·

500 3323 630 3392 que
671 3302 1113 3371 meminerunt
1139 3355 1157 3387 ,
1194 3305 1265 3371 in
1323 3328 1452 3399 qua
1496 3304 1742 3373 Plinius
1801 3330 1883 3385 ex
1935 3308 2346 3400 Imperatore
2389 3318 2618 3398 rogat,

500 3406 833 3499 quomodo
873 3432 1027 3477 cum
1070 3409 1461 3479 Christianis
1490 3411 1818 3505 agendum
1853 3411 1974 3498 sit,
2008 3412 2076 3479 in
2103 3410 2344 3504 quibus
2387 3424 2620 3505 praeter

498 3510 915 3583 inflexibilem
941 3514 1450 3585 obstinationem
1477 3516 1644 3585 nihil
1681 3514 2002 3611 supplicio
2029 3516 2302 3611 dignum
2335 3517 2622 3612 potuerit

502 3614 1016 3711 deprehendere.
1058 3619 1355 3714 Epistola
1382 3622 1482 3716 98
1501 3674 1522 3707 ‚
1559 3622 1911 3717 respondet
1941 3624 2264 3715 Trajanus
2283 3674 2314 3715 ,ι
2349 3622 2618 3715 conqui-

503 3722 742 3793 rendos
782 3748 919 3793 non
956 3750 1129 3810 esse,
1172 3725 1423 3797 delatos
1463 3741 1686 3811 autem
1727 3743 1796 3798 et
1827 3730 2168 3799 convictos
2197 3780 2218 3814 ,
2259 3728 2386 3797 nisi
2435 3727 2622 3797 Chri-

500 3828 710 3897 stiano
761 3830 1009 3899 nomini
1047 3834 1609 3920 renuntiaverint,
1645 3836 1862 3927 puniri
1915 3848 2240 3929 oportere.
2283 3837 2421 3902 Has
2457 3832 2618 3901 duas

496 3933 821 4029 Epistolas
862 3937 1131 4005 seorsim
1162 3962 1313 4007 cum
1342 3941 1830 4009 commentariis
1873 3942 2005 4009 suis
2037 3939 2386 4009 ediderunt
2413 3938 2614 4009 Gerh.
