2857 4690
518 383 661 455 ⁴290
1080 362 1167 467 C.
1213 362 1563 433 PLINII
1609 365 2091 437 sEcuNm

514 480 726 552 eunt?
755 482 1074 576 perdant,
1098 504 1265 578 quas
1282 484 1566 554 habent:
1595 485 1928 581 expellere
1947 491 2302 584 penatibus
2319 494 2678 588 gestiunt?

514 596 655 665 suis
690 594 1185 664 exturbentur:
1226 620 1492 690 neque,
1531 610 1611 666 ut
1651 612 1846 667 antea
1866 625 2331 698 ‚exsanguem
2367 603 2554 673 illam
2599 620 2674 674 et

518 704 799 775 ferream
827 706 1119 775 frontem
1146 706 1642 803 necquidquam
1671 708 2286 781 convulnerandam
2316 715 2673 809 praebeant

514 817 817 911 punctiS,
831 830 900 886 et
920 794 1115 887 notas
1132 841 1287 888 suas
1302 818 1604 905 rideant;
1627 818 1742 888 sed
1761 836 2152 916 exspectent
2169 825 2360 918 paria
2381 826 2672 919 praemio

514 925 801 1013 damna,
820 951 947 996 nec
973 928 1259 1023 majores
1288 951 1473 1022 spes»,
1498 954 1704 1024 quam
1740 945 1958 1001 metus
1993 932 2316 1024 habeant,
2349 937 2673 1006 timeant-

444 1051 479 1111 4
518 1062 685 1132 que,
725 1054 1057 1134 quantum
1102 1038 1534 1109 timebantur.
1570 1043 1838 1137 Ingenti
1884 1043 2157 1139 quidem
2206 989 2434 1116 animo
2471 1047 2674 1117 divus

516 1151 711 1220 Titus
765 1150 1117 1221 securitati·
1152 1167 1397 1221 nostrae
1447 1150 1824 1249 ultionique
1862 1171 2298 1251 prospexerat
2319 1208 2341 1244 ‚
2379 1156 2674 1254 ideoque

516 1262 909 1332 numinibus
932 1276 1230 1363 aequatus
1264 1275 1401 1331 est:
1428 1260 1546 1332 sed
1567 1278 1828 1357 quanto
1863 1281 1940 1335 tu
1963 1264 2368 1362 quandoque
2397 1267 2675 1364 dignior

514 1371 712 1461 caelo,
742 1374 859 1469 qui
895 1388 1029 1442 tot
1034 1398 1139 1441 res
1166 1372 1295 1445 illis
1324 1372 1630 1468 adjecisti
1653 1383 1993 1477 [propter
2028 1402 2196 1473 quas
2237 1377 2429 1448 illum
2465 1380 2673 1451 deum

516 1484 795 1555 fecimus
804 1473 835 1569 Ι
886 1484 967 1555 Id
1016 1484 1146 1555 hoc
1204 1485 1416 1580 magis
1470 1484 1762 1556 arduum
1821 1486 1994 1573 fuit,
2049 1488 2262 1609 quod
2286 1492 2673 1585 Imperator

515 1600 779 1683 Nerva,
796 1608 863 1665 te
882 1594 1058 1683 filio,
1084 1610 1151 1665 te
1170 1618 1551 1667 successore
1565 1593 1995 1691 dignissimus
2009 1650 2030 1685 ‚
2043 1586 2402 1694 postquam
2421 1626 2674 1697 magna

516 1706 822 1802 quaedam
857 1706 1077 1776 edicto
1099 1705 1237 1777 Titi
1257 1705 1706 1793 adstruxerat,
1737 1706 1907 1777 nihil
1942 1707 2286 1805 reliquisse
2321 1711 2450 1781 tibi
2477 1710 2670 1781 vide-

516 1818 719 1888 batur
738 1871 757 1906 ,
791 1818 910 1914 qui
940 1832 1076 1887 tam
1114 1816 1327 1887 multa
1350 1819 1789 1914 excogitasti,
1816 1835 1893 1889 ut
1923 1822 1978 1890 si
2014 1834 2168 1891 ante
2204 1836 2272 1891 te
2300 1822 2473 1891 nihil
2501 1840 2676 1894 esset

445 1932 483 1987 ὅ
519 1929 889 1999 inventum.
926 1930 1097 2019 Quae
1152 1927 1415 2027 singula
1457 1943 1791 2025 quantum
1831 1931 1957 2000 tibi
2003 1934 2235 2028 gratim
2288 1933 2672 2030 dispensata

520 2158 1007 2231 aufugerepossint.
1012 2159 1209 2214 Inilla'
1194 2159 1357 2232 igitur
1375 2158 1552 2213 insula
1635 2159 1730 2231 jici
1753 2158 1809 2213 in
1829 2180 2039 2229 servos,
2065 2178 2128 2215 ac
2156 2161 2336 2215 venire
2369 2163 2673 2235 imperavit,

519 2258 703 2312 poenas
720 2240 898 2293 luunt.
922 2240 1059 2305 Quis
1079 2259 1192 2294 non
1212 2238 1420 2304 videat,
1445 2239 1552 2292 hoc
1638 2240 1898 2311 partimin
1913 2242 2226 2314 asperrimas
2239 2242 2440 2295 insulas
2457 2244 2662 2297 avehi.-

521 2338 679 2374 sensu
689 2338 947 2388 pomarum
964 2322 1247 2388 indaginem
1257 2277 1446 2372 duritia
1463 2337 1555 2372 au·
1639 2318 1708 2374 G.
1727 2351 1799 2362 ——
1807 2324 2016 2392 Dignior
2027 2325 2168 2375 coelo.
2182 2320 2344 2389 Quod
2355 2323 2425 2375 ab
2435 2322 2676 2377 Adriano

521 2398 815 2471 daciusque
832 2398 1065 2453 dictam?
1090 2401 1156 2452 E.
1583 2437 1588 2446 ·
1635 2417 1944 2455 successore
1973 2402 2175 2455 factum
2203 2403 2569 2457 faventissimo
2599 2423 2678 2457 se-

596 2479 649 2532 3.
665 2483 802 2530 Eunt
812 2487 857 2532 .·’.
873 2515 888 2529 .
908 2515 921 2528 .
928 2482 1179 2548 gestiunt?
1192 2475 1391 2530 Addidi
1404 2478 1554 2551 signa
1641 2491 1791 2533 natu.
1803 2481 2084 2532 En.——Tot
2101 2501 2176 2533 res
2191 2484 2286 2534 illis
2302 2485 2544 2550 adjecisti.
2563 2483 2675 2535 Illis

520 2558 947 2630 interrogationis
970 2575 987 2622 3
1018 2556 1403 2630 additui-usque
1441 2569 1554 2612 erat

522 2637 813 2692 Ernestius.
838 2637 925 2692 Sic
944 2649 995 2690 et
1012 2637 1295 2710 Gierigius.
1320 2638 1553 2692 S.—E.2··

520 2737 777 2786 sanguem.
796 2719 1029 2772 naboris
1040 2730 1095 2772 et
1114 2717 1340 2792 pudoris
1367 2723 1558 2790 exper-

524 2800 1083 2867 temgferreamfiensus
1092 2798 1555 2854 idem.G.-Noeas

524 2897 658 2932 setas.
674 2879 729 2931 K
748 2879 950 2932 literam
966 2917 983 2945 ‚
1004 2880 1306 2933 Kalumniae
1338 2894 1521 2936 notam
1536 2920 1553 2945 ‚
1579 2923 1586 2928 .

520 2979 556 3012 e
574 2959 693 3030 lege
710 2959 951 3013 Remmia
966 2998 983 3024 ‚
999 2979 1108 3033 qua
1125 2959 1193 3014 de
1214 2981 1273 3015 re
1291 2960 1390 3014 viri
1408 2959 1555 3014 docti

526 3038 597 3094 ad
620 3039 735 3092 Cic.
756 3057 855 3109 pro
872 3040 1029 3095 Rosc.
1058 3041 1180 3094 Am.
1204 3059 1324 3113 cap.
1356 3060 1442 3095 ao.
1464 3037 1558 3092 uhi

524 3118 661 3173 illud
670 3119 952 3191 Papiniani
962 3138 1069 3172 non
1086 3120 1336 3173 omittunt
1356 3157 1371 3184 ,
1385 3137 1556 3192 quum

524 3199 800 3253 hominem
860 3202 1061 3268 integra
1094 3201 1285 3269 frontis
1338 3197 1558 3271 opponit

526 3279 781 3336 damnato
800 3277 1077 3332 calumniae
1102 3279 1142 3332 l.
1177 3279 1261 3332 13.
1284 3302 1345 3333 π.
1380 3278 1449 3332 de
1487 3291 1559 3331 te-

527 3359 715 3414 stibus.
727 3359 924 3412 Omnia
944 3358 1093 3413 dedit
1107 3397 1124 3423 ,
1138 3371 1291 3436 puto!
1314 3357 1558 3413 noudum

530 3439 673 3492 enim
707 3439 816 3494 vidi
841 3478 859 3504 ,
908 3439 1008 3493 cel.
1055 3439 1454 3494 Brencmannus
1503 3436 1560 3490 in

528 3518 657 3572 diss.
704 3517 773 3571 de
812 3521 954 3590 Lege
980 3517 1236 3572 Remmia.
1264 3517 1334 3570 G.
1357 3548 1427 3558 —-
1451 3521 1556 3568 Ex-

528 3599 767 3668 spectent:
764 3599 857 3654 Sic
862 3598 1211 3654 Schwarzius.
1221 3598 1308 3650 Al.
1322 3609 1558 3666 spectem,

528 3676 719 3731 eadem
760 3678 873 3731 fere
920 3677 1177 3733 sententia
1218 3695 1238 3741 ὅ
1319 3685 1559 3748 spectent

526 3756 863 3822 ‚considerent
888 3769 1014 3810 ante
1038 3757 1259 3810 factum.
1280 3755 1352 3812 G.

603 3845 655 3902 4.
695 3839 845 3889 Divus
892 3840 1043 3890 Τιἰω.
1083 3838 1299 3892 Sueton.
1346 3852 1466 3905 cap.
1501 3835 1556 3888 8.

542 3943 565 3964 ι
583 3917 857 3970 Delatores
891 3916 1331 3988 mandatoresque
1368 3915 1391 3984 (
1417 3913 1560 3968 dela·

530 3997 775 4063 tionum)
795 3996 849 4047 in
870 3995 988 4048 som
1010 3995 1229 4066 flagellis
1246 4015 1310 4050 ac
1330 3995 1560 4050 fustibus

532 4093 693 4128 caesos
716 4112 733 4138 ‚
766 4093 829 4127 ac
855 4075 1141 4129 novissime
1164 4074 1440 4129 traductos
1461 4093 1560 4148 per

530 4155 923 4230 Amphitheatri
944 4171 1157 4208 arenam
1180 4193 1195 4220 ,
1216 4156 1406 4228 partim
1433 4155 1557 4209 sub-

1640 2558 1800 2611 rebus
1814 2596 1829 2623 ,
1841 2557 2066 2631 legibus,
2080 2560 2346 2614 institutis.
2358 2562 2565 2634 Nempe
2577 2566 2674 2614 illie

1641 2637 1980 2692 scribendum
1985 2639 2305 2702 ‚Schwarzio
2319 2652 2560 2706 auctore,
2573 2661 2676 2714 pro

1577 2777 1584 2784 ,
1644 2719 1756 2780 illi,
1791 2716 1937 2790 qnod
1967 2719 2053 2770 vix
2098 2717 2382 2774 commode
2421 2721 2676 2793 interpre-

1642 2797 1746 2849 tari
1762 2797 2046 2870 quisquam
2069 2800 2261 2870 poterit
2282 2819 2296 2853 :
2321 2812 2381 2854 et.
2395 2801 2677 2855 infeliciter

1643 2876 1864 2930 tentavit
1903 2877 2217 2932 Arntzenins
2245 2900 2261 2946 ς
2307 2899 2437 2934 nam
2471 2897 2677 2950 propter

1641 2977 1766 3025 quas
1787 2975 1898 3010 nou
1919 2957 2172 3012 aliorsum
2195 2977 2357 3031 quam
2381 2960 2456 3014 ad
2477 2965 2576 3013 iuis
2591 2979 2674 3014 re-

1643 3036 1768 3088 ferri
1781 3047 1974 3110 potest.
1997 3039 2085 3093 Sic
2098 3039 2258 3092 etiam
2271 3044 2454 3094 statim
2465 3059 2530 3096 ex
2543 3045 2675 3115 ejus-

1623 3113 1766 3169 .dem
1786 3117 2080 3172 observatis
2102 3117 2345 3174 dedimus
2361 3136 2672 3190 postquam..

1642 3198 1771 3248 nihil
1783 3200 2047 3266 reliquisse.
2066 3199 2133 3252 G.
2155 3231 2227 3240 —
2254 3205 2347 3251 Tot
2366 3220 2460 3254 res.
2489 3201 2672 3255 Domi-

1643 3274 1824 3330 tianus
1849 3277 2034 3330 Titum
2071 3279 2201 3332 caeln
2247 3277 2542 3334 vindicavit
2563 3317 2580 3345 ‚
2615 3291 2672 3333 ut

1643 3353 1731 3409 dei
1749 3355 1910 3410 frater
1925 3357 2233 3411 haberetur.
2255 3357 2582 3412 Eue-Nile?
2602 3381 2674 3412 n·-

1645 3437 1851 3504 It'quisse.
1859 3439 1951 3488 tibi
1981 3439 2266 3490 videbatur.
2297 3437 2379 3489 Al.
2403 3441 2540 3490 nihil
2560 3443 2672 3491 reli-

1643 3517 1806 3582 quisse
1821 3517 1918 3567 nisi
1943 3519 2030 3568 eibi
2045 3518 2312 3568 videbatur
2326 3517 2432 3571 Sed
2450 3509 2563 3572 iid.
2578 3518 2674 3572 Ge-

1645 3596 1790 3647 sneri
1823 3595 1976 3668 epist.
2003 3595 2076 3649 ad
2097 3596 2149 3648 J.
2171 3597 2236 3649 A.
2260 3597 2584 3652 Ernestinm.
2605 3598 2670 3651 G.

1720 3679 1772 3727 5.
1796 3679 2163 3744 Dispensata..
2179 3682 2408 3732 omnia.
2429 3679 2556 3732 Hoec
2581 3680 2674 3732 sibi

1647 3759 2010 3826 opponuntur.
2051 3757 2198 3828 Ergo
2231 3761 2518 3831 dispansam
2559 3771 2676 3813 sunt

1647 3833 1890 3906 singula,
1912 3849 2358 3909 quoeperpartes‚
2367 3839 2672 3910 singulatim

1649 3925 1898 3986 aguntur.
1926 3917 2161 3990 Sequens
2195 3919 2528 3990 comparatio
2567 3935 2669 3971 rem

1647 3993 1814 4066 magis
1851 3995 2097 4049 illustrat.
2135 3997 2199 4050 E.
2243 4028 2314 4038 —
2357 4001 2668 4066 Dispensata,

1647 4075 1956 4128 Graecorum
1969 4081 2354 4150 τιταμιευμίνα.
2370 4077 2502 4130 vid.
2521 4079 2670 4131 Wes-

1647 4155 1836 4225 seling.
1865 4153 1935 4208 ad
1963 4153 2119 4211 Diod.
2145 4157 2250 4210 Sic.
2277 4155 2344 4208 T.
2371 4157 2399 4208 1
2417 4193 2434 4221 ,
2465 4175 2523 4228 p.
2555 4157 2666 4228 ²⁵7-
