2857 4690
693 306 1208 393 PANEG-YR.
1261 324 1479 391 CAP.
1534 326 1827 393 xcul.
2064 376 2069 379 .
2182 323 2317 396 385
2388 304 2395 311 ’

178 455 543 547 continget
581 453 755 523 diem
795 452 1017 542 illum,
1059 452 1298 549 triplici
1340 453 1581 548 gaudio
1618 453 1837 525 laetum
1874 481 1890 523 ε
1928 456 2040 548 qui
2078 456 2320 551 princi·

179 584 352 653 pem
381 556 653 655 abstulit
681 562 1036 654 pessimum
1056 610 1074 645 ,
1107 558 1288 629 dedit
1308 561 1665 655 optimum,
1692 559 2053 631 meliorem·
2069 564 2323 655 optimo

179 666 446 759 genuit.
475 666 618 735 Nos
639 666 762 733 sub
784 665 992 735 oculis
1018 666 1148 737 tuis
1169 667 1509 759 augustior
1533 664 1727 735 solito
1752 690 1988 736 currus
2010 669 2319 762 accipiet:
2364 678 2395 727 ⁵

181 794 320 839 nos
359 770 534 839 inter
567 771 852 840 secunda
886 772 1139 856 omina,
1177 786 1246 841 et
1276 786 1435 840 vota
1464 774 1817 859 certantia,
1846 797 1993 865 quae
2020 775 2327 867 praesenti

181 875 316 944 tibi
349 876 796 963 conferentur,
816 876 1138 946 vehemur
1161 877 1410 947 alacres
1425 931 1445 962 ,
1472 892 1543 947 et
1568 878 1831 966 incerti,
1856 902 1939 947 ex
1962 892 2111 947 utra
2138 894 2325 973 parte

179 980 414 1073 major
453 981 721 1051 auribus
763 984 1002 1057 nostris
1041 982 1296 1052 aecidat
1339 982 1611 1079 clamor.

303 1088 558 1157 XCIII.
594 1089 806 1181 Super
833 1089 1054 1157 omnia
1079 1102 1301 1157 tamen
1324 1088 1815 1184 praedicandum
1842 1089 2125 1177 videtur,
2148 1091 2327 1184 quod

185 1193 444 1287 pateris
481 1191 780 1262 consules
813 1218 989 1280 esse,
1030 1218 1194 1287 quos
1227 1194 1435 1263 fecisti
1464 1219 1479 1261 :
1512 1196 1755 1289 quippe
1790 1193 2045 1263 nullum
2078 1197 2332 1289 pericu-

185 1296 380 1384 lum,
417 1297 638 1367 nullus
667 1323 750 1367 ex
779 1299 1074 1394 principe
1107 1314 1320 1369 metus
1349 1300 1727 1369 consulares
1753 1302 2007 1369 animos
2035 1301 2334 1371 debilitat

187 1418 266 1472 et
309 1402 558 1497 frangit
595 1429 610 1471 :
649 1402 812 1471 nihil
858 1406 1078 1473 invitis
1119 1405 1517 1475 audiendum
1538 1458 1559 1493 ,
1584 1394 1761 1474 'nihil
1806 1408 2053 1477 coactis
2094 1406 2330 1477 decer-

189 1508 495 1578 nendum
519 1510 662 1579 erit.
692 1511 924 1579 Manet
949 1511 1368 1605 manebitque
1393 1508 2000 1581 honori‘veneratio
2026 1537 2142 1581 sua
2159 1567 2178 1602 ,
2206 1538 2331 1583 nec

193 1616 624 1685 securitatem
655 1618 1044 1685 auctoritate
1073 1606 1463 1712 perdemus3
1496 1641 1579 1686 ac
1602 1619 1655 1686 si
1682 1616 1841 1710 quid
1862 1616 2034 1686 forte
2061 1643 2143 1687 ex
2171 1644 2333 1688 con·-
2370 1646 2398 1679 2

195 1720 458 1791 sulatus
502 1721 758 1815 fastigio
795 1720 993 1790 fuerit
1031 1722 1425 1791 diminutum
1446 1774 1465 1809 ,
1504 1736 1727 1791 nostra
1760 1721 1903 1791 haec
1938 1723 2065 1791 erit
2098 1723 2333 1819 culpa,

196 1852 341 1896 non
366 1824 586 1896 saeculi
613 1852 627 1895 ε
667 1825 819 1895 licet
845 1828 1020 1895 enim
1041 1878 1062 1913 ,
1095 1841 1412 1921 quantum
1444 1825 1533 1895 ad
1560 1824 1961 1923 principem,
1989 1826 2144 1897 licet
2174 1830 2335 1899 tales
2374 1830 2379 1835 ”

196 1930 512 2002 consules
548 1956 783 2031 agere,
819 1931 1042 2027 quales
1083 1948 1236 2001 ante
1268 1934 1597 2027 principes
1632 1946 1837 2001 erant.
1872 1930 2181 2002 Ullamne
2216 1936 2333 2003 tibi
2371 1944 2403 1994 3

197 2064 334 2135 pro
367 2037 702 2107 benefieiis
741 2038 986 2107 referre
1021 2040 1296 2133 gratiam
1337 2062 1566 2132 parem
1602 2036 1988 2132 possumus?
2020 2040 2142 2106 nisi
2181 2054 2332 2108 tan·

201 2160 350 2213 tum
398 2142 609 2230 illam,
649 2158 726 2213 ut
766 2168 1026 2238 semper
1069 2169 1190 2213 nos
1231 2144 1723 2213 meminerimus
1764 2143 2067 2213 consules
2102 2144 2334 2233 fuisse,

202 2265 276 2319 et
315 2248 618 2319 consules
653 2264 836 2333 tuos3
875 2274 952 2318 ea
992 2252 1380 2336 sentiamus,
1417 2274 1497 2317 ea
1530 2272 1947 2334 censeamuS,
1988 2274 2135 2343 quae
2174 2275 2331 2320 con·

205 2355 536 2426 sularibus
575 2356 774 2450 digna
815 2372 1007 2442 sunt;
1050 2358 1140 2424 ita
1176 2381 1515 2426 versemur
1552 2357 1621 2424 in
1662 2355 2031 2450 republica,
2076 2370 2151 2426 ut
2192 2381 2333 2426 cre·
2443 2341 2461 2354 ⁸

204 2463 446 2532 damus
497 2485 636 2530 esse
691 2462 1183 2557 rempublicam.
1233 2464 1389 2532 Non
1443 2459 1787 2531 consilium
1820 2476 2156 2546 nostrum,
2198 2487 2337 2534 non
2372 2489 2404 2547 4

207 2591 484 2664 operam
515 2568 978 2636 subtrahamus
997 2621 1016 2652 ,
1051 2567 1571 2668 nectdisjunctos
1599 2592 1719 2637 nos
1743 2580 1811 2636 et
1830 2569 2015 2662 quasi
2037 2567 2337 2639 dimissos

207 2671 593 2760 consulatu,
611 2673 727 2742 sed
753 2675 936 2767 quasi
955 2673 1299 2744 adstrictos
1327 2687 1396 2742 et
1425 2673 1765 2742 devinctos
1792 2688 2136 2768 putemus3
2164 2698 2340 2744 eum·

208 2781 498 2883 demque
541 2778 756 2848 locum
791 2777 1032 2848 laboris
1067 2793 1135 2847 et
1170 2805 1379 2867 curae,
1411 2803 1610 2884 quem
1647 2781 2031 2848 reverentiae
2064 2779 2341 2875 dignita-

213 2889 430 2980 tisque
447 2935 466 2970 ,
506 2900 863 2956 teneamus,

211 3083 349 3138 illud
369 3084 572 3138 Tiberii
603 3087 825 3139 Sueten.
847 3084 1026 3136 XXVI
1050 3121 1066 3148 ‚
1087 3079 1234 3154 qnod
1321 3082 1603 3154 Sequentia
1630 3083 1768 3135 enim
1788 3082 1912 3136 item
1938 3101 1970 3136 a
1997 3083 2265 3154 superiore
2285 3101 2341 3137 uc

225 3191 252 3212 .
269 3165 499 3217 natalem
535 3183 688 3216 suum
720 3164 938 3235 plebeiis
967 3162 1237 3215 incurren-
1322 3161 1575 3233 pendent.
1596 3159 1735 3214 S.—
1753 3167 1924 3227 4.Nec
1949 3167 2213 3232 disjunctos
2249 3183 2341 3215 nos

212 3257 328 3296 tem
347 3240 680 3296 cire-bibus
699 3243 785 3294 vix
811 3243 970 3295 unius
990 3242 1124 3312 biga
1148 3239 1238 3294 ad·
1323 3256 1374 3292 ce
1389 3244 1537 3308 quasi
1558 3244 1781 3293 climi'uos
1792 3246 2072 3303 consulatu,
2094 3244 2185 3292 sed
2198 3246 2344 3309 quasi

205 3323 446 3397 jectione
459 3320 708 3374 honorari
721 3339 902 3393 passus
923 3321 1018 3373 est.
1042 3344 1064 3366 ι
1094 3320 1163 3373 G.
1324 3321 1585 3372 adstrictos
1599 3335 1651 3370 et
1661 3323 1904 3372 devinctos
1910 3336 2155 3389 putenm.
2172 3319 2342 3374 Haese-

295 3403 348 3456 5.
368 3405 544 3454 camis
554 3404 775 3472 accipiet.
793 3401 917 3466 Quo
931 3400 1238 3472 pen-circum
1325 3410 1445 3450 runt
1471 3397 1685 3469 quidam
1712 3399 1767 3450 iu
1788 3401 2067 3467 diq'tmctos.
2084 3396 2185 3451 Sed
2205 3401 2345 3452 male

213 3481 569 3535 vehebantur.
620 3479 736 3532 Jam
779 3479 1024 3533 laudatus
1047 3479 1236 3531 Juven.
1325 3476 1501 3530 facere
1514 3487 1779 3530 tentarunt
1788 3479 2061 3546 defimctos,
2079 3476 2221 3548 quod
2232 3495 2343 3530 non

217 3561 300 3622 X,
324 3561 412 3614 36.
439 3585 460 3606 ιι
481 3558 625 3624 Quid
649 3559 692 3612 si
718 3558 936 3612 vidisset
959 3559 1240 3610 Protorem
1326 3567 1507 3627 aptum
1528 3556 1723 3608 caeteris
1741 3567 1837 3608 est.
1857 3557 1971 3627 Ego
1994 3573 2101 3608 non
2122 3555 2307 3610 dubito
2327 3595 2343 3620 ,

217 3639 468 3694 curribus
493 3637 612 3690 altis
629 3637 930 3690 Exstantem
951 3677 966 3704 ‚
995 3647 1047 3690 et
1063 3633 1240 3689 medio
1324 3635 1553 3688 Plinium
1572 3633 1777 3688 dedisse
1791 3638 2055 3703 diiunctos,-
2072 3635 2214 3706 quod
2232 3655 2347 3688 ver-

219 3717 505 3774 sublimem
542 3716 599 3768 in
628 3717 844 3788 pulvere
880 3715 1003 3769 circi
1020 3753 1037 3780 ,
1069 3727 1170 3768 etc.
1212 3739 1234 3761 ι
1326 3715 1457 3768 bum
1485 3733 1621 3786 εει-Ρι-
1647 3714 1699 3766 in
1725 3714 1871 3767 libris
1906 3725 2164 3768 mutatum
2193 3716 2345 3768 estin

219 3797 367 3852 Add.
389 3797 465 3848 xl
481 3833 497 3860 ,
524 3813 618 3864 191
631 3835 643 3848 .
669 3813 785 3868 sqq.
800 3794 869 3849 G.
1327 3797 1611 3863 disjunctos.
1644 3793 1826 3864 Equus
1860 3791 2054 3846 dicitur
2088 3797 2280 3865 diiungi
2310 3813 2343 3848 a
2418 3791 2451 3832 '=

293 3875 496 3930 XCIII.
543 3893 590 3927 1.
615 3878 944 3927 Auctor-itate.
979 3875 1121 3926 Dum
1151 3891 1243 3926 an·
1324 3877 1453 3946 jugo
1476 3909 1493 3936 ,
1522 3890 1700 3924 curru.
1740 3875 1995 3940 Dijjumms
2025 3876 2091 3924 ab
2130 3875 2347 3926 exercitu

219 3956 466 4010 ctoritate
476 3965 653 4009 nostra
672 3953 936 4007 consulari
950 3953 1245 4005 utemur.E.
1336 3965 1387 4004 et
1413 3949 1601 4004 similia
1627 3960 1750 4004 sunt
1772 3950 1914 4021 apud
1933 3950 2159 4004 Livium.
2178 3953 2263 4006 Sic
2290 3953 2349 4004 hi

297 4033 352 4086 3.
371 4037 750 4100 Bempublieam.
772 4033 952 4090 Minus
971 4044 1114 4085 recte
1130 4043 1250 4104 post
1338 4032 1547 4100 dijuncta·
1569 4033 1852 4081 consulatu:
1869 4029 2031 4101 idque
2055 4029 2189 4084 adeo
2216 4031 2350 4082 bene

221 4116 366 4166 hanc
417 4129 601 4164 vocem
647 4111 802 4183 plene
850 4110 1253 4182 inm-pungitur.
1338 4109 1627 4180 opponitur
1644 4111 1893 4160 adstricto.
1907 4109 2043 4162 Ῑζιικ.

523 4213 631 4278 II.
1970 4207 2059 4276 25
