2857 4690
488 429 631 500 Ἆρα
1062 404 1139 471 c.
1190 402 1536 472 PLINII
1587 378 2068 473 sEcuNm

490 528 607 603 sed
648 524 875 598 addita
914 541 1017 598 est
1052 523 1221 599 ultio
1245 579 1266 616 ,
1302 522 1656 621 solumque
1685 540 2069 616 mutatum,
2107 527 2291 623 quod
2325 528 2470 623 jam
2505 554 2664 599 non

422 654 455 706 3
490 640 820 711 delatores
840 692 862 727 ‚
892 639 1011 709 sed
1036 637 1217 735 leges
1235 638 1585 709 timentur.
1611 640 1703 708 At
1729 636 2012 707 fortasse
2035 662 2176 707 non
2198 636 2434 708 eadem
2463 664 2658 709 seve-

489 752 688 821 ritate
773 750 1010 821 fiscum
1038 802 1059 837 ,
1132 772 1270 845 qua
1346 748 1657 817 aerarium
1693 800 1715 835 ‚
1771 748 2046 831 cohibes
2075 774 2098 837 ;
2161 749 2367 820 immo
2453 764 2658 820 tanto

489 861 785 955 majore,
816 873 1072 954 quanto
1100 857 1251 953 plus
1286 858 1413 927 tibi
1443 856 1642 929 licere
1677 857 1763 928 de
1801 873 1923 929 tuo
1946 912 1966 947 ‚
2005 884 2218 954 quam·
2249 859 2334 931 de
2369 859 2652 956 publico

460 970 728 1040 credis,
767 971 1038 1040 Dicitur
1076 970 1327 1056 actori,
1364 982 1569 1065 atque
1611 968 1817 1039 etiam
1853 974 2278 1065 procuratori
2306 987 2472 1042 tuo:
2505 976 2648 1042 «In

424 1086 456 1147 4
484 1082 597 1175 jus
640 1081 835 1167 veni3
894 1104 1172 1175 sequere
1208 1077 1298 1149 ad
1338 1078 1688 1151 tribunali.
1725 1110 1760 1147 »ι
1801 1082 1982 1152 Nam
2027 1081 2327 1153 tribunal
2367 1108 2648 1178 quoque

490 1193 943 1287 excogitatum
980 1192 1393 1287 principatui
1436 1206 1538 1260 est
1558 1243 1579 1279 ‚
1619 1216 1746 1287 par
1783 1192 2042 1263 caeteris
2065 1244 2086 1281 ,
2132 1193 2263 1262 nisi
2295 1191 2470 1269 illud
2505 1192 2648 1263 liti-

490 1305 741 1397 gatoris
776 1302 1220 1398 amplitudine
1264 1304 1588 1373 metiaris,
1629 1306 1788 1373 Sors
1825 1318 1894 1373 et
1927 1328 2099 1373 urna
2143 1304 2306 1375 fiseo
2343 1304 2648 1399 judicem

490 1415 791 1510 assignat
823 1441 840 1484 ε
896 1413 1054 1487 licet
1106 1415 1383 1509 rejicere
1402 1468 1424 1503 ‚
1465 1413 1622 1485 licet
1659 1413 2076 1485 exclamare:
2113 1444 2148 1481 α
2187 1417 2390 1487 Hunc
2443 1415 2608 1486 nolo
2627 1467 2650 1503 ‚

482 1526 767 1596 timidus
800 1542 899 1596 est
921 1578 941 1614 ‚
978 1540 1048 1596 et
1081 1525 1261 1595 bona
1292 1524 1512 1597 saeculi
1552 1548 1795 1622 parum
1829 1524 2144 1621 intelligit
2173 1551 2189 1593 :
2224 1524 2420 1595 illum
2453 1525 2649 1613 vole,

490 1638 650 1732 quia
718 1639 1050 1707 Caesarem
1120 1636 1387 1706 fortiter
1440 1651 1646 1705 amat.
1701 1664 1735 1700 ι)
1805 1634 2067 1707 Eodem
2137 1635 2287 1705 foro
2352 1652 2650 1707 utuntur

488 1748 911 1843 principatus
966 1760 1038 1816 et
1098 1744 1390 1817 libertas.
1439 1747 1616 1835 Quae
1655 1747 2000 1842 praecipua
2065 1761 2184 1817 tua
2230 1746 2448 1845 gloria
2505 1762 2648 1835 est,

492 1860 733 1954 saepius
800 1858 1098 1929 vincitur
1150 1839 1350 1927 fiscus
1388 1882 1409 1943 3
1483 1857 1679 1951 cujus
1741 1854 1920 1927 mala
1997 1882 2234 1929 caussa
2291 1882 2647 1954 nunquam

418 1974 455 2031 Β
490 1986 625 2058 est,
662 1971 795 2040 nisi
824 1970 948 2040 sub
989 1969 1172 2040 bono
1207 1968 1538 2065 principe.
1574 1971 1822 2064 Ingens
1857 1968 1990 2038 hoc
2021 1970 2340 2039 meritum
2374 1994 2393 2037 ε
2429 1969 2650 2064 majus

490 2079 657 2150 illud
676 2131 696 2166 ,
736 2080 919 2176 quod
966 2104 1079 2149 eos
1114 2094 1590 2175 procuratores
1632 2079 1874 2167 habeS‚
1911 2092 1988 2148 ut
2027 2077 2428 2175 plerumque
2470 2080 2652 2149 cives

488 2190 593 2259 tui
622 2214 760 2259 non
779 2189 945 2261 alios
965 2189 1225 2284 judices
1242 2188 1502 2260 malint.
1518 2189 1842 2259 Liberum
1861 2204 1966 2259 est
1991 2202 2219 2259 autem
2244 2188 2645 2286 disceptanti

492 2379 689 2428 Addita
713 2391 786 2427 eet
804 2378 923 2427 ultio
956 2375 1013 2427 in
1030 2371 1442 2428 calumniatores
1457 2393 1523 2427 ac

486 2454 754 2509 delatores
772 2453 886 2508 fisci
912 2465 1181 2526 patronos.
1200 2453 1272 2506 G.

565 2536 619 2588 3.
632 2537 801 2586 Fiscus
814 2533 981 2600 ‚bona
998 2532 1217 2605 propria
1236 2531 1522 2604 principia

494 2617 749 2666 AErarium
766 2613 911 2666 bona
934 2611 1165 2682 publica.
1187 2611 1290 2665 En.

564 2694 843 2754 —Aeeori,
860 2707 1014 2759 aeque
1024 2693 1175 2743 etiam
1187 2695 1519 2760 procuratori.

492 2769 597 2826 Vel
630 2771 757 2828 hinc
782 2782 1035 2844 apparet,
1070 2771 1287 2844 majoris
1324 2771 1520 2844 digna·

494 2852 649 2906 tionis
658 2868 1035 2922 procuratomm
1058 2871 1171 2906 esne
1194 2871 1357 2925 quam
1384 2866 1522 2904 acco-

396 2945 401 2949 ·
494 2953 595 2985 rem
603 2973 616 2986 .
625 2933 713 2986 sio
720 2945 773 2987 et
789 2933 844 2986 in
856 2932 1073 3006 privatis
1086 2933 1314 2987 familiis.
1328 2933 1521 2986 Noster

495 3033 579 3086 ep.
598 3013 683 3066 111
699 3054 716 3081 ,
742 3031 805 3083 19
820 3051 837 3078 ,
864 3033 911 3068 ι.
935 3012 1190 3069 ineadem
1208 3031 1269 3066 re
1278 3015 1521 3082 procura-

494 3109 649 3146 eorem
663 3113 833 3147 unum
850 3131 867 3159 ‚
884 3095 1065 3166 plnres
1076 3109 1269 3148 actores
1284 3109 1521 3147 comme·-

492 3186 687 3228 morat.
718 3175 789 3228 G.
826 3201 899 3216 -—
926 3177 1121 3228 Dicitur
1168 3177 1334 3226 aeeon·
1371 3187 1525 3241 aeque

494 3259 645 3308 eciam
663 3257 999 3326 procuratori.
1028 3253 1281 3308 Not-ulam
1315 3251 1387 3307 ad
1410 3251 1525 3305 hac

493 3337 695 3402 verba,
742 3353 852 3410 qua
890 3334 1017 3388 hinc
1063 3332 1289 3404 intelligi
1332 3341 1523 3404 patet,

493 3427 892 3484 procurfltoreln
906 3433 1019 3468 8880
1032 3415 1294 3486 majorem
1312 3424 1493 3465 actore
1507 3447 1527 3475 2

494 3493 725 3549 deletam
731 3495 944 3550 vellem.
952 3493 1073 3548 Non
1085 3493 1177 3547 hic
1188 3491 1257 3546 de
1264 3485 1524 3564 dignitate

494 3593 670 3628 nermo
686 3588 786 3630 est.
798 3575 946 3630 Nihil
962 3573 1108 3629 alind
1124 3573 1319 3628 dicitur
1330 3587 1522 3643 ,quam

496 3653 688 3707 fiscum
704 3655 816 3712 sive
834 3655 1099 3708 ministros
1110 3653 1225 3708 fisci
1241 3692 1260 3714 ‚
1281 3669 1391 3704 non
1408 3669 1522 3703 me-

496 3733 617 3786 liori
628 3753 741 3788 esse
752 3734 1059 3789 conditione
1076 3735 1132 3788 in
1148 3729 1522 3787 controversiis

496 3811 613 3864 fisci
625 3850 642 3877 ,
656 3831 819 3884 quam
835 3814 1073 3886 privatos
1086 3833 1097 3869 :
1116 3830 1313 3885 eosque
1331 3809 1403 3864 ad
1412 3829 1524 3864 ma-

496 3891 775 3963 gistratum
811 3893 869 3946 in
900 3895 988 3966 jus
1020 3892 1205 3949 vocari
1234 3910 1265 3946 a
1301 3889 1523 3964 privatin

496 3989 651 4043 posse
668 4009 685 4037 ‚
713 3972 847 4025 sicut
869 3973 1103 4044 privatos
1124 3974 1194 4027 ab
1214 3972 1362 4045 ipsis.
1376 3971 1518 4024 Eun.

568 4057 623 4114 4.
648 4053 973 4120 Prineipatui.
1002 4053 1066 4104 In
1093 4073 1203 4126 quo
1234 4053 1347 4124 ipse
1378 4050 1522 4124 prin-

496 4147 621 4200 ceps
638 4129 907 4184 conveniri
923 4166 940 4193 ,
958 4141 1011 4182 et
1027 4131 1137 4201 peti
1150 4131 1325 4185 abillo
1336 4131 1521 4204 possit.

495 4208 657 4275 Quod
682 4209 723 4263 l.
762 4209 838 4262 ΙΙ.
880 4207 947 4262 de
972 4209 1043 4261 Ο.
1081 4209 1128 4264 I.
1166 4211 1215 4278 S.
1244 4212 1333 4265 3².
1370 4229 1522 4266 com·-

1609 2385 1939 2428 memoratur
1953 2411 1970 2438 ‚
2007 2397 2034 2420 α
2047 2379 2241 2428 Proetor
2256 2411 2273 2438 ,
2300 2373 2398 2446 qui
2423 2373 2562 2429 inter
2585 2374 2648 2426 fi-

1613 2473 1765 2510 scum
1785 2467 1838 2508 et
1849 2455 2084 2527 privatos
2095 2455 2186 2530 jus
2203 2451 2482 2520 diceret,-
2505 2455 2650 2510 insti·

1612 2549 1760 2590 tutus
1785 2553 1819 2588 a
1843 2535 1978 2588 Divo
1993 2537 2208 2600 Nerva,
2237 2533 2374 2588 illud
2404 2534 2478 2588 ad
2516 2535 2646 2588 Ner-

1610 2634 1732 2670 vam
1749 2615 2046 2688 Traianum
2059 2613 2326 2687 pertinere
2341 2615 2648 2687 suspicatur

1607 2694 1974 2756 schini-zius,
2005 2692 2064 2746 id
2103 2704 2186 2748 eut
2219 2691 2538 2767 adipsum,
2587 2692 2644 2746 in

1607 2791 1720 2846 quo
1735 2785 1982 2828 vei-natm·
2000 2772 2092 2827 hic
2111 2773 2336 2840 Plinius,
2355 2772 2641 2847 judicium.

1607 2851 1864 2907 Dedimus
1890 2853 2254 2926 conjecturam
2293 2853 2644 2908 certissimam

1609 2932 1806 3004 Liptii,
1827 2932 2160 3006 provulgata
2183 2929 2644 3006 ‚cruciam,qn0d

1607 3011 1764 3066 nihili
1783 3025 1864 3066 est
1884 3050 1901 3078 ‚
1921 3023 1975 3066 et
2007 3009 2200 3066 misere
2233 3009 2544 3066 defenditur
2575 3011 2646 3066 ab

1609 3092 1913 3146 Arntzenio.
1933 3091 2000 3146 G.

1680 3172 2127 3242 ——Rq‘ae‘eemNnm
2143 3168 2200 3224 id
2213 3169 2381 3223 moris
2395 3168 2574 3239 prisci,
2585 3179 2640 3222 ut

1611 3252 1884 3308 sortitione
1903 3252 2124 3317 suomet
2135 3269 2306 3324 quum
2316 3247 2640 3322 jndicesjam

1613 3333 1913 3398 sedissent,
1932 3343 2212 3386 accusator
2247 3341 2302 3385 et
2318 3347 2443 3383 reus
2464 3328 2640 3401 ,qnis-

1613 3431 1722 3487 que
1745 3411 1848 3466 sihi
1867 3423 2138 3484 suspectos
2161 3420 2377 3503 possent
2399 3409 2636 3480 rejicere,

1609 3505 1662 3548 et
1689 3493 1878 3568 jubere
1901 3490 2134 3556 cedere;
2158 3491 2214 3543 in
2243 3507 2434 3542 eornm
2465 3489 2638 3541 locum

1609 3574 1744 3628 alios
1763 3527 2240 3626 subsortiebaxitur.
2255 3566 2545 3643 Rejiciendi
2553 3585 2640 3620 au-

1609 3665 1716 3708 tem
1727 3651 1925 3728 judicis
1941 3649 2174 3706 formula
2199 3659 2340 3702 erat:
2363 3652 2516 3718 ejem.
2537 3647 2632 3700 En.

1681 3765 1752 3776 --
1775 3737 1917 3800 Quoe.
1945 3732 2199 3805 snspioer
2225 3747 2392 3798 qua-qt
2391 3747 2454 3782 te.
2475 3727 2564 3781 Sic
2587 3733 2636 3780 et

1609 3813 1837 3885 Lipsius.
1854 3813 1913 3867 S.

1683 3893 1736 3946 5.
1756 3893 2083 3961 Diseepmntt‘.
2111 3887 2247 3955 Quis
2265 3898 2345 3942 est
2363 3885 2490 3939 ille?
2509 3883 2638 3937 arbi-

1607 3983 1758 4026 terne
1779 3984 1830 4026 et
1845 3970 2042 4042 iudex,
2069 3989 2140 4022 an
2166 3965 2442 4039 litigator?
2461 3967 2581 4019 De
2561 3982 2636 4037 Ju-

1607 4052 1728 4107 dice
1752 4050 1860 4105 dici
1877 4051 1984 4104 hoc
2007 4051 2266 4113 verbum,
2285 4045 2510 4100 dubium
2531 4061 2634 4096 non

1607 4132 1936 4204 hahet.1p00
1955 4141 2134 4183 noster
2151 4128 2226 4182 sic
2246 4146 2332 4199 ep.
2352 4125 2457 4190 vl,
2479 4123 2564 4188 15,
2585 4141 2630 4174 ι.

1607 4209 1712 4268 sed
1729 4208 1888 4264 etiam
1902 4208 1971 4264 de
1989 4207 2254 4280 litigatore
2265 4206 2383 4261 Cic.
2403 4205 2461 4258 in
2479 4203 2632 4257 Verr
