<?xml version="1.0" encoding="UTF-8"?>
<!DOCTYPE html PUBLIC "-//W3C//DTD XHTML 1.0 Transitional//EN"
    "http://www.w3.org/TR/xhtml1/DTD/xhtml1-transitional.dtd">
<html xmlns="http://www.w3.org/1999/xhtml" xml:lang="en" lang="en">
 <head>
  <title>
</title>
<meta http-equiv="Content-Type" content="text/html;charset=utf-8" />
  <meta name='ocr-system' content='tesseract 3.04.00' />
  <meta name='ocr-capabilities' content='ocr_page ocr_carea ocr_par ocr_line ocrx_word'/>
</head>
<body>
  <div class='ocr_page' id='page_1' title='image "./cpliniisecundie00schgoog_0353.png"; bbox 0 0 2857 4690; ppageno 0'>
   <div class='ocr_carea' id='block_1_1' title="bbox 552 315 2112 413">
    <p class='ocr_par' dir='ltr' id='par_1_1' title="bbox 552 315 2112 413">
     <span class='ocr_line' id='line_1_1' title="bbox 552 315 2112 413; baseline 0 -14"><span class='ocrx_word' id='word_1_1' title='bbox 552 315 689 413; x_wconf 71' lang='lat'>342‘</span> <span class='ocrx_word' id='word_1_2' title='bbox 1048 334 1185 399; x_wconf 86' lang='lat' dir='ltr'>-·c.</span> <span class='ocrx_word' id='word_1_3' title='bbox 1237 332 1582 401; x_wconf 75' lang='lat' dir='ltr'><strong>PLINII</strong></span> <span class='ocrx_word' id='word_1_4' title='bbox 1633 330 2112 401; x_wconf 76' lang='lat' dir='ltr'>sEctmm</span> 
     </span>
    </p>
   </div>
   <div class='ocr_carea' id='block_1_2' title="bbox 482 452 2686 2530">
    <p class='ocr_par' dir='ltr' id='par_1_2' title="bbox 482 452 2686 769">
     <span class='ocr_line' id='line_1_2' title="bbox 482 452 2684 549; baseline 0.001 -26"><span class='ocrx_word' id='word_1_5' title='bbox 482 472 514 523; x_wconf 83' lang='lat'>8</span> <span class='ocrx_word' id='word_1_6' title='bbox 542 455 755 547; x_wconf 84' lang='lat' dir='ltr'>jectos</span> <span class='ocrx_word' id='word_1_7' title='bbox 774 453 847 521; x_wconf 89' lang='lat' dir='ltr'>in</span> <span class='ocrx_word' id='word_1_8' title='bbox 876 476 946 522; x_wconf 87' lang='lat' dir='ltr'>se</span> <span class='ocrx_word' id='word_1_9' title='bbox 978 452 1207 523; x_wconf 78' lang='lat' dir='ltr'>&#39;oculos</span> <span class='ocrx_word' id='word_1_10' title='bbox 1241 453 1411 523; x_wconf 86' lang='lat' dir='ltr'>ferre</span> <span class='ocrx_word' id='word_1_11' title='bbox 1447 478 1524 521; x_wconf 88' lang='lat' dir='ltr'>ac</span> <span class='ocrx_word' id='word_1_12' title='bbox 1559 455 1816 549; x_wconf 82' lang='lat' dir='ltr'>perpeti</span> <span class='ocrx_word' id='word_1_13' title='bbox 1849 468 2140 549; x_wconf 82' lang='lat' dir='ltr'><strong>possent.</strong></span> <span class='ocrx_word' id='word_1_14' title='bbox 2163 452 2317 525; x_wconf 76' lang='lat' dir='ltr'>Tibi</span> <span class='ocrx_word' id='word_1_15' title='bbox 2335 470 2584 527; x_wconf 75' lang='lat' dir='ltr'>contra</span> <span class='ocrx_word' id='word_1_16' title='bbox 2613 474 2684 529; x_wconf 82' lang='lat' dir='ltr'>et</span> 
     </span>
     <span class='ocr_line' id='line_1_3' title="bbox 551 563 2686 661; baseline 0.003 -30"><span class='ocrx_word' id='word_1_17' title='bbox 551 563 919 633; x_wconf 83' lang='lat' dir='ltr'><strong>moderatio</strong></span> <span class='ocrx_word' id='word_1_18' title='bbox 951 578 1067 634; x_wconf 90' lang='lat' dir='ltr'>tua</span> <span class='ocrx_word' id='word_1_19' title='bbox 1103 566 1343 648; x_wconf 84' lang='lat' dir='ltr'><strong>suasit,</strong></span> <span class='ocrx_word' id='word_1_20' title='bbox 1376 581 1446 635; x_wconf 88' lang='lat' dir='ltr'>et</span> <span class='ocrx_word' id='word_1_21' title='bbox 1477 568 1824 653; x_wconf 76' lang='lat' dir='ltr'><strong>sanctitas,</strong></span> <span class='ocrx_word' id='word_1_22' title='bbox 1855 580 1932 635; x_wconf 86' lang='lat' dir='ltr'>ut</span> <span class='ocrx_word' id='word_1_23' title='bbox 1966 580 2035 635; x_wconf 88' lang='lat' dir='ltr'>te</span> <span class='ocrx_word' id='word_1_24' title='bbox 2067 580 2133 635; x_wconf 89' lang='lat' dir='ltr'>et</span> <span class='ocrx_word' id='word_1_25' title='bbox 2166 563 2482 661; x_wconf 82' lang='lat' dir='ltr'>religioni</span> <span class='ocrx_word' id='word_1_26' title='bbox 2515 568 2686 637; x_wconf 85' lang='lat' dir='ltr'>deo-</span> 
     </span>
     <span class='ocr_line' id='line_1_4' title="bbox 553 673 1897 769; baseline 0.004 -29"><span class='ocrx_word' id='word_1_27' title='bbox 553 696 703 741; x_wconf 88' lang='lat' dir='ltr'>rum</span> <span class='ocrx_word' id='word_1_28' title='bbox 726 687 816 742; x_wconf 87' lang='lat' dir='ltr'>et</span> <span class='ocrx_word' id='word_1_29' title='bbox 847 673 1117 769; x_wconf 88' lang='lat' dir='ltr'>judiciis</span> <span class='ocrx_word' id='word_1_30' title='bbox 1146 673 1496 744; x_wconf 88' lang='lat' dir='ltr'>hominum</span> <span class='ocrx_word' id='word_1_31' title='bbox 1533 674 1897 745; x_wconf 80' lang='lat' dir='ltr'>exhiberes,</span> 
     </span>
    </p>

    <p class='ocr_par' dir='ltr' id='par_1_3' title="bbox 551 783 2684 1539">
     <span class='ocr_line' id='line_1_5' title="bbox 622 783 2684 880; baseline 0.001 -28"><span class='ocrx_word' id='word_1_32' title='bbox 622 786 891 854; x_wconf 69' lang='lat' dir='ltr'><strong>LXIV.</strong></span> <span class='ocrx_word' id='word_1_33' title='bbox 932 783 1065 855; x_wconf 85' lang='lat' dir='ltr'>Alii</span> <span class='ocrx_word' id='word_1_34' title='bbox 1110 784 1530 855; x_wconf 76' lang='lat' dir='ltr'>consulatum</span> <span class='ocrx_word' id='word_1_35' title='bbox 1575 798 1752 853; x_wconf 90' lang='lat' dir='ltr'>ante·</span> <span class='ocrx_word' id='word_1_36' title='bbox 1773 810 1976 880; x_wconf 87' lang='lat' dir='ltr'>quam</span> <span class='ocrx_word' id='word_1_37' title='bbox 2021 786 2436 880; x_wconf 75' lang='lat' dir='ltr'>acciperent,</span> <span class='ocrx_word' id='word_1_38' title='bbox 2491 801 2569 856; x_wconf 86' lang='lat' dir='ltr'>tu</span> <span class='ocrx_word' id='word_1_39' title='bbox 2615 802 2684 855; x_wconf 86' lang='lat' dir='ltr'>et</span> 
     </span>
     <span class='ocr_line' id='line_1_6' title="bbox 552 892 2682 988; baseline 0.001 -26"><span class='ocrx_word' id='word_1_40' title='bbox 552 892 712 962; x_wconf 89' lang='lat' dir='ltr'>dum</span> <span class='ocrx_word' id='word_1_41' title='bbox 760 895 1042 988; x_wconf 85' lang='lat' dir='ltr'>accipis,</span> <span class='ocrx_word' id='word_1_42' title='bbox 1088 895 1410 963; x_wconf 89' lang='lat' dir='ltr'>meruisti.</span> <span class='ocrx_word' id='word_1_43' title='bbox 1463 897 1740 964; x_wconf 87' lang='lat' dir='ltr'>Peracta</span> <span class='ocrx_word' id='word_1_44' title='bbox 1787 907 1980 965; x_wconf 88' lang='lat' dir='ltr'>erant</span> <span class='ocrx_word' id='word_1_45' title='bbox 2026 894 2326 965; x_wconf 83' lang='lat' dir='ltr'>solennia</span> <span class='ocrx_word' id='word_1_46' title='bbox 2371 897 2682 965; x_wconf 87' lang='lat' dir='ltr'>comitio·</span> 
     </span>
     <span class='ocr_line' id='line_1_7' title="bbox 554 996 2680 1100; baseline 0.002 -27"><span class='ocrx_word' id='word_1_47' title='bbox 554 1028 741 1091; x_wconf 88' lang='lat' dir='ltr'>rum,</span> <span class='ocrx_word' id='word_1_48' title='bbox 798 1005 853 1072; x_wconf 89' lang='lat' dir='ltr'>si</span> <span class='ocrx_word' id='word_1_49' title='bbox 908 996 1282 1099; x_wconf 76' lang='lat' dir='ltr'>principem</span> <span class='ocrx_word' id='word_1_50' title='bbox 1332 1005 1660 1099; x_wconf 80' lang='lat' dir='ltr'>cogitares</span> <span class='ocrx_word' id='word_1_51' title='bbox 1679 1056 1698 1089; x_wconf 90' lang='lat'>,</span> <span class='ocrx_word' id='word_1_52' title='bbox 1743 1006 2018 1100; x_wconf 82' lang='lat' dir='ltr'>jamque</span> <span class='ocrx_word' id='word_1_53' title='bbox 2073 1028 2144 1073; x_wconf 90' lang='lat' dir='ltr'>se</span> <span class='ocrx_word' id='word_1_54' title='bbox 2201 1006 2420 1075; x_wconf 84' lang='lat' dir='ltr'>omnis</span> <span class='ocrx_word' id='word_1_55' title='bbox 2477 1007 2680 1077; x_wconf 86' lang='lat' dir='ltr'>turba</span> 
     </span>
     <span class='ocr_line' id='line_1_8' title="bbox 552 1114 2679 1209; baseline 0 -27"><span class='ocrx_word' id='word_1_56' title='bbox 552 1127 1040 1200; x_wconf 76' lang='lat' dir='ltr'>commoverat,</span> <span class='ocrx_word' id='word_1_57' title='bbox 1086 1140 1295 1209; x_wconf 85' lang='lat' dir='ltr'>quum</span> <span class='ocrx_word' id='word_1_58' title='bbox 1346 1130 1458 1201; x_wconf 85' lang='lat' dir='ltr'>tu,</span> <span class='ocrx_word' id='word_1_59' title='bbox 1499 1114 1902 1184; x_wconf 84' lang='lat' dir='ltr'>mirantibus</span> <span class='ocrx_word' id='word_1_60' title='bbox 1945 1114 2242 1199; x_wconf 81' lang='lat' dir='ltr'>eunctiS,</span> <span class='ocrx_word' id='word_1_61' title='bbox 2285 1114 2552 1185; x_wconf 87' lang='lat' dir='ltr'>accedis</span> <span class='ocrx_word' id='word_1_62' title='bbox 2595 1114 2679 1183; x_wconf 86' lang='lat' dir='ltr'>ad</span> 
     </span>
     <span class='ocr_line' id='line_1_9' title="bbox 552 1222 2680 1317; baseline 0 -26"><span class='ocrx_word' id='word_1_63' title='bbox 552 1222 841 1291; x_wconf 86' lang='lat' dir='ltr'>consulis</span> <span class='ocrx_word' id='word_1_64' title='bbox 876 1222 1171 1293; x_wconf 84' lang='lat' dir='ltr'>sellam:</span> <span class='ocrx_word' id='word_1_65' title='bbox 1210 1222 1611 1317; x_wconf 86' lang='lat' dir='ltr'>adigendum</span> <span class='ocrx_word' id='word_1_66' title='bbox 1656 1237 1720 1292; x_wconf 91' lang='lat' dir='ltr'>te</span> <span class='ocrx_word' id='word_1_67' title='bbox 1759 1222 2011 1317; x_wconf 61' lang='lat' dir='ltr'>praebes</span> <span class='ocrx_word' id='word_1_68' title='bbox 2060 1224 2132 1291; x_wconf 88' lang='lat' dir='ltr'>in</span> <span class='ocrx_word' id='word_1_69' title='bbox 2173 1222 2376 1291; x_wconf 85' lang='lat' dir='ltr'>verba</span> <span class='ocrx_word' id='word_1_70' title='bbox 2419 1225 2680 1317; x_wconf 80' lang='lat' dir='ltr'>princi-</span> 
     </span>
     <span class='ocr_line' id='line_1_10' title="bbox 551 1330 2676 1428; baseline 0 -28"><span class='ocrx_word' id='word_1_71' title='bbox 551 1334 751 1427; x_wconf 87' lang='lat' dir='ltr'>pibus</span> <span class='ocrx_word' id='word_1_72' title='bbox 800 1335 1063 1427; x_wconf 85' lang='lat' dir='ltr'>ignota,</span> <span class='ocrx_word' id='word_1_73' title='bbox 1112 1334 1241 1403; x_wconf 86' lang='lat' dir='ltr'>nisi</span> <span class='ocrx_word' id='word_1_74' title='bbox 1286 1358 1498 1428; x_wconf 87' lang='lat' dir='ltr'>quum</span> <span class='ocrx_word' id='word_1_75' title='bbox 1543 1332 1772 1424; x_wconf 89' lang='lat' dir='ltr'>jurare</span> <span class='ocrx_word' id='word_1_76' title='bbox 1823 1347 2140 1428; x_wconf 81' lang='lat' dir='ltr'>cogerent</span> <span class='ocrx_word' id='word_1_77' title='bbox 2185 1330 2374 1401; x_wconf 87' lang='lat' dir='ltr'>alios.</span> <span class='ocrx_word' id='word_1_78' title='bbox 2425 1332 2676 1417; x_wconf 84' lang='lat' dir='ltr'>Vides,</span> 
     </span>
     <span class='ocr_line' id='line_1_11' title="bbox 551 1441 2674 1539; baseline -0.001 -27"><span class='ocrx_word' id='word_1_79' title='bbox 551 1468 753 1539; x_wconf 88' lang='lat' dir='ltr'>quam</span> <span class='ocrx_word' id='word_1_80' title='bbox 788 1443 1233 1513; x_wconf 85' lang='lat' dir='ltr'>necessarium</span> <span class='ocrx_word' id='word_1_81' title='bbox 1274 1442 1480 1513; x_wconf 85' lang='lat' dir='ltr'>fuerit</span> <span class='ocrx_word' id='word_1_82' title='bbox 1513 1442 1934 1513; x_wconf 80' lang='lat' dir='ltr'>consulatum</span> <span class='ocrx_word' id='word_1_83' title='bbox 1971 1467 2112 1512; x_wconf 86' lang='lat' dir='ltr'>non</span> <span class='ocrx_word' id='word_1_84' title='bbox 2149 1441 2506 1513; x_wconf 77' lang='lat' dir='ltr'>recusare?</span> <span class='ocrx_word' id='word_1_85' title='bbox 2539 1468 2674 1512; x_wconf 88' lang='lat' dir='ltr'>non</span> 
     </span>
    </p>

    <p class='ocr_par' dir='ltr' id='par_1_4' title="bbox 488 1552 2676 2201">
     <span class='ocr_line' id='line_1_12' title="bbox 488 1552 2676 1647; baseline -0 -26"><span class='ocrx_word' id='word_1_86' title='bbox 488 1581 515 1614; x_wconf 77' lang='lat'>2</span> <span class='ocrx_word' id='word_1_87' title='bbox 552 1568 966 1647; x_wconf 82' lang='lat' dir='ltr'>putassemus</span> <span class='ocrx_word' id='word_1_88' title='bbox 1004 1553 1184 1623; x_wconf 87' lang='lat' dir='ltr'>istud</span> <span class='ocrx_word' id='word_1_89' title='bbox 1223 1552 1560 1623; x_wconf 80' lang='lat' dir='ltr'>facturum</span> <span class='ocrx_word' id='word_1_90' title='bbox 1599 1566 1668 1623; x_wconf 88' lang='lat' dir='ltr'>te</span> <span class='ocrx_word' id='word_1_91' title='bbox 1713 1552 1951 1640; x_wconf 85' lang='lat' dir='ltr'>fuisse,</span> <span class='ocrx_word' id='word_1_92' title='bbox 1987 1554 2048 1623; x_wconf 77' lang='lat' dir='ltr'>si</span> <span class='ocrx_word' id='word_1_93' title='bbox 2082 1576 2474 1621; x_wconf 60' lang='lat' dir='ltr'>recusassem</span> <span class='ocrx_word' id='word_1_94' title='bbox 2523 1554 2676 1621; x_wconf 85' lang='lat' dir='ltr'>Stu-</span> 
     </span>
     <span class='ocr_line' id='line_1_13' title="bbox 553 1660 2676 1757; baseline -0.002 -25"><span class='ocrx_word' id='word_1_95' title='bbox 553 1667 835 1757; x_wconf 90' lang='lat' dir='ltr'>peo,·P.</span> <span class='ocrx_word' id='word_1_96' title='bbox 880 1666 995 1753; x_wconf 90' lang='lat' dir='ltr'>C.,</span> <span class='ocrx_word' id='word_1_97' title='bbox 1036 1690 1159 1735; x_wconf 91' lang='lat' dir='ltr'>nec</span> <span class='ocrx_word' id='word_1_98' title='bbox 1192 1663 1355 1733; x_wconf 88' lang='lat' dir='ltr'>dum</span> <span class='ocrx_word' id='word_1_99' title='bbox 1404 1665 1562 1733; x_wconf 86' lang='lat' dir='ltr'>satis</span> <span class='ocrx_word' id='word_1_100' title='bbox 1607 1678 1727 1733; x_wconf 90' lang='lat' dir='ltr'>aut</span> <span class='ocrx_word' id='word_1_101' title='bbox 1771 1660 1979 1733; x_wconf 80' lang='lat' dir='ltr'>oculis</span> <span class='ocrx_word' id='word_1_102' title='bbox 2021 1663 2188 1732; x_wconf 87' lang='lat' dir='ltr'>meis</span> <span class='ocrx_word' id='word_1_103' title='bbox 2229 1676 2350 1731; x_wconf 77' lang='lat' dir='ltr'>aut</span> <span class='ocrx_word' id='word_1_104' title='bbox 2397 1660 2676 1731; x_wconf 79' lang='lat' dir='ltr'>auribus</span> 
     </span>
     <span class='ocr_line' id='line_1_14' title="bbox 552 1771 2672 1871; baseline -0.002 -26"><span class='ocrx_word' id='word_1_105' title='bbox 552 1776 754 1845; x_wconf 87' lang='lat' dir='ltr'>credo</span> <span class='ocrx_word' id='word_1_106' title='bbox 790 1801 811 1863; x_wconf 89' lang='lat'>;</span> <span class='ocrx_word' id='word_1_107' title='bbox 848 1790 1051 1871; x_wconf 87' lang='lat' dir='ltr'>atque</span> <span class='ocrx_word' id='word_1_108' title='bbox 1084 1774 1449 1845; x_wconf 88' lang='lat' dir='ltr'>identidem</span> <span class='ocrx_word' id='word_1_109' title='bbox 1491 1800 1638 1861; x_wconf 92' lang='lat' dir='ltr'>me,</span> <span class='ocrx_word' id='word_1_110' title='bbox 1679 1798 1768 1842; x_wconf 85' lang='lat' dir='ltr'>an</span> <span class='ocrx_word' id='word_1_111' title='bbox 1813 1772 2174 1861; x_wconf 87' lang='lat' dir='ltr'>audierim,</span> <span class='ocrx_word' id='word_1_112' title='bbox 2217 1796 2306 1841; x_wconf 90' lang='lat' dir='ltr'>an</span> <span class='ocrx_word' id='word_1_113' title='bbox 2346 1771 2630 1841; x_wconf 70' lang='lat' dir='ltr'>viderim</span> <span class='ocrx_word' id='word_1_114' title='bbox 2649 1824 2672 1856; x_wconf 87' lang='lat'>,</span> 
     </span>
     <span class='ocr_line' id='line_1_15' title="bbox 554 1886 2672 1981; baseline -0.002 -26"><span class='ocrx_word' id='word_1_115' title='bbox 554 1888 916 1981; x_wconf 76' lang='lat' dir='ltr'>interrogo,</span> <span class='ocrx_word' id='word_1_116' title='bbox 954 1888 1327 1981; x_wconf 87' lang='lat' dir='ltr'>Imperator</span> <span class='ocrx_word' id='word_1_117' title='bbox 1366 1894 1562 1981; x_wconf 82' lang='lat' dir='ltr'>ergo,</span> <span class='ocrx_word' id='word_1_118' title='bbox 1597 1900 1666 1955; x_wconf 87' lang='lat' dir='ltr'>et</span> <span class='ocrx_word' id='word_1_119' title='bbox 1701 1886 1952 1969; x_wconf 75' lang='lat' dir='ltr'>Caesar,</span> <span class='ocrx_word' id='word_1_120' title='bbox 1983 1899 2052 1954; x_wconf 91' lang='lat' dir='ltr'>et</span> <span class='ocrx_word' id='word_1_121' title='bbox 2087 1888 2460 1978; x_wconf 72' lang='lat' dir='ltr'>AugustuS‚</span> <span class='ocrx_word' id='word_1_122' title='bbox 2503 1886 2672 1952; x_wconf 89' lang='lat' dir='ltr'>Pon-</span> 
     </span>
     <span class='ocr_line' id='line_1_16' title="bbox 554 1991 2672 2089; baseline -0.001 -26"><span class='ocrx_word' id='word_1_123' title='bbox 554 1996 725 2065; x_wconf 85' lang='lat' dir='ltr'>tifex·</span> <span class='ocrx_word' id='word_1_124' title='bbox 766 1996 1129 2081; x_wconf 88' lang='lat' dir='ltr'>maximus,</span> <span class='ocrx_word' id='word_1_125' title='bbox 1174 1996 1354 2065; x_wconf 88' lang='lat' dir='ltr'>stetit</span> <span class='ocrx_word' id='word_1_126' title='bbox 1403 2010 1566 2064; x_wconf 88' lang='lat' dir='ltr'>ante</span> <span class='ocrx_word' id='word_1_127' title='bbox 1609 1996 1934 2089; x_wconf 83' lang='lat' dir='ltr'>gremium</span> <span class='ocrx_word' id='word_1_128' title='bbox 1985 1991 2324 2063; x_wconf 78' lang='lat' dir='ltr'>consulis?</span> <span class='ocrx_word' id='word_1_129' title='bbox 2371 1994 2672 2087; x_wconf 84' lang='lat' dir='ltr'>seditque</span> 
     </span>
     <span class='ocr_line' id='line_1_17' title="bbox 553 2101 2670 2201; baseline -0.003 -25"><span class='ocrx_word' id='word_1_130' title='bbox 553 2105 785 2177; x_wconf 82' lang='lat' dir='ltr'>consul</span> <span class='ocrx_word' id='word_1_131' title='bbox 816 2106 1121 2201; x_wconf 89' lang='lat' dir='ltr'>principe</span> <span class='ocrx_word' id='word_1_132' title='bbox 1156 2121 1312 2175; x_wconf 89' lang='lat' dir='ltr'>ante</span> <span class='ocrx_word' id='word_1_133' title='bbox 1339 2128 1413 2173; x_wconf 80' lang='lat' dir='ltr'>se</span> <span class='ocrx_word' id='word_1_134' title='bbox 1441 2101 1703 2174; x_wconf 78' lang='lat' dir='ltr'>stante?</span> <span class='ocrx_word' id='word_1_135' title='bbox 1741 2118 1810 2173; x_wconf 87' lang='lat' dir='ltr'>et</span> <span class='ocrx_word' id='word_1_136' title='bbox 1836 2102 2006 2173; x_wconf 89' lang='lat' dir='ltr'>sedit</span> <span class='ocrx_word' id='word_1_137' title='bbox 2033 2104 2448 2187; x_wconf 81' lang='lat' dir='ltr'>inturbatus,</span> <span class='ocrx_word' id='word_1_138' title='bbox 2473 2102 2670 2171; x_wconf 88' lang='lat' dir='ltr'>inter-</span> 
     </span>
    </p>

    <p class='ocr_par' dir='ltr' id='par_1_5' title="bbox 484 2210 2670 2530">
     <span class='ocr_line' id='line_1_18' title="bbox 484 2210 2670 2309; baseline -0.002 -26"><span class='ocrx_word' id='word_1_139' title='bbox 484 2231 516 2283; x_wconf 83' lang='grc'>3</span> <span class='ocrx_word' id='word_1_140' title='bbox 556 2218 721 2285; x_wconf 87' lang='lat' dir='ltr'>ritus</span> <span class='ocrx_word' id='word_1_141' title='bbox 746 2268 765 2303; x_wconf 94' lang='lat'>,</span> <span class='ocrx_word' id='word_1_142' title='bbox 812 2230 880 2284; x_wconf 89' lang='lat' dir='ltr'>et</span> <span class='ocrx_word' id='word_1_143' title='bbox 928 2230 1247 2309; x_wconf 87' lang='lat' dir='ltr'>tanquam</span> <span class='ocrx_word' id='word_1_144' title='bbox 1292 2216 1385 2283; x_wconf 86' lang='lat' dir='ltr'>ita</span> <span class='ocrx_word' id='word_1_145' title='bbox 1437 2214 1585 2283; x_wconf 86' lang='lat' dir='ltr'>fieri</span> <span class='ocrx_word' id='word_1_146' title='bbox 1637 2210 1935 2283; x_wconf 82' lang='lat' dir='ltr'>soleret?</span> <span class='ocrx_word' id='word_1_147' title='bbox 1978 2214 2142 2306; x_wconf 85' lang='lat' dir='ltr'>quin</span> <span class='ocrx_word' id='word_1_148' title='bbox 2189 2211 2390 2283; x_wconf 87' lang='lat' dir='ltr'>etiam</span> <span class='ocrx_word' id='word_1_149' title='bbox 2443 2212 2670 2281; x_wconf 82' lang='lat' dir='ltr'>sedens</span> 
     </span>
     <span class='ocr_line' id='line_1_19' title="bbox 552 2322 2669 2420; baseline -0.001 -26"><span class='ocrx_word' id='word_1_150' title='bbox 552 2326 755 2395; x_wconf 87' lang='lat' dir='ltr'>stanti</span> <span class='ocrx_word' id='word_1_151' title='bbox 794 2326 1051 2420; x_wconf 62' lang='lat' dir='ltr'>praeivit</span> <span class='ocrx_word' id='word_1_152' title='bbox 1070 2324 1582 2420; x_wconf 85' lang='lat' dir='ltr'>jusjurandum,</span> <span class='ocrx_word' id='word_1_153' title='bbox 1613 2338 1682 2394; x_wconf 91' lang='lat' dir='ltr'>et</span> <span class='ocrx_word' id='word_1_154' title='bbox 1709 2322 1820 2394; x_wconf 87' lang='lat' dir='ltr'>ille</span> <span class='ocrx_word' id='word_1_155' title='bbox 1846 2324 2132 2418; x_wconf 82' lang='lat' dir='ltr'>juravit,</span> <span class='ocrx_word' id='word_1_156' title='bbox 2169 2324 2534 2418; x_wconf 78' lang='lat' dir='ltr'>expressit,</span> <span class='ocrx_word' id='word_1_157' title='bbox 2567 2349 2669 2392; x_wconf 86' lang='lat' dir='ltr'>ex-</span> 
     </span>
     <span class='ocr_line' id='line_1_20' title="bbox 552 2433 2662 2530; baseline -0.002 -26"><span class='ocrx_word' id='word_1_158' title='bbox 552 2436 979 2530; x_wconf 89' lang='lat' dir='ltr'>planavitque</span> <span class='ocrx_word' id='word_1_159' title='bbox 1010 2435 1242 2520; x_wconf 86' lang='lat' dir='ltr'>verba,</span> <span class='ocrx_word' id='word_1_160' title='bbox 1277 2435 1522 2528; x_wconf 89' lang='lat' dir='ltr'>quibus</span> <span class='ocrx_word' id='word_1_161' title='bbox 1552 2448 1756 2529; x_wconf 82' lang='lat' dir='ltr'>caput</span> <span class='ocrx_word' id='word_1_162' title='bbox 1789 2459 2016 2522; x_wconf 87' lang='lat' dir='ltr'>suum,</span> <span class='ocrx_word' id='word_1_163' title='bbox 2050 2434 2324 2503; x_wconf 87' lang='lat' dir='ltr'>domum</span> <span class='ocrx_word' id='word_1_164' title='bbox 2355 2457 2580 2517; x_wconf 81' lang='lat' dir='ltr'>suam,</span> <span class='ocrx_word' id='word_1_165' title='bbox 2613 2433 2662 2502; x_wconf 90' lang='lat' dir='ltr'>si</span> 
     </span>
    </p>
   </div>
   <div class='ocr_carea' id='block_1_3' title="bbox 552 2647 2664 2878">
    <p class='ocr_par' dir='ltr' id='par_1_6' title="bbox 552 2647 2664 2878">
     <span class='ocr_line' id='line_1_21' title="bbox 552 2647 2658 2722; baseline -0.001 -20"><span class='ocrx_word' id='word_1_166' title='bbox 552 2667 676 2704; x_wconf 86' lang='lat' dir='ltr'>men</span> <span class='ocrx_word' id='word_1_167' title='bbox 725 2650 902 2705; x_wconf 75' lang='lat' dir='ltr'>nescio</span> <span class='ocrx_word' id='word_1_168' title='bbox 940 2647 1071 2722; x_wconf 82' lang='lat' dir='ltr'>quid</span> <span class='ocrx_word' id='word_1_169' title='bbox 1116 2648 1311 2703; x_wconf 74' lang='lat' dir='ltr'>residet</span> <span class='ocrx_word' id='word_1_170' title='bbox 1350 2649 1562 2702; x_wconf 78' lang='lat' dir='ltr'>dubita-</span> <span class='ocrx_word' id='word_1_171' title='bbox 1653 2648 1728 2702; x_wconf 74' lang='lat' dir='ltr'>les</span> <span class='ocrx_word' id='word_1_172' title='bbox 1751 2647 2048 2721; x_wconf 72' lang='lat' dir='ltr'>designatos</span> <span class='ocrx_word' id='word_1_173' title='bbox 2067 2667 2224 2702; x_wconf 71' lang='lat' dir='ltr'>aeos.</span> <span class='ocrx_word' id='word_1_174' title='bbox 2245 2647 2658 2702; x_wconf 53' lang='lat' dir='ltr'>renuntiatum.</span> 
     </span>
     <span class='ocr_line' id='line_1_22' title="bbox 553 2727 2658 2796; baseline -0.001 -14"><span class='ocrx_word' id='word_1_175' title='bbox 553 2727 731 2782; x_wconf 81' lang='lat' dir='ltr'>tionis.</span> <span class='ocrx_word' id='word_1_176' title='bbox 756 2727 896 2781; x_wconf 73' lang='lat' dir='ltr'>Eu.</span> <span class='ocrx_word' id='word_1_177' title='bbox 1717 2727 2658 2796; x_wconf 70' lang='lat' dir='ltr'>3.Seamiproeiviejusjurand.soleme</span> 
     </span>
     <span class='ocr_line' id='line_1_23' title="bbox 620 2806 2664 2878; baseline -0.001 -18"><span class='ocrx_word' id='word_1_178' title='bbox 620 2809 675 2860; x_wconf 85' lang='lat'>8.</span> <span class='ocrx_word' id='word_1_179' title='bbox 696 2811 935 2878; x_wconf 70' lang='lat' dir='ltr'>Religioni</span> <span class='ocrx_word' id='word_1_180' title='bbox 948 2811 1167 2860; x_wconf 79' lang='lat' dir='ltr'>deorum.</span> <span class='ocrx_word' id='word_1_181' title='bbox 1188 2807 1263 2859; x_wconf 90' lang='lat' dir='ltr'>Ut</span> <span class='ocrx_word' id='word_1_182' title='bbox 1274 2807 1333 2860; x_wconf 83' lang='lat' dir='ltr'>in</span> <span class='ocrx_word' id='word_1_183' title='bbox 1348 2806 1502 2872; x_wconf 77' lang='lat' dir='ltr'>illum</span> <span class='ocrx_word' id='word_1_184' title='bbox 1517 2817 1571 2858; x_wconf 76' lang='lat' dir='ltr'>te</span> <span class='ocrx_word' id='word_1_185' title='bbox 1655 2807 1874 2860; x_wconf 80' lang='lat' dir='ltr'>verbum</span> <span class='ocrx_word' id='word_1_186' title='bbox 1901 2818 2016 2860; x_wconf 87' lang='lat' dir='ltr'>tum</span> <span class='ocrx_word' id='word_1_187' title='bbox 2041 2806 2158 2860; x_wconf 66' lang='lat' dir='ltr'>aliis</span> <span class='ocrx_word' id='word_1_188' title='bbox 2174 2807 2514 2877; x_wconf 72' lang='lat' dir='ltr'>scriptoribus</span> <span class='ocrx_word' id='word_1_189' title='bbox 2530 2847 2545 2871; x_wconf 95' lang='lat'>,</span> <span class='ocrx_word' id='word_1_190' title='bbox 2560 2819 2664 2858; x_wconf 82' lang='lat' dir='ltr'>nnn</span> 
     </span>
    </p>
   </div>
   <div class='ocr_carea' id='block_1_4' title="bbox 548 2884 2657 2958">
    <p class='ocr_par' dir='ltr' id='par_1_7' title="bbox 548 2884 2657 2958">
     <span class='ocr_line' id='line_1_24' title="bbox 548 2884 2657 2958; baseline 0.001 -22"><span class='ocrx_word' id='word_1_191' title='bbox 548 2884 726 2938; x_wconf 87' lang='lat' dir='ltr'>locum</span> <span class='ocrx_word' id='word_1_192' title='bbox 756 2887 1025 2940; x_wconf 79' lang='lat' dir='ltr'>conferres</span> <span class='ocrx_word' id='word_1_193' title='bbox 1045 2924 1062 2951; x_wconf 90' lang='lat'>,</span> <span class='ocrx_word' id='word_1_194' title='bbox 1091 2887 1184 2939; x_wconf 81' lang='lat' dir='ltr'>ubi</span> <span class='ocrx_word' id='word_1_195' title='bbox 1216 2885 1295 2939; x_wconf 87' lang='lat' dir='ltr'>dii</span> <span class='ocrx_word' id='word_1_196' title='bbox 1324 2885 1571 2958; x_wconf 75' lang='lat' dir='ltr'>religiose</span> <span class='ocrx_word' id='word_1_197' title='bbox 1657 2899 1839 2940; x_wconf 70' lang='lat' dir='ltr'>nostro</span> <span class='ocrx_word' id='word_1_198' title='bbox 1860 2886 2144 2956; x_wconf 65' lang='lat' dir='ltr'>pretet-tim</span> <span class='ocrx_word' id='word_1_199' title='bbox 2167 2923 2186 2950; x_wconf 85' lang='lat'><strong><em>‚</em></strong></span> <span class='ocrx_word' id='word_1_200' title='bbox 2211 2884 2358 2956; x_wconf 80' lang='lat' dir='ltr'>quod</span> <span class='ocrx_word' id='word_1_201' title='bbox 2383 2885 2548 2939; x_wconf 86' lang='lat' dir='ltr'>Index</span> <span class='ocrx_word' id='word_1_202' title='bbox 2569 2885 2657 2938; x_wconf 83' lang='lat' dir='ltr'>do-</span> 
     </span>
    </p>
   </div>
   <div class='ocr_carea' id='block_1_5' title="bbox 548 2965 1568 4146">
    <p class='ocr_par' dir='ltr' id='par_1_8' title="bbox 548 2965 1566 3182">
     <span class='ocr_line' id='line_1_25' title="bbox 550 2965 1565 3038; baseline 0.003 -21"><span class='ocrx_word' id='word_1_203' title='bbox 550 2965 679 3018; x_wconf 84' lang='lat' dir='ltr'>culti</span> <span class='ocrx_word' id='word_1_204' title='bbox 702 2977 923 3038; x_wconf 73' lang='lat' dir='ltr'>possunt</span> <span class='ocrx_word' id='word_1_205' title='bbox 944 2976 1037 3018; x_wconf 84' lang='lat' dir='ltr'>aut</span> <span class='ocrx_word' id='word_1_206' title='bbox 1060 2966 1253 3018; x_wconf 83' lang='lat' dir='ltr'>amoris</span> <span class='ocrx_word' id='word_1_207' title='bbox 1278 2965 1333 3018; x_wconf 89' lang='lat' dir='ltr'>in</span> <span class='ocrx_word' id='word_1_208' title='bbox 1369 2978 1421 3019; x_wconf 88' lang='lat' dir='ltr'>te</span> <span class='ocrx_word' id='word_1_209' title='bbox 1446 2967 1530 3018; x_wconf 72' lang='lat' dir='ltr'>sui</span> <span class='ocrx_word' id='word_1_210' title='bbox 1549 2997 1565 3022; x_wconf 70' lang='lat'><em>2</em></span> 
     </span>
     <span class='ocr_line' id='line_1_26' title="bbox 550 3045 1566 3117; baseline 0 -19"><span class='ocrx_word' id='word_1_211' title='bbox 550 3057 643 3098; x_wconf 77' lang='lat' dir='ltr'>aut</span> <span class='ocrx_word' id='word_1_212' title='bbox 696 3045 1039 3102; x_wconf 69' lang='lat' dir='ltr'>aversationis</span> <span class='ocrx_word' id='word_1_213' title='bbox 1064 3083 1081 3110; x_wconf 86' lang='lat'>,</span> <span class='ocrx_word' id='word_1_214' title='bbox 1126 3045 1566 3117; x_wconf 72' lang='lat' dir='ltr'>significationem</span> 
     </span>
     <span class='ocr_line' id='line_1_27' title="bbox 548 3125 1075 3182; baseline 0 -4"><span class='ocrx_word' id='word_1_215' title='bbox 548 3126 871 3180; x_wconf 72' lang='lat' dir='ltr'>luculentam</span> <span class='ocrx_word' id='word_1_216' title='bbox 896 3125 1075 3182; x_wconf 74' lang='lat' dir='ltr'>edere.</span> 
     </span>
    </p>

    <p class='ocr_par' dir='ltr' id='par_1_9' title="bbox 550 3202 1568 3912">
     <span class='ocr_line' id='line_1_28' title="bbox 618 3202 1568 3259; baseline -0.002 -1"><span class='ocrx_word' id='word_1_217' title='bbox 618 3206 811 3258; x_wconf 79' lang='lat' dir='ltr'><strong>LXIV.</strong></span> <span class='ocrx_word' id='word_1_218' title='bbox 857 3225 905 3256; x_wconf 83' lang='lat'>1.</span> <span class='ocrx_word' id='word_1_219' title='bbox 957 3207 1292 3259; x_wconf 76' lang='lat' dir='ltr'>Comitiomm.</span> <span class='ocrx_word' id='word_1_220' title='bbox 1342 3202 1568 3258; x_wconf 72' lang='lat' dir='ltr'>Comitia</span> 
     </span>
     <span class='ocr_line' id='line_1_29' title="bbox 550 3285 1564 3350; baseline -0.008 -10"><span class='ocrx_word' id='word_1_221' title='bbox 550 3285 715 3340; x_wconf 77' lang='lat' dir='ltr'>calata</span> <span class='ocrx_word' id='word_1_222' title='bbox 730 3323 747 3350; x_wconf 90' lang='lat'>,</span> <span class='ocrx_word' id='word_1_223' title='bbox 770 3285 1057 3338; x_wconf 78' lang='lat' dir='ltr'>centuriata</span> <span class='ocrx_word' id='word_1_224' title='bbox 1076 3285 1297 3348; x_wconf 76' lang='lat' dir='ltr'>‚tributa</span> <span class='ocrx_word' id='word_1_225' title='bbox 1312 3320 1329 3347; x_wconf 90' lang='lat'>,</span> <span class='ocrx_word' id='word_1_226' title='bbox 1342 3285 1564 3338; x_wconf 81' lang='lat' dir='ltr'>curiata.</span> 
     </span>
     <span class='ocr_line' id='line_1_30' title="bbox 550 3363 1567 3437; baseline -0.004 -19"><span class='ocrx_word' id='word_1_227' title='bbox 550 3367 729 3430; x_wconf 86' lang='lat' dir='ltr'>Quum</span> <span class='ocrx_word' id='word_1_228' title='bbox 751 3384 813 3418; x_wconf 85' lang='lat' dir='ltr'>ex</span> <span class='ocrx_word' id='word_1_229' title='bbox 826 3364 1105 3437; x_wconf 78' lang='lat' dir='ltr'>generibus</span> <span class='ocrx_word' id='word_1_230' title='bbox 1120 3363 1359 3419; x_wconf 87' lang='lat' dir='ltr'>omnium</span> <span class='ocrx_word' id='word_1_231' title='bbox 1374 3363 1567 3415; x_wconf 77' lang='lat' dir='ltr'>suffra·</span> 
     </span>
     <span class='ocr_line' id='line_1_31' title="bbox 550 3440 1566 3515; baseline -0.002 -18"><span class='ocrx_word' id='word_1_232' title='bbox 550 3440 695 3515; x_wconf 81' lang='lat' dir='ltr'>gium</span> <span class='ocrx_word' id='word_1_233' title='bbox 722 3445 887 3497; x_wconf 79' lang='lat' dir='ltr'>fertur</span> <span class='ocrx_word' id='word_1_234' title='bbox 909 3481 926 3508; x_wconf 90' lang='lat'>,</span> <span class='ocrx_word' id='word_1_235' title='bbox 956 3447 1179 3502; x_wconf 73' lang='lat' dir='ltr'>curiata.</span> <span class='ocrx_word' id='word_1_236' title='bbox 1206 3440 1261 3493; x_wconf 85' lang='lat' dir='ltr'>id</span> <span class='ocrx_word' id='word_1_237' title='bbox 1282 3453 1361 3494; x_wconf 75' lang='lat' dir='ltr'>est</span> <span class='ocrx_word' id='word_1_238' title='bbox 1380 3477 1398 3506; x_wconf 82' lang='lat'>‚</span> <span class='ocrx_word' id='word_1_239' title='bbox 1431 3443 1566 3498; x_wconf 73' lang='grc' dir='ltr'>κατὰ</span> 
     </span>
     <span class='ocr_line' id='line_1_32' title="bbox 550 3527 1567 3596; baseline -0.006 -18"><span class='ocrx_word' id='word_1_240' title='bbox 550 3529 719 3596; x_wconf 75' lang='grc' dir='ltr'><strong>φύλοις.</strong></span> <span class='ocrx_word' id='word_1_241' title='bbox 750 3527 1033 3576; x_wconf 72' lang='lat' dir='ltr'>Centuriam</span> <span class='ocrx_word' id='word_1_242' title='bbox 1050 3539 1213 3595; x_wconf 85' lang='lat' dir='ltr'>quum</span> <span class='ocrx_word' id='word_1_243' title='bbox 1236 3539 1300 3573; x_wconf 80' lang='lat' dir='ltr'>ex</span> <span class='ocrx_word' id='word_1_244' title='bbox 1325 3538 1489 3576; x_wconf 81' lang='lat' dir='ltr'>censu</span> <span class='ocrx_word' id='word_1_245' title='bbox 1513 3532 1567 3572; x_wconf 81' lang='lat' dir='ltr'>et</span> 
     </span>
     <span class='ocr_line' id='line_1_33' title="bbox 551 3599 1564 3673; baseline -0.003 -19"><span class='ocrx_word' id='word_1_246' title='bbox 551 3615 733 3668; x_wconf 78' lang='lat' dir='ltr'>aetate3</span> <span class='ocrx_word' id='word_1_247' title='bbox 760 3621 924 3673; x_wconf 85' lang='lat' dir='ltr'>quum</span> <span class='ocrx_word' id='word_1_248' title='bbox 946 3621 1006 3655; x_wconf 87' lang='lat' dir='ltr'>ex</span> <span class='ocrx_word' id='word_1_249' title='bbox 1018 3600 1319 3672; x_wconf 82' lang='lat' dir='ltr'>regionibus</span> <span class='ocrx_word' id='word_1_250' title='bbox 1336 3609 1389 3652; x_wconf 90' lang='lat' dir='ltr'>et</span> <span class='ocrx_word' id='word_1_251' title='bbox 1400 3599 1530 3655; x_wconf 85' lang='lat' dir='ltr'>locis</span> <span class='ocrx_word' id='word_1_252' title='bbox 1547 3637 1564 3662; x_wconf 84' lang='lat'>‚</span> 
     </span>
     <span class='ocr_line' id='line_1_34' title="bbox 550 3677 1568 3734; baseline -0.002 0"><span class='ocrx_word' id='word_1_253' title='bbox 550 3683 764 3734; x_wconf 80' lang='lat' dir='ltr'>tributa.</span> <span class='ocrx_word' id='word_1_254' title='bbox 778 3681 861 3734; x_wconf 82' lang='lat' dir='ltr'>En</span> <span class='ocrx_word' id='word_1_255' title='bbox 874 3685 1296 3732; x_wconf 73' lang='lat' dir='ltr'>.—Commoverae.</span> <span class='ocrx_word' id='word_1_256' title='bbox 1306 3677 1387 3731; x_wconf 79' lang='lat' dir='ltr'>Ad</span> <span class='ocrx_word' id='word_1_257' title='bbox 1405 3677 1568 3732; x_wconf 73' lang='lat' dir='ltr'>disce-</span> 
     </span>
     <span class='ocr_line' id='line_1_35' title="bbox 554 3759 1568 3832; baseline -0.006 -16"><span class='ocrx_word' id='word_1_258' title='bbox 554 3759 785 3816; x_wconf 85' lang='lat' dir='ltr'>dendum</span> <span class='ocrx_word' id='word_1_259' title='bbox 808 3796 825 3823; x_wconf 84' lang='lat'>,</span> <span class='ocrx_word' id='word_1_260' title='bbox 859 3779 975 3832; x_wconf 69' lang='lat' dir='ltr'>quae</span> <span class='ocrx_word' id='word_1_261' title='bbox 1010 3770 1215 3830; x_wconf 85' lang='lat' dir='ltr'>putaret</span> <span class='ocrx_word' id='word_1_262' title='bbox 1234 3799 1249 3824; x_wconf 90' lang='lat'>,</span> <span class='ocrx_word' id='word_1_263' title='bbox 1287 3776 1454 3830; x_wconf 88' lang='lat' dir='ltr'>quum</span> <span class='ocrx_word' id='word_1_264' title='bbox 1493 3776 1568 3810; x_wconf 72' lang='lat' dir='ltr'>et-</span> 
     </span>
     <span class='ocr_line' id='line_1_36' title="bbox 553 3837 1405 3912; baseline -0.006 -18"><span class='ocrx_word' id='word_1_265' title='bbox 553 3853 669 3894; x_wconf 76' lang='lat' dir='ltr'>sent</span> <span class='ocrx_word' id='word_1_266' title='bbox 694 3851 948 3897; x_wconf 75' lang='lat' dir='ltr'>transacta</span> <span class='ocrx_word' id='word_1_267' title='bbox 973 3843 1086 3912; x_wconf 86' lang='lat' dir='ltr'>jam</span> <span class='ocrx_word' id='word_1_268' title='bbox 1110 3839 1309 3892; x_wconf 83' lang='lat' dir='ltr'>omnia.</span> <span class='ocrx_word' id='word_1_269' title='bbox 1336 3837 1405 3890; x_wconf 89' lang='lat' dir='ltr'>G.</span> 
     </span>
    </p>

    <p class='ocr_par' dir='ltr' id='par_1_10' title="bbox 552 3917 1566 4146">
     <span class='ocr_line' id='line_1_37' title="bbox 628 3917 1566 3987; baseline -0.005 -15"><span class='ocrx_word' id='word_1_270' title='bbox 628 3939 677 3972; x_wconf 78' lang='lat' dir='ltr'>a.</span> <span class='ocrx_word' id='word_1_271' title='bbox 698 3922 926 3987; x_wconf 65' lang='lat' dir='ltr'>pontifi-a:</span> <span class='ocrx_word' id='word_1_272' title='bbox 960 3923 1219 3972; x_wconf 71' lang='lat' dir='ltr'>maa-imm.</span> <span class='ocrx_word' id='word_1_273' title='bbox 1252 3917 1335 3969; x_wconf 80' lang='lat' dir='ltr'>Al.</span> <span class='ocrx_word' id='word_1_274' title='bbox 1360 3933 1408 3968; x_wconf 76' lang='lat' dir='ltr'>et</span> <span class='ocrx_word' id='word_1_275' title='bbox 1435 3923 1566 3968; x_wconf 81' lang='lat' dir='ltr'>Pon-</span> 
     </span>
     <span class='ocr_line' id='line_1_38' title="bbox 553 3997 1565 4068; baseline -0.005 -17"><span class='ocrx_word' id='word_1_276' title='bbox 553 4002 678 4068; x_wconf 65' lang='grc' dir='ltr'>ις’[ὲω</span> <span class='ocrx_word' id='word_1_277' title='bbox 698 4002 941 4054; x_wconf 73' lang='lat' dir='ltr'>maa-imus</span> <span class='ocrx_word' id='word_1_278' title='bbox 961 4035 978 4060; x_wconf 87' lang='lat'>,</span> <span class='ocrx_word' id='word_1_279' title='bbox 1000 3997 1153 4049; x_wconf 84' lang='lat' dir='ltr'>bene.</span> <span class='ocrx_word' id='word_1_280' title='bbox 1176 3997 1436 4050; x_wconf 75' lang='lat' dir='ltr'>S.—-Sedic</span> <span class='ocrx_word' id='word_1_281' title='bbox 1453 4015 1565 4047; x_wconf 78' lang='lat' dir='ltr'>con-</span> 
     </span>
     <span class='ocr_line' id='line_1_39' title="bbox 552 4077 1566 4146; baseline 0 -16"><span class='ocrx_word' id='word_1_282' title='bbox 552 4085 641 4132; x_wconf 78' lang='lat' dir='ltr'><em>sul.</em></span> <span class='ocrx_word' id='word_1_283' title='bbox 656 4079 773 4132; x_wconf 74' lang='lat' dir='ltr'>Mos</span> <span class='ocrx_word' id='word_1_284' title='bbox 786 4079 959 4132; x_wconf 66' lang='lat' dir='ltr'>Rome</span> <span class='ocrx_word' id='word_1_285' title='bbox 970 4077 1231 4146; x_wconf 67' lang='lat' dir='ltr'>sequentis</span> <span class='ocrx_word' id='word_1_286' title='bbox 1244 4077 1367 4132; x_wconf 66' lang='lat' dir='ltr'>amni</span> <span class='ocrx_word' id='word_1_287' title='bbox 1380 4095 1566 4130; x_wconf 81' lang='lat' dir='ltr'>oonsu-</span> 
     </span>
    </p>
   </div>
   <div class='ocr_carea' id='block_1_6' title="bbox 1649 2963 2658 4140">
    <p class='ocr_par' dir='ltr' id='par_1_11' title="bbox 1649 2963 2658 3970">
     <span class='ocr_line' id='line_1_40' title="bbox 1659 2963 2657 3037; baseline -0.003 -19"><span class='ocrx_word' id='word_1_288' title='bbox 1659 2976 1761 3018; x_wconf 84' lang='lat' dir='ltr'>cet.</span> <span class='ocrx_word' id='word_1_289' title='bbox 1781 2965 1990 3020; x_wconf 87' lang='lat' dir='ltr'>Scilicet</span> <span class='ocrx_word' id='word_1_290' title='bbox 2007 2963 2278 3018; x_wconf 80' lang='lat' dir='ltr'>adeomihi</span> <span class='ocrx_word' id='word_1_291' title='bbox 2297 2963 2512 3037; x_wconf 65' lang='lat' dir='ltr'>liquida</span> <span class='ocrx_word' id='word_1_292' title='bbox 2526 2963 2657 3018; x_wconf 79' lang='lat' dir='ltr'>vide-</span> 
     </span>
     <span class='ocr_line' id='line_1_41' title="bbox 1651 3045 2656 3116; baseline -0.003 -18"><span class='ocrx_word' id='word_1_293' title='bbox 1651 3045 2082 3098; x_wconf 74' lang='lat' dir='ltr'>bantur-rationes</span> <span class='ocrx_word' id='word_1_294' title='bbox 2095 3045 2125 3096; x_wconf 80' lang='lat' dir='ltr'>J</span> <span class='ocrx_word' id='word_1_295' title='bbox 2131 3085 2145 3099; x_wconf 90' lang='lat'><strong>.</strong></span> <span class='ocrx_word' id='word_1_296' title='bbox 2156 3045 2218 3097; x_wconf 81' lang='lat' dir='ltr'>F.</span> <span class='ocrx_word' id='word_1_297' title='bbox 2231 3045 2468 3098; x_wconf 79' lang='lat' dir='ltr'>Gronov.</span> <span class='ocrx_word' id='word_1_298' title='bbox 2479 3045 2656 3116; x_wconf 80' lang='lat' dir='ltr'>quibus</span> 
     </span>
     <span class='ocr_line' id='line_1_42' title="bbox 1649 3125 2658 3196; baseline 0.001 -19"><span class='ocrx_word' id='word_1_299' title='bbox 1649 3125 1784 3178; x_wconf 81' lang='lat' dir='ltr'>Ohs.</span> <span class='ocrx_word' id='word_1_300' title='bbox 1815 3125 1917 3188; x_wconf 82' lang='lat' dir='ltr'>IV,</span> <span class='ocrx_word' id='word_1_301' title='bbox 1943 3127 2023 3177; x_wconf 87' lang='lat'>16.</span> <span class='ocrx_word' id='word_1_302' title='bbox 2050 3143 2106 3196; x_wconf 90' lang='lat' dir='ltr'>p.</span> <span class='ocrx_word' id='word_1_303' title='bbox 2139 3129 2262 3188; x_wconf 76' lang='lat'>261,</span> <span class='ocrx_word' id='word_1_304' title='bbox 2281 3143 2400 3196; x_wconf 71' lang='lat' dir='ltr'>sqq.</span> <span class='ocrx_word' id='word_1_305' title='bbox 2423 3125 2496 3178; x_wconf 76' lang='lat' dir='ltr'>ita</span> <span class='ocrx_word' id='word_1_306' title='bbox 2526 3125 2658 3178; x_wconf 85' lang='lat' dir='ltr'>hunc</span> 
     </span>
     <span class='ocr_line' id='line_1_43' title="bbox 1651 3201 2655 3267; baseline -0.002 -10"><span class='ocrx_word' id='word_1_307' title='bbox 1651 3203 1826 3257; x_wconf 86' lang='lat' dir='ltr'>locum</span> <span class='ocrx_word' id='word_1_308' title='bbox 1843 3241 1859 3267; x_wconf 87' lang='lat'>‚</span> <span class='ocrx_word' id='word_1_309' title='bbox 1880 3204 1957 3256; x_wconf 79' lang='lat' dir='ltr'>uti</span> <span class='ocrx_word' id='word_1_310' title='bbox 1975 3201 2222 3258; x_wconf 81' lang='lat' dir='ltr'>dedimus</span> <span class='ocrx_word' id='word_1_311' title='bbox 2243 3241 2260 3266; x_wconf 81' lang='lat'>,</span> <span class='ocrx_word' id='word_1_312' title='bbox 2283 3203 2553 3258; x_wconf 73' lang='lat' dir='ltr'>constituit</span> <span class='ocrx_word' id='word_1_313' title='bbox 2571 3242 2586 3264; x_wconf 87' lang='lat'>,</span> <span class='ocrx_word' id='word_1_314' title='bbox 2605 3217 2655 3256; x_wconf 86' lang='lat' dir='ltr'>ut</span> 
     </span>
     <span class='ocr_line' id='line_1_44' title="bbox 1651 3281 2654 3355; baseline -0.001 -19"><span class='ocrx_word' id='word_1_315' title='bbox 1651 3283 1780 3336; x_wconf 83' lang='lat' dir='ltr'>dare</span> <span class='ocrx_word' id='word_1_316' title='bbox 1797 3281 1972 3336; x_wconf 84' lang='lat' dir='ltr'>locum</span> <span class='ocrx_word' id='word_1_317' title='bbox 1991 3283 2094 3335; x_wconf 83' lang='lat' dir='ltr'>illis</span> <span class='ocrx_word' id='word_1_318' title='bbox 2105 3283 2256 3354; x_wconf 83' lang='lat' dir='ltr'>quasi</span> <span class='ocrx_word' id='word_1_319' title='bbox 2274 3301 2510 3355; x_wconf 79' lang='lat' dir='ltr'>cogerer.</span> <span class='ocrx_word' id='word_1_320' title='bbox 2531 3283 2654 3336; x_wconf 71' lang='lat' dir='ltr'>Effe-</span> 
     </span>
     <span class='ocr_line' id='line_1_45' title="bbox 1653 3362 2654 3429; baseline -0.003 -11"><span class='ocrx_word' id='word_1_321' title='bbox 1653 3363 1726 3418; x_wconf 86' lang='lat' dir='ltr'>cit</span> <span class='ocrx_word' id='word_1_322' title='bbox 1743 3375 1919 3415; x_wconf 81' lang='lat' dir='ltr'>tamen</span> <span class='ocrx_word' id='word_1_323' title='bbox 1946 3362 2015 3414; x_wconf 86' lang='lat' dir='ltr'>cl.</span> <span class='ocrx_word' id='word_1_324' title='bbox 2037 3362 2359 3416; x_wconf 72' lang='lat' dir='ltr'>schwarzim</span> <span class='ocrx_word' id='word_1_325' title='bbox 2374 3403 2389 3429; x_wconf 92' lang='lat'>,</span> <span class='ocrx_word' id='word_1_326' title='bbox 2409 3363 2486 3414; x_wconf 83' lang='lat' dir='ltr'>uti</span> <span class='ocrx_word' id='word_1_327' title='bbox 2505 3363 2654 3415; x_wconf 69' lang='lat' dir='ltr'>altera</span> 
     </span>
     <span class='ocr_line' id='line_1_46' title="bbox 1650 3442 2646 3510; baseline -0.004 -15"><span class='ocrx_word' id='word_1_328' title='bbox 1650 3442 1806 3496; x_wconf 82' lang='lat' dir='ltr'>lectio</span> <span class='ocrx_word' id='word_1_329' title='bbox 1833 3481 1850 3507; x_wconf 85' lang='lat'>‚</span> <span class='ocrx_word' id='word_1_330' title='bbox 1871 3445 2040 3492; x_wconf 76' lang='lat' dir='ltr'>sedens</span> <span class='ocrx_word' id='word_1_331' title='bbox 2057 3445 2275 3508; x_wconf 75' lang='lat' dir='ltr'>pra-buit</span> <span class='ocrx_word' id='word_1_332' title='bbox 2287 3445 2646 3510; x_wconf 67' lang='lat' dir='ltr'>jusjurandum,</span> 
     </span>
     <span class='ocr_line' id='line_1_47' title="bbox 1653 3519 2650 3588; baseline -0.003 -15"><span class='ocrx_word' id='word_1_333' title='bbox 1653 3520 1936 3575; x_wconf 73' lang='lat' dir='ltr'>tolerabilis</span> <span class='ocrx_word' id='word_1_334' title='bbox 1961 3519 2218 3574; x_wconf 83' lang='lat' dir='ltr'>videatur.</span> <span class='ocrx_word' id='word_1_335' title='bbox 2253 3521 2512 3573; x_wconf 83' lang='lat' dir='ltr'>Nimirum</span> <span class='ocrx_word' id='word_1_336' title='bbox 2537 3541 2650 3588; x_wconf 54' lang='lat' dir='ltr'>pm»</span> 
     </span>
     <span class='ocr_line' id='line_1_48' title="bbox 1651 3597 2650 3670; baseline -0.004 -16"><span class='ocrx_word' id='word_1_337' title='bbox 1651 3603 2116 3670; x_wconf 74' lang='lat' dir='ltr'>berejusjurandeem</span> <span class='ocrx_word' id='word_1_338' title='bbox 2129 3599 2270 3652; x_wconf 86' lang='lat' dir='ltr'>idem</span> <span class='ocrx_word' id='word_1_339' title='bbox 2289 3601 2362 3652; x_wconf 78' lang='lat' dir='ltr'>ait</span> <span class='ocrx_word' id='word_1_340' title='bbox 2373 3597 2650 3670; x_wconf 73' lang='lat' dir='ltr'>significare</span> 
     </span>
     <span class='ocr_line' id='line_1_49' title="bbox 1652 3678 2644 3752; baseline -0.003 -19"><span class='ocrx_word' id='word_1_341' title='bbox 1652 3699 1806 3752; x_wconf 80' lang='lat' dir='ltr'>posse</span> <span class='ocrx_word' id='word_1_342' title='bbox 1826 3678 1974 3750; x_wconf 86' lang='lat' dir='ltr'>quod</span> <span class='ocrx_word' id='word_1_343' title='bbox 1983 3682 2189 3748; x_wconf 64' lang='lat' dir='ltr'>pavire.-</span> <span class='ocrx_word' id='word_1_344' title='bbox 2202 3697 2364 3750; x_wconf 87' lang='lat' dir='ltr'>quum</span> <span class='ocrx_word' id='word_1_345' title='bbox 2383 3679 2494 3731; x_wconf 89' lang='lat' dir='ltr'>Cic.</span> <span class='ocrx_word' id='word_1_346' title='bbox 2511 3678 2644 3730; x_wconf 85' lang='lat' dir='ltr'>Verr.</span> 
     </span>
     <span class='ocr_line' id='line_1_50' title="bbox 1653 3755 2646 3827; baseline -0.003 -17"><span class='ocrx_word' id='word_1_347' title='bbox 1653 3759 1704 3810; x_wconf 84' lang='lat' dir='ltr'>V</span> <span class='ocrx_word' id='word_1_348' title='bbox 1719 3798 1735 3820; x_wconf 89' lang='lat'><em>‚</em></span> <span class='ocrx_word' id='word_1_349' title='bbox 1761 3759 1824 3813; x_wconf 71' lang='lat'>5²</span> <span class='ocrx_word' id='word_1_350' title='bbox 1852 3797 1867 3822; x_wconf 88' lang='lat'>,</span> <span class='ocrx_word' id='word_1_351' title='bbox 1891 3762 2115 3826; x_wconf 67' lang='lat' dir='ltr'>exenvpla</span> <span class='ocrx_word' id='word_1_352' title='bbox 2131 3762 2352 3827; x_wconf 78' lang='lat' dir='ltr'>proebere</span> <span class='ocrx_word' id='word_1_353' title='bbox 2381 3755 2558 3809; x_wconf 79' lang='lat' dir='ltr'>dixerit</span> <span class='ocrx_word' id='word_1_354' title='bbox 2571 3795 2584 3820; x_wconf 86' lang='lat'>,</span> <span class='ocrx_word' id='word_1_355' title='bbox 2604 3767 2646 3807; x_wconf 78' lang='lat' dir='ltr'>et</span> 
     </span>
     <span class='ocr_line' id='line_1_51' title="bbox 1651 3835 2644 3904; baseline -0.005 -13"><span class='ocrx_word' id='word_1_356' title='bbox 1651 3837 1812 3891; x_wconf 79' lang='lat' dir='ltr'>Ovid.</span> <span class='ocrx_word' id='word_1_357' title='bbox 1832 3841 1946 3893; x_wconf 79' lang='lat' dir='ltr'>Art.</span> <span class='ocrx_word' id='word_1_358' title='bbox 1966 3839 1992 3890; x_wconf 91' lang='lat'>1</span> <span class='ocrx_word' id='word_1_359' title='bbox 2007 3875 2024 3900; x_wconf 89' lang='lat'><strong><em>‚</em></strong></span> <span class='ocrx_word' id='word_1_360' title='bbox 2053 3855 2071 3890; x_wconf 85' lang='grc' dir='ltr'>ι</span> <span class='ocrx_word' id='word_1_361' title='bbox 2087 3857 2146 3890; x_wconf 78' lang='lat'>12</span> <span class='ocrx_word' id='word_1_362' title='bbox 2163 3875 2180 3901; x_wconf 86' lang='lat'>‚</span> <span class='ocrx_word' id='word_1_363' title='bbox 2196 3836 2265 3889; x_wconf 86' lang='lat' dir='ltr'>de</span> <span class='ocrx_word' id='word_1_364' title='bbox 2285 3835 2644 3904; x_wconf 56' lang='lat' dir='ltr'>tibicine-‚pm-</span> 
     </span>
     <span class='ocr_line' id='line_1_52' title="bbox 1654 3917 2640 3970; baseline -0.006 0"><span class='ocrx_word' id='word_1_365' title='bbox 1654 3924 1763 3970; x_wconf 77' lang='lat' dir='ltr'>bem</span> <span class='ocrx_word' id='word_1_366' title='bbox 1817 3921 2015 3970; x_wconf 72' lang='lat' dir='ltr'>nandum</span> <span class='ocrx_word' id='word_1_367' title='bbox 2063 3920 2367 3968; x_wconf 73' lang='lat' dir='ltr'>saltantibus.</span> <span class='ocrx_word' id='word_1_368' title='bbox 2409 3917 2640 3968; x_wconf 65' lang='lat' dir='ltr'>Ceterum</span> 
     </span>
    </p>

    <p class='ocr_par' dir='ltr' id='par_1_12' title="bbox 1651 3993 2637 4066">
     <span class='ocr_line' id='line_1_53' title="bbox 1651 3993 2637 4066; baseline -0.006 -16"><span class='ocrx_word' id='word_1_369' title='bbox 1651 4001 1816 4050; x_wconf 70' lang='lat' dir='ltr'>sedens</span> <span class='ocrx_word' id='word_1_370' title='bbox 1845 4000 2040 4064; x_wconf 72' lang='lat' dir='ltr'>pra-ivit</span> <span class='ocrx_word' id='word_1_371' title='bbox 2061 3999 2408 4066; x_wconf 77' lang='lat' dir='ltr'>jusjurandum</span> <span class='ocrx_word' id='word_1_372' title='bbox 2419 4034 2436 4054; x_wconf 89' lang='lat'>,</span> <span class='ocrx_word' id='word_1_373' title='bbox 2470 3993 2637 4046; x_wconf 74' lang='lat' dir='ltr'>omissa</span> 
     </span>
    </p>

    <p class='ocr_par' dir='ltr' id='par_1_13' title="bbox 1651 4074 2577 4140">
     <span class='ocr_line' id='line_1_54' title="bbox 1651 4074 2577 4140; baseline -0.006 -10"><span class='ocrx_word' id='word_1_374' title='bbox 1651 4095 1784 4131; x_wconf 77' lang='lat' dir='ltr'>voce</span> <span class='ocrx_word' id='word_1_375' title='bbox 1807 4081 1987 4140; x_wconf 71' lang='lat' dir='ltr'>stanti,</span> <span class='ocrx_word' id='word_1_376' title='bbox 2007 4076 2151 4130; x_wconf 83' lang='lat' dir='ltr'>dedit</span> <span class='ocrx_word' id='word_1_377' title='bbox 2170 4074 2499 4128; x_wconf 70' lang='lat' dir='ltr'>Amtzenius.</span> <span class='ocrx_word' id='word_1_378' title='bbox 2518 4075 2577 4126; x_wconf 92' lang='lat' dir='ltr'>G.</span> 
     </span>
    </p>
   </div>
  </div>
 </body>
</html>
