2857 4690
813 338 1357 413 EPISTOLA
1404 339 1787 413 xxvm.
2239 339 2368 436 137

220 465 615 562 Bithyniam
668 465 934 535 intravi.
980 467 1139 536 Non
1180 491 1457 561 possum
1507 480 1734 534 tamen
1775 463 1857 532 de
1903 487 2091 532 mora
2141 465 2372 557 queri,

218 599 443 669 quum
490 575 655 644 mihi
690 576 1077 670 contigerit,
1098 577 1293 672 quod
1324 591 1470 646 erat
1507 575 2142 670 auspicatissimum,
2183 590 2374 644 nata-

218 681 355 754 lem
393 700 591 755 tuum
629 687 703 754 in
738 687 1085 780 provincia
1120 685 1478 756 celebrare.
1516 688 1718 757 Nunc
1753 685 1850 753 rei
1889 683 2172 779 publicae
2206 687 2372 754 Pru-

217 798 529 866 sensium
578 795 951 891 impendia,
1000 796 1287 887 redituS‚
1337 796 1672 866 debitores
1718 797 2026 866 excutio:
2066 795 2248 892 quod
2291 821 2374 866 ex

219 907 375 1001 ipso
416 922 639 977 tractu
668 907 879 1002 magis
922 931 1001 978 ac
1036 907 1249 1003 magis
1284 907 1732 977 necessarium
1770 905 2096 1001 intelligo,
2136 906 2372 978 Multae

218 1017 414 1085 enim
444 1020 749 1112 pecuniae
773 1019 974 1088 variis
1004 1043 1087 1087 ex
1116 1019 1363 1088 caussis
1388 1041 1430 1087 a
1457 1017 1736 1113 privatis
1764 1016 2150 1088 detinentur
2171 1043 2370 1113 :prae-

219 1139 415 1196 terea
476 1125 779 1222 quaedam
839 1127 1115 1196 minime
1168 1125 1482 1223 legitimis
1541 1127 1917 1223 sumptibus
1977 1144 2363 1224 erogantur.

220 1239 391 1306 Haec
424 1236 589 1325 tibi,
630 1238 958 1324 Domine,
992 1238 1062 1306 in
1090 1239 1237 1333 ipso
1270 1239 1576 1334 ingressu
1613 1262 1767 1308 meo
1801 1240 2058 1333 scripsi.
2103 1239 2368 1328 Quinto
2403 1243 2436 1300 4

222 1346 491 1418 decimo
542 1347 815 1418 calend.
860 1348 1225 1437 Octobres»,
1265 1349 1598 1436 Domine,
1635 1349 2050 1443 provinciam
2085 1350 2368 1436 intravi,

224 1483 432 1554 quam
472 1459 545 1528 in
580 1483 661 1528 eo
697 1458 1049 1554 obsequio,
1078 1459 1149 1528 in
1179 1483 1257 1528 ea
1286 1483 1444 1554 erga
1481 1473 1548 1529 te
1587 1457 1744 1544 fide,
1776 1485 1976 1555 quam
2014 1459 2098 1530 de
2125 1465 2368 1556 genere

222 1569 533 1641 humano
565 1571 841 1640 mereris
858 1624 878 1656 ‚
920 1571 1167 1642 inveni.
1211 1571 1488 1665 Dispice
1508 1622 1529 1659 ‚
1569 1571 1862 1641 Domine
1885 1626 1904 1660 ‚
1941 1595 2028 1641 an
2063 1597 2364 1642 necessa·
2406 1575 2436 1630 5

226 1681 407 1751 rium
452 1685 685 1777 putes,
720 1684 985 1752 mittere
1030 1683 1167 1752 huc
1203 1707 1599 1752 mensorem.
1640 1680 1978 1752 Videntur
2007 1684 2186 1752 enim
2225 1704 2368 1753 non

230 1791 599 1862 mediocres
634 1793 929 1888 pecuniae
962 1817 1153 1888 posse
1189 1793 1486 1862 revocari
1523 1818 1564 1861 a
1597 1793 2018 1862 curatoribus
2054 1819 2370 1888 operum,

230 1981 393 2038 literis
396 1983 716 2076 rescripsit,
742 1995 990 2057 apparet,
1010 1983 1252 2038 hocloco
1310 2023 1315 2030 .

230 2059 409 2116 diem·
392 2081 665 2136 ingressus
690 2063 749 2116 in
772 2062 1099 2134 provinciam
1120 2061 1255 2115 indi·

232 2143 599 2196 utmnfnisse.
608 2143 646 2197 S
650 2140 1251 2214 .--A.liqnantotardius,

233 2219 291 2274 id
316 2235 423 2286 est,
454 2227 571 2275 XV.
602 2227 815 2276 Kalend.
850 2222 1031 2274 Octobr
1002 2243 1043 2274 r.
1072 2219 1255 2294 Bithy-

232 2300 369 2356 nism
394 2301 617 2357 intravi.
636 2302 719 2356 An
750 2302 867 2369 ills,
899 2301 958 2357 id
993 2313 1071 2355 est
1084 2337 1242 2369 .....

238 2384 463 2435 Octobres
492 2393 618 2437 sunt
638 2400 669 2435 e
686 2383 860 2455 glossa
878 2420 893 2447 ,
912 2380 1093 2437 addita
1112 2399 1141 2434 e
1168 2399 1251 2434 se-

234 2463 519 2533 quentibns
531 2474 729 2516 temere
739 2462 763 2514 Ρ
772 2463 883 2518 Cur
892 2462 1035 2517 enim
1047 2460 1255 2515 dicatur

234 2538 315 2595 bis
337 2541 525 2597 endem
548 2541 666 2597 res?
684 2543 846 2596 Mox:
869 2545 1041 2611 quinto
1062 2544 1250 2593 decitno

236 2621 1213 2692 101.0ee.pmoinc.intmvi‚etc.Eu..

320 2702 373 2757 3.
420 2708 603 2757 Prusa.
644 2704 789 2755 Duas
831 2702 993 2773 hujus
1028 2698 1255 2755 nominis

236 2780 389 2835 urbes
418 2781 671 2855 Bithynia
698 2780 915 2844 habuit,
943 2787 1151 2832 Pru-sam
1184 2776 1256 2833 ad

236 2858 525 2933 Olympum
537 2901 555 2928 ,
600 2873 655 2915 et
680 2868 889 2913 Prusam
932 2862 1033 2914 sub
1078 2859 1257 2933 Hypio

236 2952 431 2995 monte.
452 2942 611 2995 Nunc
626 2942 773 3013 prior
788 2939 1135 3013 intelligenda
1156 2950 1253 2994 est.

236 3020 336 3073 En.
350 3050 424 3063 —
442 3026 640 3073 mm.
661 3021 819 3074 Forte
844 3035 1088 3081 traceam,
1110 3016 1256 3092 quod

234 3116 295 3151 ex
308 3117 409 3153 con
407 3101 618 3172 jectum
630 3099 1045 3153 Rittershusiana
1058 3116 1257 3153 assum·

234 3178 337 3251 psit
369 3179 605 3233 Curtius.
636 3178 788 3232 G.—
806 3177 1099 3251 Assumpsit
1130 3178 1255 3231 item

234 3254 656 3331 Giaigimffid.
683 3260 714 3312 J
721 3299 734 3312 .
767 3259 831 3311 A.
854 3258 1157 3313 Ernestium
1185 3257 1257 3312 ad

300 3416 543 3485 —Quod
552 3417 655 3473 isto
668 3433 828 3470 tractu
836 3403 1007 3489 magis
1014 3435 1077 3473 sc
1089 3418 1255 3490 magis

240 3496 591 3551 necessarium
633 3497 885 3571 intelligo.
910 3498 1125 3569 Semper
1154 3517 1255 3571 pro

240 3596 403 3707 vsi„
430 3576 1255 3710 ιᾞῗξξῖοῗᾲῖῗωὲἱῒῗζ

238 3731 399 3788 bium
422 3745 477 3787 et
498 3749 667 3787 tractu
690 3734 847 3789 tueri.
870 3736 992 3790 Non
1014 3736 1149 3790 bene
1172 3736 1255 3789 fa·

244 3809 401 3865 ciunt.
430 3816 666 3865 &tiones
692 3832 801 3865 non
821 3812 1071 3869 dicuntur
1092 3818 1253 3877 trahi,

240 3886 323 3941 sed
335 3889 677 3952 tractat-inid.
695 3910 781 3963 ep.
801 3894 885 3947 28.
900 3894 1075 3948 Probo
1089 3894 1256 3949 Cottii

236 3967 506 4037 judicium,
527 3971 625 4043 qui
645 3970 714 4025 de
734 3972 1061 4029 Rittershusii
1078 3977 1259 4046 conje-

241 4057 381 4102 cturs
404 4049 607 4121 recepit
635 4066 853 4105 traceam
868 4052 1013 4124 quod
1040 4065 1091 4107 st
1118 4053 1257 4107 infra

238 4130 477 4183 occurrit.
498 4130 641 4183 Ean.

1423 1999 1476 2056 4.
1507 1997 1629 2044 Hoec
1654 1995 1744 2044 eibi
1752 2027 1976 2044 .......
1988 1996 2162 2046 inveni.
2206 1994 2372 2048 Uncis

1348 2069 1494 2134 haec,
1514 2083 1574 2124 ut
1606 2072 1814 2143 spuria,
1841 2072 2106 2145 Gierigius
2137 2073 2370 2128 inclusit.

1348 2149 1538 2204 Laudo
1566 2151 1785 2204 factum.
1805 2151 1858 2205 S.

1422 2231 1477 2286 5.
1515 2236 1806 2285 Memorem.
1841 2234 2184 2304 AEdg‘ficiorum
2221 2230 2374 2285 intel·

1348 2308 1480 2383 lige,
1506 2309 1655 2384 quod
1693 2329 1889 2366 nomen
1929 2312 2088 2365 etism
2120 2309 2372 2385 adjicitur

1349 2390 1407 2443 in
1449 2392 1665 2445 vetustis
1703 2392 1906 2464 aliquot
1942 2392 2371 2464 inscriptionibus

1352 2471 1499 2544 apud
1529 2472 1684 2527 Grut.
1711 2492 1766 2545 p.
1793 2474 1919 2538 623,
1948 2474 1988 2526 f.
2020 2473 2156 2527 Sunt
2180 2492 2372 2545 nempe

1348 2548 1407 2602 hi
1424 2570 1667 2605 mensores
1683 2551 1956 2606 architecti
1967 2591 1985 2619 ,
2005 2551 2098 2625 qui
2119 2552 2371 2606 dimensis

1350 2630 1596 2685 omnibus
1611 2631 1872 2685 estimant
1883 2632 2158 2685 materiam
2171 2632 2372 2703 pariter

1352 2722 1512 2783 atque
1533 2730 1749 2785 operam
1769 2710 2129 2765 edificiorum.
2145 2711 2373 2765 Videtur

1353 2803 1530 2844 autem
1551 2791 1751 2845 Plinius
1784 2792 1950 2845 Roma
1983 2790 2193 2863 petiisse
2223 2810 2373 2843 men·

1351 2888 1527 2924 sorem
1539 2908 1555 2935 ‚
1568 2889 1678 2925 non
1695 2883 1804 2925 tam
1815 2911 1833 2938 ,
1846 2870 1994 2943 quod
2006 2870 2203 2943 peritus
2214 2888 2372 2924 nemo

1352 2960 1488 3003 esset
1521 2948 1578 3002 in
1609 2949 1881 3021 provincis
1897 2989 1914 3015 ‚
1941 2968 2105 3022 quam
2131 2948 2278 3021 quod
2311 2948 2372 3001 fi-

1352 3026 1475 3082 dem
1494 3047 1604 3083 non
1630 3030 1850 3083 haberet
1866 3029 2120 3083 Groeculis
2140 3065 2156 3093 ,
2177 3038 2373 3080 metue-

1350 3119 1569 3181 retque,
1595 3126 1664 3162 ne
1689 3108 1768 3161 illi
1789 3108 1916 3163 odio
1943 3120 2036 3162 aut
2065 3108 2231 3162 amori
2246 3144 2262 3171 ‚
2285 3108 2372 3160 vel

1351 3188 1504 3241 lucro
1521 3186 1656 3242 adeo
1670 3225 1687 3252 ,
1701 3187 1823 3260 plus
1839 3187 2029 3243 darent
2043 3226 2060 3251 ‚
2073 3204 2234 3259 quam
2248 3184 2372 3239 fidei

1353 3267 1856 3341 etreligioni.Quam
1873 3268 2118 3339 frequens
2127 3264 2216 3317 hic
2227 3265 2373 3319 fraus

1354 3345 1542 3412 fuerit,
1588 3346 1746 3401 docet
1797 3347 1980 3400 titulus
2039 3344 2372 3416 Digestorum

1352 3426 1436 3480 XI
1449 3466 1466 3492 ,
1494 3430 1550 3491 6,
1587 3427 1634 3480 si
1675 3444 1885 3480 mensor
1919 3424 2114 3477 falsum
2151 3423 2372 3478 modum

1350 3504 1562 3561 dixerit.
1583 3505 1669 3560 Ad
1690 3506 1912 3559 similem
1934 3504 2278 3576 questionem
2299 3505 2371 3557 si·

1351 3585 1480 3639 mile
1517 3602 1829 3656 responsum
1871 3582 2062 3653 accipit
2097 3581 2372 3637 Secundus

1355 3660 1853 3730 ⁴8‚6;49,3.G.
2041 3732 2052 3745 ·

1424 3738 1561 3787 —Si
1569 3769 1722 3786 .....
1734 3748 1962 3803 aguntur.
1985 3732 2092 3786 Vix
2121 3734 2247 3787 ferri
2283 3733 2371 3788 hic

1352 3825 1528 3887 potest
1544 3811 1858 3867 indicativus
1876 3809 2067 3865 modus
2079 3853 2095 3879 ‚
2115 3830 2227 3865 non
2244 3831 2372 3885 pro-

1353 3906 1470 3965 pter
1490 3892 1900 3947 conditionalem
1916 3894 1984 3953 εἰ,
2006 3910 2124 3966 quae
2141 3892 2252 3945 sine
2269 3890 2371 3944 du-

1352 3974 1446 4027 bio
1476 3970 1761 4026 indicativo
1799 3990 1934 4045 supe
1971 3972 2242 4045 jungitur3
2283 3967 2372 4023 sed

1355 4051 1502 4125 quod
1545 4052 1656 4124 ipsa
1697 4052 1952 4106 sententis
1993 4052 2216 4104 omnino
2259 4068 2373 4101 sus-

1358 4150 1518 4203 pensa
1538 4167 1554 4195 ,
1574 4142 1764 4187 etcum
1789 4130 2025 4187 modesta
2045 4130 2376 4185 dubitatione
