2857 4690
817 378 1353 449 EPISTOLA
1401 378 1708 447 XXIII.
1746 418 1773 441 t
2231 368 2323 471 47

205 526 437 596 semper
483 503 586 571 ita
637 501 1034 587 recedebat,
1077 516 1154 571 ut
1207 500 1445 588 melior
1493 500 1739 585 factus;
1780 515 1849 567 et
1910 512 2053 567 erat
2112 498 2325 569 factus

203 613 285 682 vel
315 640 427 693 eo,
464 613 664 710 quod
710 613 1162 701 audierat,vel
1193 613 1372 707 quod
1411 614 1687 682 omnino
1722 610 2326 705 quaesierat3Qu9d
2363 621 2393 675 5

197 722 292 793 ifle
313 724 728 819 obsequium
747 726 1068 795 Serviano
1083 778 1102 812 ,
1121 724 1541 795 exactissimo
1570 724 1741 809 vire,
1764 716 2102 817 praestitit!
2124 716 2326 813 quem

197 830 465 928 legatum
499 835 832 907 tribunus
857 835 948 903 ita
971 849 1038 903 et
1063 833 1413 920 intellexit,
1433 849 1499 902 et
1532 834 1738 928 cepit,
1765 847 1839 900 ut
1861 856 1939 899 ex
1964 832 2328 901 Germania

195 944 250 1011 in
275 948 714 1015 Pannoniam
745 959 1236 1032 transeuntem,
1274 969 1411 1012 non
1444 958 1519 1013 ut
1542 941 1943 1030 commilito,
1972 941 2085 1010 sed
2120 955 2196 1009 ut
2218 966 2326 1011 co-

193 1078 312 1122 mes
339 1070 856 1150 assectatorque
891 1069 1295 1149 sequeretur.
1336 1056 1490 1141 Qua
1528 1051 1889 1137 industria,
1930 1077 2063 1146 qua
2092 1051 2341 1120 mode-.

189 1164 298 1231 stia
321 1180 640 1257 quaestor
677 1162 1064 1235 consulibus
1099 1165 1234 1232 suis
1261 1162 1357 1258 (et
1385 1161 1608 1257 plures
1635 1160 1899 1256 habuit)
1932 1186 2073 1230 non
2106 1164 2327 1231 minus

185 1273 508 1365 jucundus
557 1290 630 1344 et
688 1289 950 1371 gratus,
983 1300 1188 1369 quam
1225 1276 1376 1343 usui
1419 1270 1577 1343 fuit!
1621 1274 1781 1362 Quo
1821 1272 2155 1359 discursu,
2193 1298 2326 1368 qua

189 1382 522 1477 vigilantia
547 1440 568 1474 ,
623 1387 803 1455 hanc
857 1386 1069 1479 ipsam
1122 1384 1537 1469 aedilitatem,
1596 1384 1702 1452 cui
1755 1398 2121 1477 praereptus
2178 1398 2318 1467 est,

187 1492 390 1585 petiit!
415 1495 646 1584 Quod
675 1496 777 1565 vel
810 1498 1094 1565 maxime
1120 1494 1418 1564 dolorem
1445 1520 1667 1563 meum
1698 1493 2051 1563 exulcerat.
2079 1496 2329 1564 Obver-
2361 1512 2394 1562 6

187 1619 404 1673 santur
442 1607 676 1676 oculis
719 1608 882 1676 cassi
918 1605 1210 1691 labores,
1247 1620 1314 1673 et
1349 1604 1777 1674 infructuosae
1812 1631 2077 1699 preces,
2103 1622 2172 1674 et
2199 1606 2322 1675 ho·

189 1738 299 1782 nor
321 1741 542 1809 quem
578 1718 824 1785 meruit
860 1730 1144 1785 tantum.
1177 1714 1376 1785 Redit
1404 1716 1630 1785 animo
1660 1710 1768 1783 ille
1801 1714 1973 1785 latus
2003 1714 2226 1786 clavus
2252 1717 2323 1785 in

189 1826 544 1915 penatibus
576 1827 744 1895 meis
784 1800 1136 1920 sfflnptus3
1179 1825 1464 1896 redeunt
1503 1824 1611 1894 illa
1653 1826 1899 1919 prima,
1928 1826 2039 1895 illa
2075 1841 2323 1923 postre-

191 1956 288 2001 ma
321 1936 658 2030 suffragia
703 1960 891 2025 mea,
933 1934 1026 2004 illi
1063 1960 1437 2024 sermoneS,
1476 1933 1601 2005 illae
1630 1935 2173 2037 consultationes,
2204 1938 2323 2007 Af-

195 2040 366 2113 ficior
413 2046 879 2115 adolescentia
927 2048 1170 2139 ipsiuS‚
1214 2045 1476 2116 afficior
1520 2043 2084 2115 necessitudinum
2142 2062 2321 2116 casu.

195 2156 340 2225 Erat
379 2156 484 2227 ini
523 2156 796 2251 grandis
833 2172 996 2225 natu
1033 2181 1311 2251 parens;
1350 2171 1495 2225 erat
1532 2180 1734 2241 uxor,
1766 2180 1966 2250 quam
2006 2171 2161 2225 ante
2200 2182 2323 2225 an-

193 2289 338 2335 num
389 2269 733 2364 virginem
782 2283 1170 2362 acceperat3
1225 2282 1369 2336 erat
1421 2266 1590 2352 filia,
1634 2290 1833 2363 quam
1894 2265 2119 2360 paullo
2168 2282 2323 2336 ante

197 2379 574 2448 sustulerat.
593 2383 726 2448 Tot
762 2403 910 2473 spes
929 2433 948 2467 ,
975 2393 1078 2448 tot
1108 2377 1352 2474 gaudia
1379 2377 1523 2448 dies
1550 2403 1725 2447 unus
1760 2379 1830 2447 in
1868 2377 2126 2447 diversa
2159 2402 2325 2447 con-

197 2495 406 2562 vertit.
457 2493 666 2562 Modo
721 2492 1108 2587 designatus
1157 2491 1402 2578 aedilis,
1445 2517 1691 2562 recens·
1730 2493 2045 2580 maritus,
2095 2517 2326 2562 recens
2362 2527 2395 2579 g

199 2619 418 2694 pater,
453 2605 778 2673 intactum
825 2604 1147 2672 honorem
1169 2656 1187 2690 ‚
1230 2603 1464 2672 orbam
1504 2619 1784 2672 matrem
1809 2602 2119 2687 ‚viduam
2164 2629 2327 2673 uxo-

198 2735 368 2802 rem,
421 2713 626 2782 filiam
671 2713 1031 2809 pupillam,
1075 2717 1518 2808 ignaramque
1562 2715 1803 2808 patris,
1852 2712 2145 2808 reliquit.
2194 2718 2324 2785 Ac-

259 2891 309 2942 ⁵.
331 2891 416 2942 De
433 2893 664 2942 Serviano
684 2889 798 2943 vid.
827 2888 898 2942 ad
921 2889 1026 2953 111,
1052 2890 1204 2962 epist.

203 2985 273 3037 17.
297 2969 407 3022 En.
426 2999 498 3010 --
519 2972 863 3020 Exactissimo.
903 2969 1206 3040 Diligentis-

1306 2901 1382 2942 est
1397 2927 1412 2952 ‚
1427 2876 1431 2879 ⁵
1447 2890 1493 2961 ej
1502 2909 1563 2942 us
1586 2907 1757 2942 mores
1771 2927 1787 2954 ‚
1808 2889 2030 2944 affectus
2048 2927 2064 2954 ,
2084 2889 2258 2944 studia
2277 2905 2329 2945 et

1305 2970 1631 3024 voluntatem
1666 2989 1819 3022 nosse
1834 3008 1849 3033 ,
1884 2969 2053 3040 iisque
2076 2972 2243 3024 'rebus
2274 2991 2329 3025 se

199 3049 356 3111 nimo,
389 3049 788 3102 accuratissimo
803 3087 822 3112 ,
852 3045 1088 3121 adeoque
1118 3067 1207 3101 su-

199 3127 438 3182 bmoroeo
453 3166 469 3192 ,
490 3127 579 3178 cui
599 3147 707 3180 non
743 3127 894 3181 facile
920 3141 1050 3181 esset
1082 3145 1208 3200 pro-

197 3207 324 3259 bari.
347 3207 474 3272 Quo
495 3207 661 3276 magis
681 3203 984 3260 laudandus
999 3207 1206 3272 Avitus,

197 3285 334 3357 quod
356 3286 448 3340 tali
471 3285 590 3338 viro
609 3285 714 3342 tale
735 3285 1050 3356 obsequium
1076 3303 1208 3357 prae-

195 3367 336 3418 stitit.
377 3365 602 3418 Fallitur
632 3363 896 3436 Gierigius
910 3402 926 3428 ,
960 3381 1208 3417 consum-

199 3444 538 3498 matissimum
573 3445 941 3514 interpretans.
977 3444 1032 3496 S.
1053 3471 1126 3485 —-
1144 3447 1214 3494 Et

199 3527 452 3582 intellexit,
475 3539 526 3574 et
543 3527 684 3592 cepit.
706 3521 970 3575 Posterius
987 3523 1208 3576 verbum

199 3601 264 3656 ita
275 3603 495 3656 omnino
505 3601 960 3674 interpretandum
977 3600 1208 3669 videtur,

199 3693 250 3734 ut
269 3681 473 3756 aliquid
491 3701 523 3735 a
539 3683 720 3754 priore
748 3680 1015 3735 diversum
1042 3681 1207 3753 signi·

201 3759 308 3814 ficet
323 3803 338 3826 ,
358 3761 464 3815 hoc
485 3780 675 3834 nempe
689 3799 704 3825 ‚
725 3761 960 3814 devinxit
982 3761 1080 3813 sihi
1109 3761 1208 3814 hu-

203 3843 438 3896 manitate
455 3859 552 3896 sua
569 3841 884 3894 Servianum
901 3879 917 3904 ,
938 3853 997 3894 ut
1015 3841 1209 3896 Corne-

201 3917 358 3974 lianus
373 3921 677 3976 Alcibiades
695 3919 1098 3974 Pharnabazum
1117 3942 1210 3974 sua

205 4005 314 4068 cepit
343 4005 656 4054 humanitate
685 4000 826 4064 VII,
863 4017 919 4068 9,
955 3999 1006 4054 3.
1047 4002 1117 4056 G.
1141 4031 1210 4044 —-·

207 4079 326 4134 Add.
349 4081 572 4138 Geweri
605 4079 680 4136 ad
697 4081 747 4132 J.
773 4081 836 4133 A.
858 4079 1064 4136 Ernest.
1095 4083 1210 4155 epi·

206 4162 332 4218 stola.
345 4195 414 4206 —
433 4163 648 4236 Nempe
677 4163 947 4230 iacemgm
975 4161 1212 4236 aliquem

1306 3049 1361 3101 in
1377 3047 1587 3119 agendo
1598 3061 1649 3101 et
1663 3047 1891 3102 diceudo
1906 3049 2325 3104 accommodare.

1304 3128 1423 3180 Hoc
1446 3127 1539 3199 qui
1558 3139 1725 3198 potest
1740 3171 1754 3195 ‚
1776 3129 1821 3182 is
1845 3129 2066 3182 alterum
2082 3148 2328 3183 necessa-

1306 3207 1386 3260 rio
1399 3211 1560 3274 capit,
1578 3227 1698 3261 eum
1715 3207 1815 3262 sibi
1828 3208 2063 3262 devincit
2077 3246 2093 3272 ,
2108 3208 2155 3261 ei
2174 3227 2329 3262 carus

1307 3301 1402 3342 eat.
1417 3277 1483 3340 E.
1500 3289 1883 3343 —Formulam
1904 3293 2123 3342 dolorem
2140 3293 2329 3340 exulce-

1305 3383 1389 3420 rat
1396 3367 1675 3422 illustravit
1683 3365 1960 3432 Gier.ad1,
1976 3373 2073 3439 Ep.
2084 3386 2105 3420 1
2117 3386 2144 3420 α
2154 3408 2168 3434 ,
2180 3369 2329 3442 ι.Ευ.

1363 3466 1414 3517 7.
1430 3451 1851 3500 Necessitudinum
1865 3466 2001 3498 casu.
2017 3447 2329 3501 calamitate

1297 3538 1356 3591 *et
1368 3525 1553 3579 dolore
1574 3563 1588 3587 ,
1607 3545 1716 3598 quo
1731 3526 1843 3598 ejus
1862 3526 2175 3591 necessarii,
2194 3545 2329 3600 quos

1263 3659 1282 3678 ,
1305 3623 1428 3658 mox
1454 3605 1688 3660 nominat
1706 3644 1721 3670 ,
1754 3617 1901 3676 pater
1927 3605 2111 3678 [immo
2137 3620 2324 3662 mater.

1303 3683 1408 3756 S.],
1446 3703 1577 3740 uxor
1590 3723 1607 3751 ,
1637 3684 1777 3752 filia,
1816 3684 2011 3740 adfecti
2047 3687 2323 3762 [adfecta]

1303 3776 1447 3886 ⁸⁰¹¹:
1462 3765 1623 3896 [lja-or·-
1647 3883 1659 3895 .
1682 3861 1976 3914 ,acc-eperat.
1996 3845 2128 3914 vid,
2150 3846 2213 3914 I,
2240 3850 2323 3914 16,

1305 3927 1358 3978 6.
1393 3925 1561 3979 Greci
1592 3943 1702 3978 uno
1734 3927 1899 3980 verbo
1927 3945 1943 3982 ε
1974 3925 2191 4002 moqed&
2220 3929 2329 3983 ἄλοε

1302 4004 1811 4153 zocti.s'13naraanue
1856 4087 2033 4155 patris·
2079 4085 2327 4138 luserunt

1307 4163 1400 4216 alii
1419 4174 1471 4218 et
1494 4163 1607 4236 ipae
1638 4163 1907 4220 medicem
1938 4165 2071 4217 liber
2096 4167 2327 4234 ignaram
