2857 4690
480 340 619 426 448
993 342 1444 412 NOTITIA
1493 343 2087 412 LITERARIA

478 485 757 554 audacia
784 507 1055 578 prorsus
1090 483 1345 554 aliena:
1376 499 1686 554 caeterum
1719 484 2050 556 interdum
2079 489 2274 558 nimis
2315 491 2621 582 pertina-

479 593 644 662 citer
670 588 984 660 lectiones
1020 588 1319 684 vulgatas
1359 591 1624 659 videtur
1657 591 2044 661 defendisse.

596 694 814 794 1738.
846 695 1365 792 Norimbergoe,
1408 696 1474 767 8
1505 699 1676 793 Epp.
1707 721 1766 767 c.
1803 723 1870 766 n.
1909 701 2136 769 Germ.
2177 701 2373 795 Casp.
2423 703 2620 770 Go'tc·

476 804 818 898 scklc'ngii,
867 801 1171 872 Silesiaci.

600 907 811 1006 1738.
847 913 1167 992 mennae,
1207 908 1273 979 8.
1304 907 1618 1004 Epistolae
1641 924 1711 978 et
1725 909 2170 1005 Panegyricus
2191 935 2248 980 c.
2275 937 2343 981 n.
2373 913 2610 982 Genu.

476 1041 583 1111 ap.
622 1016 1003 1084 Krausium.

593 1146 618 1192 1
636 1146 675 1218 7
691 1122 807 1215 39.
846 1123 1003 1192 Not·
998 1120 1367 1216 imbergoffi
1420 1121 1488 1192 8.
1543 1120 1858 1215 Epistolae
1923 1146 2078 1192 cum
2139 1123 2312 1192 notis
2373 1125 2608 1192 Germ.

476 1231 671 1322 Casp.
717 1227 1211 1322 Gottscklmga:

588 1357 612 1402 1
632 1331 805 1429 739.
852 1335 1150 1428 Lipsiae,
1200 1333 1276 1401 C.
1316 1330 1516 1401 Plinii
1557 1331 1804 1402 Caecilii
1833 1333 2126 1404 Secundi
2153 1333 2608 1428 Epistolarum

474 1437 625 1508 libri
668 1438 917 1509 decem.
964 1437 1277 1531 Ejusdem
1316 1439 1676 1532 gratiarum
1713 1440 1886 1508 actio
1939 1441 2074 1508 sive
2111 1441 2556 1534 Panegyricus
2585 1493 2608 1528 ‚

472 1570 627 1614 cum
672 1544 1207 1614 annotationibus
1249 1539 1588 1638 perpetuis
1632 1547 1732 1613 Jo.
1777 1544 2073 1618 Matthiae
2113 1549 2404 1614 Gesner-i
2417 1599 2438 1632 ,
2491 1547 2608 1640 qui

472 1652 673 1720 etiam
712 1652 941 1720 Vitam
981 1648 1172 1719 Plinii
1213 1664 1281 1719 et
1320 1649 1580 1719 Indices
1615 1651 1941 1720 auctiores
1995 1650 2608 1746 emendatioresque

472 1757 671 1828 dedit.
706 1756 945 1852 Lipsiae
968 1810 988 1844 ‚
1028 1755 1401 1851 sumptibus
1439 1756 1716 1850 Caspari
1749 1755 2071 1826 Fritschii.
2113 1757 2334 1826 Editio
2372 1781 2605 1826 exem-

473 1861 673 1960 plaris
695 1915 715 1950 ,
756 1864 1040 1932 maxime
1083 1887 1166 1931 ex
1208 1887 1342 1957 quo
1390 1863 1668 1957 repetita
1717 1875 1786 1930 et
1826 1864 2001 1932 curis
2043 1861 2350 1932 secundis
2407 1877 2604 1934 aucta

472 1971 601 2040 fuit
634 1994 741 2038 an.
790 1994 813 2039 ι
834 1992 1005 2066 770.

589 2101 614 2146 1
636 2073 803 2171 746.
850 2074 1365 2168 Non'mbergoe,
1404 2077 1476 2158 4.
1511 2077 1586 2143 C.
1633 2071 1824 2142 Plinii
1859 2072 2106 2144 Caecilii
2145 2073 2434 2144 Secundi
2467 2075 2604 2143 Pa-

472 2184 817 2277 negyricus
866 2182 1107 2252 Caesari
1149 2183 1319 2275 Imp.
1364 2181 1604 2251 Nervae
1637 2179 1926 2273 Trajano
1973 2181 2204 2250 dictus.
2245 2184 2468 2269 Quem
2519 2205 2606 2250 ex

474 2292 610 2360 XII
650 2287 1009 2359 Codicibus
1045 2288 1234 2357 MSS.
1274 2285 1586 2380 librisque
1621 2284 1872 2357 collatis
1908 2289 2236 2357 recensuit
2259 2340 2278 2372 ‚
2315 2311 2394 2355 ac
2426 2289 2606 2357 notis

472 2394 1171 2486 observationibusque
1203 2395 1359 2461 item
1389 2407 1460 2463 et
1478 2395 1764 2462 nummis
1791 2418 1918 2463 aere
1949 2394 2290 2488 exscriptis
2325 2390 2586 2463 illustra

476 2505 606 2588 vit,
640 2498 964 2592 simulque
998 2498 1271 2590 adjectis
1304 2500 1576 2593 integris
1613 2500 1859 2593 pariter
1899 2514 2098 2593 atque
2139 2501 2464 2593 excerptis
2491 2502 2602 2567 vi-

471 2632 699 2677 rorum
738 2605 1146 2675 eruditorum
1166 2605 1828 2675 commentationibus
1847 2607 2158 2675 instruxit
2183 2606 2602 2677 Christianus

474 2711 683 2783 Gottl.
726 2712 1196 2797 Schwarzius‚
1245 2714 1423 2782 Sacr.
1471 2713 1636 2781 Caes.
1677 2713 1938 2804 Majest.
1971 2714 2164 2781 Com.
2207 2712 2344 2782 Pal.
2389 2711 2601 2781 Acad.

475 2818 709 2890 Altorf.
750 2816 927 2887 Prof.
975 2816 1165 2885 Publ.
1210 2832 1279 2887 et
1320 2818 1578 2887 Senior.
1631 2818 2124 2912 Norimbergae‚
2165 2832 2456 2913 sumptu„
2485 2821 2594 2887 Jo.

474 2930 718 3021 Georg.
771 2923 1123 3010 Lochneri.
1158 2958 1265 2974 ·-
1294 2924 1516 3025 Editio
1555 2924 2004 3017 superioribus
2045 2925 2356 2995 omnibus
2407 2921 2600 2993 facile

470 3055 789 3127 superior.

588 3134 920 3235 1746—-
965 3136 1183 3233 ι748.
1230 3136 1523 3229 Αἰτονγῢ
1571 3138 1980 3205 Noricorum
2014 3187 2034 3220 ,
2117 3138 2185 3219 4.
2250 3140 2352 3206 IV
2414 3137 2596 3205 Part.

470 3246 715 3317 Christ.
770 3240 979 3312 Gottl.
1029 3242 1414 3313 Schwarzzz·
1465 3240 1978 3311 Observationes
2049 3240 2464 3337 philologicae
2509 3240 2598 3311 ad

468 3350 730 3423 Claudii
755 3349 1141 3418 Mamertini
1158 3348 1636 3443 Panegyricum
1667 3346 2152 3442 genethliacum
2189 3350 2598 3419 Maximiano

464 3461 567 3528 Au
618 3510 633 3527 .
675 3458 945 3527 dictum.

570 3484 801 3659 ῗ748.
838 3562 1089 3647 Halae,
1152 3583 1263 3630 12.
1295 3562 1373 3629 C.
1415 3558 1606 3627 Plinii
1646 3561 1817 3630 Caec.
1857 3558 2144 3629 Secundi
2181 3560 2495 3655 Epistoloe
2525 3575 2598 3629 et

467 3670 929 3764 Panegyricus.
954 3666 1171 3753 Halm,
1196 3666 1568 3761 sumptibus
1593 3664 2598 3760 Orphanotrophei.—-Nullius

510 3791 675 3845 retu.

465 3804 510 3872 Ρ
582 3880 799 3979 ι748.
848 3879 1187 3964 Ber-oliui,
1237 3878 1303 3949 8.
1357 3881 1436 3948 C.
1492 3876 1682 3947 Plinii
1730 3878 2208 3971 Panegyricus,
2249 3878 2468 3949 studio
2523 3891 2596 3945 et

464 4013 668 4083 opera
708 3991 780 4056 F.
822 3986 1126 4057 Muzeliz'.
