2857 4690
502 327 645 398 380
1074 333 1147 396 C.
1198 330 1538 397 PLINII
1589 329 2063 396 SECUNDI

484 447 625 530 ’tibi
642 485 803 556 ergo
822 477 973 556 post
988 475 1255 532 caeteras
1272 460 1892 556 appellationeshaec
1913 475 2014 529 est
2030 459 2274 546 addita,
2289 476 2366 529 ut
2389 465 2638 556 major:

500 568 718 636 minus
750 581 851 637 est
882 571 1059 640 enim
1086 571 1568 662 Imperatorem
1584 620 1603 654 ‚
1639 581 1706 636 et
1731 569 2057 636 Caesarem
2074 621 2094 653 ‚
2121 581 2188 636 et
2215 571 2592 662 Augustum
2615 624 2636 652 ‚

500 697 701 766 quam
733 673 1041 744 omnibus
1074 675 1631 768 ImperatoribuS‚
1671 688 1738 741 et
1779 673 2150 742 Caesaribus
2169 727 2189 760 ‚
2225 689 2293 742 et
2313 677 2634 769 Augustis

430 786 465 838 8
502 803 643 850 esse
678 779 1031 848 meliorem.
1073 781 1365 874 Ideoque
1398 779 1506 853 ille
1541 803 1802 874 parens,
1821 779 2168 848 hominum
2219 779 2631 874 deorumque

502 909 756 954 or'rnss
800 888 1018 982 prius,
1054 886 1293 956 deinde
1330 909 1607 958 unum
1649 886 1936 960 nomine,
1963 883 2242 954 colitur:
2281 911 2416 980 quo
2463 911 2630 982 prae-

500 990 917 1064 clariorrlaus
946 1007 1069 1062 tua
1086 1045 1107 1081 ‚
1142 1017 1341 1087 quem
1373 1018 1512 1062 non
1547 993 1764 1062 minus
1803 1005 2064 1060 constat
2093 993 2416 1085 optimum
2455 1017 2630 1077 esse,

428 1121 463 1170 9
500 1120 699 1189 quam
740 1099 1118 1168 maximum.
1170 1098 1588 1193 Adsequutus
1639 1122 1708 1168 es
1747 1121 1990 1166 nomen
2011 1151 2031 1184 ‚
2073 1097 2253 1191 quod
2299 1097 2384 1165 ad
2427 1097 2632 1167 alium

502 1205 776 1272 transire
812 1229 949 1272 non
988 1204 1226 1299 possit,
1255 1206 1381 1274 nisi
1406 1219 1484 1273 ut
1507 1217 1824 1299 appareat
1851 1205 1920 1272 in
1951 1204 2128 1272 bono
2159 1203 2459 1298 principe
2487 1203 2634 1274 alie·

445 1397 452 1405 α
500 1333 663 1376 num
680 1362 699 1397 ‚
734 1311 803 1378 in
828 1309 1003 1381 malo
1038 1309 1277 1382 falsum
1306 1337 1321 1378 :
1352 1311 1532 1404 quod
1567 1311 1720 1380 licet
1749 1333 1976 1378 omnes
2009 1325 2236 1404 postea
2268 1325 2632 1405 usurpent,

405 1439 467 1475 ιο
502 1440 764 1510 semper
800 1430 1023 1488 tamen
1066 1431 1464 1510 agnoscetur
1516 1431 1602 1485 ut·
1643 1431 1850 1485 tuum.
1901 1416 2162 1484 Etenim
2181 1468 2201 1501 ‚
2243 1431 2319 1484 ut
2363 1417 2631 1486 nomine

504 1543 810 1592 Aueus‘n
860 1521 1295 1594 admonemur
1334 1523 1475 1616 ejus
1493 1574 1512 1609 ‚
1555 1521 1662 1592 cui
1711 1525 1996 1618 primum
2045 1523 2334 1600 dicatum
2377 1538 2508 1612 est,
2541 1527 2632 1592 ita

506 1628 645 1698 haee
674 1639 935 1698 'orrnn
970 1628 1321 1724 appellatio
1358 1638 1696 1723 nunquam
1741 1631 2072 1698 memoriae
2105 1628 2454 1697 hominum
2493 1633 2630 1698 sine

506 1748 569 1801 te
612 1750 945 1822 recurret,
986 1737 1373 1830 quotiesque
1414 1736 1658 1830 posteri
1709 1737 1916 1804 nostri
1967 1757 2304 1805 ormam
2343 1733 2626 1830 aliquem

508 1864 745 1910 vocare
780 1855 1124 1936 cogentur,
1159 1843 1369 1913 toties·
1395 1839 1944 1927 recordabuntur,
1987 1844 2132 1934 quis
2167 1844 2486 1911 meruerit
2521 1867 2634 1911 vo-

504 1971 657 2016 cari.

608 2055 985 2123 LXXXIX.
1026 2057 1297 2144 Quanto
1334 2080 1510 2124 nunc
1523 2109 1544 2140 ‚
1586 2053 1736 2122 dive
1771 2055 1994 2122 Nerva
2017 2107 2036 2138 ‚
2075 2054 2317 2148 gaudio
2353 2053 2592 2124 frueris
2609 2107 2629 2140 ‚

500 2183 709 2252 quum
737 2159 917 2230 vides
946 2175 1015 2232 et
1040 2185 1181 2232 esse
1208 2185 1552 2232 or‘rmtm
1569 2215 1588 2248 ‚
1621 2174 1688 2228 et
1711 2159 1877 2246 dici,
1911 2183 2106 2253 quem
2139 2175 2480 2254 tamquam
2509 2187 2628 2255 op-

504 2267 739 2332 timum
776 2263 1053 2361 elegisti!
1098 2291 1299 2361 quam
1342 2266 1565 2338 laetum
1618 2266 1772 2351 tibi,
1809 2263 1990 2361 quod
2033 2280 2456 2363 comparatus
2497 2266 2629 2334 filio

505 2386 621 2440 tuo
650 2370 969 2443 vinceris!
1002 2398 1217 2467 neque
1248 2376 1431 2443 enim
1459 2373 1826 2467 aliomagis
1867 2374 2276 2467 approbatur
2303 2375 2508 2443 animi
2537 2376 2628 2442 tui

504 2478 920 2569 magnitudo,
955 2504 1155 2571 quam
1192 2479 1371 2573 quod
1406 2480 1698 2575 optimus
1733 2481 1871 2573 ipse
1909 2504 2044 2547 non
2067 2480 2358 2549 timuisti
2392 2479 2630 2575 eligere

442 2614 467 2645 2
506 2580 859 2657 meliorem.
901 2584 1030 2653 Sed
1074 2599 1139 2653 et
1176 2599 1247 2653 tu
1274 2634 1291 2669 ‚
1332 2596 1520 2679 pater
1557 2586 1838 2679 Trajane
1879 2580 2082 2675 (nam
2123 2600 2194 2654 tu
2237 2610 2541 2681 quoque,
2577 2589 2630 2655 si

506 2712 639 2755 non
684 2688 931 2777 sidera,
976 2680 1344 2785 proximam
1395 2707 1616 2761 tamen
1655 2691 1976 2761 sideribus
2013 2692 2271 2761 obtines
2307 2692 2527 2762 sedem
2557 2684 2582 2781 )
2609 2746 2630 2779 ,

506 2906 705 2971 videri,
732 2908 831 2959 nisi
856 2908 948 2981 qui
978 2908 1143 2963 vincit
1176 2926 1359 2963 omnes
1378 2947 1393 2973 ,
1431 2910 1524 2981 qui
1613 2908 1759 2980 quod
1788 2910 1843 2961 in
1867 2910 2101 2980 Trajano
2123 2908 2396 2979 proprium
2437 2928 2626 2963 nomeu

506 2987 561 3038 in
588 3005 681 3039 sua
702 2988 928 3059 quisque
945 2988 1103 3042 laude
1123 2990 1345 3042 maxime
1362 2988 1524 3042 excel·
1611 3000 1764 3042 esset.
1777 2988 1841 3040 E.

505 3066 641 3119 lunt.
662 3068 789 3139 Cap.
812 3066 1113 3127 LXXXIX,
1159 3086 1180 3120 ι
1205 3106 1219 3131 ,
1256 3068 1522 3141 «optimus

506 3147 621 3219 ipse
634 3166 743 3201 non
764 3146 979 3201 timuisti
994 3146 1184 3219 eligere
1191 3148 1463 3201 meliorem
1474 3172 1516 3199 a.

508 3228 641 3297 Cap.
664 3227 812 3279 XCII
830 3263 846 3290 ‚
876 3234 908 3292 4
926 3266 941 3291 ,
963 3252 989 3271 ι
1016 3226 1287 3279 meliorem
1323 3227 1524 3299 optimo
1550 3222 1564 3239 ”

507 3306 743 3377 genuit».
762 3306 929 3377 Supra
948 3324 1064 3377 cap.
1081 3307 1233 3358 LXII
1248 3347 1263 3373 ,
1281 3308 1335 3369 8,
1364 3332 1386 3353 ιι
1398 3305 1522 3358 nul-

506 3384 720 3457 lamque
750 3386 807 3438 in
834 3404 899 3439 eo
924 3385 1147 3459 gloriam
1166 3386 1317 3458 ponit
1334 3422 1349 3449 ‚
1376 3384 1522 3457 quod

508 3466 573 3517 sit
616 3466 860 3519 omnibus
898 3469 1071 3539 major
1099 3503 1114 3528 ,
1160 3466 1262 3517 nisi
1310 3465 1522 3517 maximi

508 3545 701 3599 fuerint
715 3584 731 3611 ,
749 3547 942 3620 quibus
964 3548 1135 3618 major
1159 3557 1294 3599 est».
1316 3546 1369 3598 S.

578 3642 631 3693 9.
654 3632 715 3677 In
733 3631 859 3677 bono
876 3628 1101 3693 principe
1127 3627 1360 3676 alienum.
1383 3623 1523 3688 Quia

508 3707 643 3760 alius
669 3709 778 3777 jam
822 3705 1127 3777 occupavi&
1170 3716 1227 3756 ut
1252 3702 1387 3756 adeo
1412 3722 1523 3755 non

506 3789 617 3857 jam
648 3784 821 3836 valeat
853 3784 922 3837 ad
962 3784 1349 3837 distinctionem
1376 3800 1391 3835 τ
1420 3782 1522 3834 nisi

508 3867 643 3916 forte
678 3862 884 3933 placeat
932 3868 1174 3931 Optimum
1198 3867 1476 3915 secundum
1507 3902 1521 3927 ,

508 3954 559 3995 et
576 3940 821 4012 deinceps
836 3982 849 4001 ,
874 3960 1083 3997 vocare.
1100 3942 1167 3995 G.
1182 3974 1249 3983 --
1262 3942 1523 4013 Gierigius

507 4021 725 4092 explicat
758 4026 969 4073 alienum
996 4063 1011 4087 ,
1057 4016 1125 4075 dd
1172 4022 1331 4075 alium
1370 4022 1524 4091 quasi

508 4120 601 4171 per
615 4096 975 4171 metaphoram
996 4099 1157 4153 modo
1177 4100 1490 4176 translatum
1509 4140 1523 4165 ,

1687 3086 1768 3120 ιο.
1819 3068 2083 3119 Atreum.
2129 3066 2290 3131 Quod
2337 3086 2626 3139 cognomen

1610 3147 1833 3200 Munatii
1845 3146 2028 3199 Planci
2045 3146 2303 3201 sententia
2320 3150 2621 3219 assumpsit,

1611 3244 1775 3298 quum
1797 3224 2182 3279 aliinomulum
2201 3225 2502 3280 vocandum
2515 3244 2629 3281 cen·

1613 3318 1801 3360 serent.
1822 3306 1924 3357 En.

1681 3385 1974 3438 LXXXIX.
1998 3403 2020 3435 1
2034 3424 2046 3435 .
2068 3390 2180 3436 Non
2202 3388 2420 3438 timuisti.
2435 3385 2628 3439 Contra

1611 3483 1772 3538 quam
1827 3466 2092 3535 Augustus
2139 3464 2318 3517 fecisse
2355 3476 2627 3518 accusatur

1611 3544 1759 3617 apud
1785 3544 1917 3597 Tac.
1944 3544 2159 3610 Ann.1,
2201 3561 2296 3595 10:
2323 3544 2626 3609 «Quoniam

1611 3622 1964 3695 arrogantiam
1985 3623 2336 3693 saevitiamque
2347 3624 2545 3677 Tiberii
2555 3624 2625 3676 in-

1611 3703 1916 3774 trospexerit
1923 3740 1938 3765 ,
1949 3702 2340 3773 comparatione
2350 3702 2622 3757 deterrima

1612 3784 1709 3836 sibi
1726 3783 1945 3854 gloriam
1967 3782 2244 3854 peperisse.
2265 3806 2284 3826 ι·
2311 3781 2380 3835 G.

1709 3883 1756 3915 2.
1779 3867 1832 3912 Si
1851 3882 1948 3913 non
1975 3864 2158 3915 sidera.
2187 3860 2450 3914 Nimirum
2469 3866 2620 3915 sidem

1613 3946 1846 3996 Deorum
1872 3940 2038 3995 sedes.
2058 3943 2120 3992 In
2151 3940 2235 3993 his
2260 3947 2619 4009 quatuordecim

1613 4040 1718 4075 nou
1744 4020 1862 4073 licet
1878 4020 2060 4074 sedere
2079 4020 2180 4073 nisi
2203 4022 2519 4075 consecratis
2535 4023 2620 4073 Au-

1612 4101 1793 4170 gustis.
1829 4102 1984 4153 Conf.
2011 4102 2084 4151 xl
2099 4136 2114 4163 ‚
2141 4120 2190 4152 α.
2224 4100 2326 4154 sed
2343 4138 2358 4163 ,
2393 4102 2436 4152 si
2463 4101 2621 4155 Luca·
