<?xml version="1.0" encoding="UTF-8"?>
<!DOCTYPE html PUBLIC "-//W3C//DTD XHTML 1.0 Transitional//EN"
    "http://www.w3.org/TR/xhtml1/DTD/xhtml1-transitional.dtd">
<html xmlns="http://www.w3.org/1999/xhtml" xml:lang="en" lang="en">
 <head>
  <title>
</title>
<meta http-equiv="Content-Type" content="text/html;charset=utf-8" />
  <meta name='ocr-system' content='tesseract 3.04.00' />
  <meta name='ocr-capabilities' content='ocr_page ocr_carea ocr_par ocr_line ocrx_word'/>
</head>
<body>
  <div class='ocr_page' id='page_1' title='image "./cpliniisecundie00schgoog_0434.png"; bbox 0 0 2857 4690; ppageno 0'>
   <div class='ocr_carea' id='block_1_1' title="bbox 847 352 2349 439">
    <p class='ocr_par' dir='ltr' id='par_1_1' title="bbox 847 352 2349 439">
     <span class='ocr_line' id='line_1_1' title="bbox 847 352 2349 439; baseline 0.003 -18"><span class='ocrx_word' id='word_1_1' title='bbox 847 413 852 421; x_wconf 87' lang='lat'><strong>.</strong></span> <span class='ocrx_word' id='word_1_2' title='bbox 940 357 1081 423; x_wconf 86' lang='lat' dir='ltr'><strong>DE</strong></span> <span class='ocrx_word' id='word_1_3' title='bbox 1139 356 1214 422; x_wconf 80' lang='lat' dir='ltr'><strong>c,</strong></span> <span class='ocrx_word' id='word_1_4' title='bbox 1271 354 1652 422; x_wconf 79' lang='lat' dir='ltr'><strong>PLINIO.</strong></span> <span class='ocrx_word' id='word_1_5' title='bbox 2199 352 2349 439; x_wconf 74' lang='lat'><strong>423</strong></span> 
     </span>
    </p>
   </div>
   <div class='ocr_carea' id='block_1_2' title="bbox 215 470 2353 897">
    <p class='ocr_par' dir='ltr' id='par_1_2' title="bbox 215 470 2353 897">
     <span class='ocr_line' id='line_1_2' title="bbox 221 470 2351 577; baseline -0 -22"><span class='ocrx_word' id='word_1_6' title='bbox 221 484 570 555; x_wconf 76' lang='lat' dir='ltr'>Puteolani</span> <span class='ocrx_word' id='word_1_7' title='bbox 607 500 676 554; x_wconf 79' lang='lat' dir='ltr'><strong>et</strong></span> <span class='ocrx_word' id='word_1_8' title='bbox 715 484 1016 555; x_wconf 85' lang='lat' dir='ltr'><strong>Beroaldi</strong></span> <span class='ocrx_word' id='word_1_9' title='bbox 1069 484 1494 570; x_wconf 85' lang='lat' dir='ltr'><strong>editionibus;</strong></span> <span class='ocrx_word' id='word_1_10' title='bbox 1546 484 1613 551; x_wconf 89' lang='lat' dir='ltr'><strong>in</strong></span> <span class='ocrx_word' id='word_1_11' title='bbox 1656 470 1955 577; x_wconf 85' lang='lat' dir='ltr'><strong>margine</strong></span> <span class='ocrx_word' id='word_1_12' title='bbox 2000 482 2351 554; x_wconf 79' lang='lat' dir='ltr'><strong>identidem</strong></span> 
     </span>
     <span class='ocr_line' id='line_1_3' title="bbox 221 587 2349 685; baseline 0 -27"><span class='ocrx_word' id='word_1_13' title='bbox 221 605 554 685; x_wconf 85' lang='lat' dir='ltr'><strong>provocat</strong></span> <span class='ocrx_word' id='word_1_14' title='bbox 593 592 676 661; x_wconf 85' lang='lat' dir='ltr'><strong>ad</strong></span> <span class='ocrx_word' id='word_1_15' title='bbox 705 589 828 659; x_wconf 85' lang='lat' dir='ltr'><strong>alia</strong></span> <span class='ocrx_word' id='word_1_16' title='bbox 868 590 1165 684; x_wconf 87' lang='lat' dir='ltr'><strong>quaedam</strong></span> <span class='ocrx_word' id='word_1_17' title='bbox 1194 587 1625 683; x_wconf 79' lang='lat' dir='ltr'><strong>exemplaria3</strong></span> <span class='ocrx_word' id='word_1_18' title='bbox 1650 614 1969 684; x_wconf 81' lang='lat' dir='ltr'><strong>nusquam</strong></span> <span class='ocrx_word' id='word_1_19' title='bbox 1995 604 2217 659; x_wconf 87' lang='lat' dir='ltr'><strong>tamen</strong></span> <span class='ocrx_word' id='word_1_20' title='bbox 2250 590 2349 659; x_wconf 83' lang='lat' dir='ltr'><strong>di-</strong></span> 
     </span>
     <span class='ocr_line' id='line_1_4' title="bbox 218 694 2353 789; baseline 0 -24"><span class='ocrx_word' id='word_1_21' title='bbox 218 714 403 767; x_wconf 79' lang='lat' dir='ltr'><strong>serte</strong></span> <span class='ocrx_word' id='word_1_22' title='bbox 456 700 854 778; x_wconf 72' lang='lat' dir='ltr'><strong>mentionem</strong></span> <span class='ocrx_word' id='word_1_23' title='bbox 893 696 1050 766; x_wconf 80' lang='lat' dir='ltr'><strong>facit</strong></span> <span class='ocrx_word' id='word_1_24' title='bbox 1085 694 1360 789; x_wconf 67' lang='lat' dir='ltr'><strong>alicujus</strong></span> <span class='ocrx_word' id='word_1_25' title='bbox 1399 695 1643 764; x_wconf 86' lang='lat' dir='ltr'><strong>codicis</strong></span> <span class='ocrx_word' id='word_1_26' title='bbox 1677 698 1819 764; x_wconf 90' lang='lat' dir='ltr'><strong>MS.</strong></span> <span class='ocrx_word' id='word_1_27' title='bbox 1863 698 2353 765; x_wconf 85' lang='lat' dir='ltr'><strong>Annotamenta</strong></span> 
     </span>
     <span class='ocr_line' id='line_1_5' title="bbox 215 799 2353 897; baseline -0 -26"><span class='ocrx_word' id='word_1_28' title='bbox 215 820 454 873; x_wconf 87' lang='lat' dir='ltr'><strong>autem</strong></span> <span class='ocrx_word' id='word_1_29' title='bbox 479 802 587 871; x_wconf 88' lang='lat' dir='ltr'><strong>illa</strong></span> <span class='ocrx_word' id='word_1_30' title='bbox 604 828 785 897; x_wconf 84' lang='lat' dir='ltr'><strong>‚quae</strong></span> <span class='ocrx_word' id='word_1_31' title='bbox 809 815 1136 871; x_wconf 87' lang='lat' dir='ltr'><strong>memorat</strong></span> <span class='ocrx_word' id='word_1_32' title='bbox 1153 802 1218 869; x_wconf 88' lang='lat' dir='ltr'><strong>in</strong></span> <span class='ocrx_word' id='word_1_33' title='bbox 1241 799 1464 891; x_wconf 84' lang='lat' dir='ltr'><strong>titulo,</strong></span> <span class='ocrx_word' id='word_1_34' title='bbox 1482 826 1619 869; x_wconf 92' lang='lat' dir='ltr'><strong>non</strong></span> <span class='ocrx_word' id='word_1_35' title='bbox 1656 816 1813 870; x_wconf 88' lang='lat' dir='ltr'><strong>sunt</strong></span> <span class='ocrx_word' id='word_1_36' title='bbox 1832 802 1955 871; x_wconf 88' lang='lat' dir='ltr'><strong>nisi</strong></span> <span class='ocrx_word' id='word_1_37' title='bbox 1982 802 2353 871; x_wconf 82' lang='lat' dir='ltr'><strong>notationes</strong></span> 
     </span>
    </p>
   </div>
   <div class='ocr_carea' id='block_1_3' title="bbox 214 906 2358 1110">
    <p class='ocr_par' dir='ltr' id='par_1_3' title="bbox 214 906 2358 1110">
     <span class='ocr_line' id='line_1_6' title="bbox 214 906 2358 1029; baseline -0.001 -52"><span class='ocrx_word' id='word_1_38' title='bbox 214 910 530 1029; x_wconf 73' lang='lat' dir='ltr'><strong>quaedain</strong></span> <span class='ocrx_word' id='word_1_39' title='bbox 559 909 920 1004; x_wconf 83' lang='lat' dir='ltr'><strong>figurarum</strong></span> <span class='ocrx_word' id='word_1_40' title='bbox 940 908 1451 995; x_wconf 84' lang='lat' dir='ltr'><strong>rhetoricarum,</strong></span> <span class='ocrx_word' id='word_1_41' title='bbox 1468 921 1536 977; x_wconf 89' lang='lat' dir='ltr'><strong>et</strong></span> <span class='ocrx_word' id='word_1_42' title='bbox 1562 906 1913 978; x_wconf 88' lang='lat' dir='ltr'><strong>lectionum</strong></span> <span class='ocrx_word' id='word_1_43' title='bbox 1934 908 2358 996; x_wconf 80' lang='lat' dir='ltr'><strong>variantium,</strong></span> 
     </span>
     <span class='ocr_line' id='line_1_7' title="bbox 221 1015 842 1110; baseline 0 -27"><span class='ocrx_word' id='word_1_44' title='bbox 221 1018 511 1110; x_wconf 84' lang='lat' dir='ltr'><strong>margini</strong></span> <span class='ocrx_word' id='word_1_45' title='bbox 552 1015 842 1108; x_wconf 84' lang='lat' dir='ltr'><strong>adjectae.</strong></span> 
     </span>
    </p>
   </div>
   <div class='ocr_carea' id='block_1_4' title="bbox 214 1090 2443 3114">
    <p class='ocr_par' dir='ltr' id='par_1_4' title="bbox 218 1090 2352 1321">
     <span class='ocr_line' id='line_1_8' title="bbox 345 1090 2352 1214; baseline -0.001 -23"><span class='ocrx_word' id='word_1_46' title='bbox 345 1147 372 1191; x_wconf 91' lang='lat'>1</span> <span class='ocrx_word' id='word_1_47' title='bbox 393 1120 488 1193; x_wconf 78' lang='lat'><strong>52</strong></span> <span class='ocrx_word' id='word_1_48' title='bbox 507 1146 566 1191; x_wconf 88' lang='lat'><strong>1.</strong></span> <span class='ocrx_word' id='word_1_49' title='bbox 616 1123 952 1208; x_wconf 82' lang='lat' dir='ltr'><strong>Basileae‚</strong></span> <span class='ocrx_word' id='word_1_50' title='bbox 1011 1121 1078 1191; x_wconf 90' lang='grc'><strong>8.</strong></span> <span class='ocrx_word' id='word_1_51' title='bbox 1123 1090 1589 1191; x_wconf 75' lang='lat' dir='ltr'><strong>Cratandrina</strong></span> <span class='ocrx_word' id='word_1_52' title='bbox 1629 1121 1681 1189; x_wconf 94' lang='lat'><strong>1.</strong></span> <span class='ocrx_word' id='word_1_53' title='bbox 1742 1116 1931 1197; x_wconf 79' lang='lat' dir='ltr'><strong>Plinii</strong></span> <span class='ocrx_word' id='word_1_54' title='bbox 1972 1121 2143 1214; x_wconf 85' lang='lat' dir='ltr'><strong>Epp.</strong></span> <span class='ocrx_word' id='word_1_55' title='bbox 2198 1144 2352 1191; x_wconf 85' lang='lat' dir='ltr'><strong>cum</strong></span> 
     </span>
     <span class='ocr_line' id='line_1_9' title="bbox 218 1224 1179 1321; baseline 0 -26"><span class='ocrx_word' id='word_1_56' title='bbox 218 1230 473 1321; x_wconf 85' lang='lat' dir='ltr'><strong>Paneg.</strong></span> <span class='ocrx_word' id='word_1_57' title='bbox 503 1241 671 1296; x_wconf 86' lang='lat' dir='ltr'><strong>eaett.</strong></span> <span class='ocrx_word' id='word_1_58' title='bbox 717 1227 889 1295; x_wconf 91' lang='lat' dir='ltr'><strong>utin</strong></span> <span class='ocrx_word' id='word_1_59' title='bbox 925 1224 1179 1295; x_wconf 85' lang='lat' dir='ltr'><strong>Aldina.</strong></span> 
     </span>
    </p>

    <p class='ocr_par' dir='ltr' id='par_1_5' title="bbox 347 1330 1876 1427">
     <span class='ocr_line' id='line_1_10' title="bbox 347 1330 1876 1427; baseline -0.003 -24"><span class='ocrx_word' id='word_1_60' title='bbox 347 1358 372 1403; x_wconf 88' lang='lat'>1</span> <span class='ocrx_word' id='word_1_61' title='bbox 393 1331 485 1403; x_wconf 83' lang='lat'><strong>52</strong></span> <span class='ocrx_word' id='word_1_62' title='bbox 506 1358 530 1402; x_wconf 82' lang='lat'>1</span> <span class='ocrx_word' id='word_1_63' title='bbox 551 1381 567 1398; x_wconf 91' lang='lat'><strong>.</strong></span> <span class='ocrx_word' id='word_1_64' title='bbox 605 1336 972 1427; x_wconf 82' lang='lat' dir='ltr'><strong>Argentor.</strong></span> <span class='ocrx_word' id='word_1_65' title='bbox 1014 1334 1084 1417; x_wconf 74' lang='grc'><strong>4.</strong></span> <span class='ocrx_word' id='word_1_66' title='bbox 1128 1332 1318 1400; x_wconf 86' lang='lat' dir='ltr'><strong>Plinii</strong></span> <span class='ocrx_word' id='word_1_67' title='bbox 1352 1334 1525 1425; x_wconf 89' lang='lat' dir='ltr'><strong>Epp.</strong></span> <span class='ocrx_word' id='word_1_68' title='bbox 1570 1330 1755 1399; x_wconf 86' lang='lat' dir='ltr'><strong>Libri</strong></span> <span class='ocrx_word' id='word_1_69' title='bbox 1789 1334 1876 1400; x_wconf 89' lang='lat' dir='ltr'><strong>X.</strong></span> 
     </span>
    </p>

    <p class='ocr_par' dir='ltr' id='par_1_6' title="bbox 214 1436 2443 3114">
     <span class='ocr_line' id='line_1_11' title="bbox 347 1436 2360 1524; baseline 0 -17"><span class='ocrx_word' id='word_1_70' title='bbox 347 1462 372 1507; x_wconf 84' lang='lat'>1</span> <span class='ocrx_word' id='word_1_71' title='bbox 395 1436 564 1509; x_wconf 81' lang='lat'><strong>526.</strong></span> <span class='ocrx_word' id='word_1_72' title='bbox 613 1440 908 1509; x_wconf 82' lang='lat' dir='ltr'><strong>Basileae</strong></span> <span class='ocrx_word' id='word_1_73' title='bbox 935 1492 957 1524; x_wconf 91' lang='lat'><strong><em>,</em></strong></span> <span class='ocrx_word' id='word_1_74' title='bbox 1025 1438 1089 1508; x_wconf 91' lang='grc'><strong>8.</strong></span> <span class='ocrx_word' id='word_1_75' title='bbox 1152 1436 1593 1511; x_wconf 83' lang='lat' dir='ltr'><strong>Cratandrina</strong></span> <span class='ocrx_word' id='word_1_76' title='bbox 1655 1438 1744 1505; x_wconf 92' lang='grc' dir='ltr'><strong>ΙΙ.</strong></span> <span class='ocrx_word' id='word_1_77' title='bbox 1797 1438 2011 1509; x_wconf 79' lang='lat' dir='ltr'><strong>Plinii</strong></span> <span class='ocrx_word' id='word_1_78' title='bbox 2062 1439 2360 1509; x_wconf 76' lang='lat' dir='ltr'><strong>Secundi</strong></span> 
     </span>
     <span class='ocr_line' id='line_1_12' title="bbox 218 1543 2363 1641; baseline 0.001 -28"><span class='ocrx_word' id='word_1_79' title='bbox 218 1546 296 1613; x_wconf 85' lang='lat' dir='ltr'><em>E</em></span> <span class='ocrx_word' id='word_1_80' title='bbox 281 1546 700 1641; x_wconf 86' lang='lat' dir='ltr'><strong>pistolarum</strong></span> <span class='ocrx_word' id='word_1_81' title='bbox 759 1543 919 1613; x_wconf 86' lang='lat' dir='ltr'><strong>libri</strong></span> <span class='ocrx_word' id='word_1_82' title='bbox 974 1547 1046 1614; x_wconf 91' lang='lat' dir='ltr'><em>X</em></span> <span class='ocrx_word' id='word_1_83' title='bbox 1077 1596 1100 1630; x_wconf 88' lang='lat'><em>,</em></span> <span class='ocrx_word' id='word_1_84' title='bbox 1163 1548 1631 1637; x_wconf 73' lang='lat' dir='ltr'><strong>Panegyricus</strong></span> <span class='ocrx_word' id='word_1_85' title='bbox 1701 1543 2005 1634; x_wconf 85' lang='lat' dir='ltr'><strong>Trajano</strong></span> <span class='ocrx_word' id='word_1_86' title='bbox 2051 1548 2363 1641; x_wconf 83' lang='lat' dir='ltr'><strong>Principi</strong></span> 
     </span>
     <span class='ocr_line' id='line_1_13' title="bbox 214 1644 2350 1744; baseline 0 -25"><span class='ocrx_word' id='word_1_87' title='bbox 214 1651 451 1719; x_wconf 75' lang='lat' dir='ltr'><strong>dictus</strong></span> <span class='ocrx_word' id='word_1_88' title='bbox 491 1644 701 1739; x_wconf 88' lang='lat' dir='ltr'><strong>(item</strong></span> <span class='ocrx_word' id='word_1_89' title='bbox 753 1663 988 1721; x_wconf 77' lang='lat' dir='ltr'><strong>caetera</strong></span> <span class='ocrx_word' id='word_1_90' title='bbox 1017 1703 1037 1737; x_wconf 90' lang='lat'>‚</span> <span class='ocrx_word' id='word_1_91' title='bbox 1089 1674 1234 1744; x_wconf 83' lang='lat' dir='ltr'><strong>quae</strong></span> <span class='ocrx_word' id='word_1_92' title='bbox 1279 1650 1348 1717; x_wconf 90' lang='lat' dir='ltr'><strong>in</strong></span> <span class='ocrx_word' id='word_1_93' title='bbox 1401 1648 1551 1719; x_wconf 87' lang='lat' dir='ltr'><strong>Aldi</strong></span> <span class='ocrx_word' id='word_1_94' title='bbox 1600 1649 1885 1721; x_wconf 84' lang='lat' dir='ltr'><strong>editione</strong></span> <span class='ocrx_word' id='word_1_95' title='bbox 1949 1650 2279 1719; x_wconf 86' lang='lat' dir='ltr'><strong>habentur</strong></span> <span class='ocrx_word' id='word_1_96' title='bbox 2305 1644 2350 1739; x_wconf 90' lang='lat'><strong>).</strong></span> 
     </span>
     <span class='ocr_line' id='line_1_14' title="bbox 219 1755 2353 1851; baseline 0 -26"><span class='ocrx_word' id='word_1_97' title='bbox 219 1760 356 1826; x_wconf 75' lang='lat' dir='ltr'><strong>Ex</strong></span> <span class='ocrx_word' id='word_1_98' title='bbox 385 1758 643 1851; x_wconf 65' lang='lat' dir='ltr'><strong>inclyta</strong></span> <span class='ocrx_word' id='word_1_99' title='bbox 690 1760 1084 1827; x_wconf 81' lang='lat' dir='ltr'><strong>Germanice</strong></span> <span class='ocrx_word' id='word_1_100' title='bbox 1112 1756 1398 1826; x_wconf 85' lang='lat' dir='ltr'><strong>Basilea</strong></span> <span class='ocrx_word' id='word_1_101' title='bbox 1419 1808 1443 1842; x_wconf 91' lang='lat'>,</span> <span class='ocrx_word' id='word_1_102' title='bbox 1484 1780 1621 1851; x_wconf 82' lang='lat' dir='ltr'><strong>per</strong></span> <span class='ocrx_word' id='word_1_103' title='bbox 1662 1755 2020 1824; x_wconf 79' lang='lat' dir='ltr'><strong>Andream</strong></span> <span class='ocrx_word' id='word_1_104' title='bbox 2062 1758 2353 1827; x_wconf 84' lang='lat' dir='ltr'><strong>Cratan-</strong></span> 
     </span>
     <span class='ocr_line' id='line_1_15' title="bbox 216 1862 2355 1956; baseline 0 -25"><span class='ocrx_word' id='word_1_105' title='bbox 216 1862 424 1933; x_wconf 83' lang='lat' dir='ltr'><strong>drum</strong></span> <span class='ocrx_word' id='word_1_106' title='bbox 443 1916 466 1950; x_wconf 87' lang='lat'><em>,</em></span> <span class='ocrx_word' id='word_1_107' title='bbox 516 1887 741 1933; x_wconf 86' lang='lat' dir='ltr'><strong>mense</strong></span> <span class='ocrx_word' id='word_1_108' title='bbox 791 1866 1053 1931; x_wconf 80' lang='lat' dir='ltr'><strong>Martio</strong></span> <span class='ocrx_word' id='word_1_109' title='bbox 1078 1914 1100 1946; x_wconf 88' lang='lat'>‚</span> <span class='ocrx_word' id='word_1_110' title='bbox 1151 1884 1337 1929; x_wconf 84' lang='lat' dir='ltr'><strong>anno</strong></span> <span class='ocrx_word' id='word_1_111' title='bbox 1374 1864 1794 1931; x_wconf 85' lang='lat' dir='ltr'><em>MDXXVI.</em></span> <span class='ocrx_word' id='word_1_112' title='bbox 1830 1863 1913 1929; x_wconf 91' lang='lat' dir='ltr'><strong>In</strong></span> <span class='ocrx_word' id='word_1_113' title='bbox 1968 1862 2355 1956; x_wconf 66' lang='lat' dir='ltr'><strong>praefatione</strong></span> 
     </span>
     <span class='ocr_line' id='line_1_16' title="bbox 219 1965 2351 2062; baseline 0 -25"><span class='ocrx_word' id='word_1_114' title='bbox 219 1968 312 2037; x_wconf 89' lang='lat' dir='ltr'><strong>ad</strong></span> <span class='ocrx_word' id='word_1_115' title='bbox 351 1968 664 2037; x_wconf 81' lang='lat' dir='ltr'><strong>lectorem</strong></span> <span class='ocrx_word' id='word_1_116' title='bbox 693 1969 836 2037; x_wconf 83' lang='lat' dir='ltr'><strong>haec</strong></span> <span class='ocrx_word' id='word_1_117' title='bbox 863 1965 1126 2062; x_wconf 87' lang='lat' dir='ltr'><strong>quidem</strong></span> <span class='ocrx_word' id='word_1_118' title='bbox 1151 1966 1376 2037; x_wconf 87' lang='lat' dir='ltr'><strong>scribit</strong></span> <span class='ocrx_word' id='word_1_119' title='bbox 1401 1966 1805 2039; x_wconf 82' lang='lat' dir='ltr'><strong>Cratander:</strong></span> <span class='ocrx_word' id='word_1_120' title='bbox 1831 1966 1937 2035; x_wconf 91' lang='lat' dir='ltr'><strong>ad</strong></span> <span class='ocrx_word' id='word_1_121' title='bbox 1952 1968 2351 2038; x_wconf 82' lang='lat' dir='ltr'><strong>comendam</strong></span> 
     </span>
     <span class='ocr_line' id='line_1_17' title="bbox 219 2074 2348 2169; baseline 0 -26"><span class='ocrx_word' id='word_1_122' title='bbox 219 2076 532 2169; x_wconf 82' lang='lat' dir='ltr'><strong>linguam</strong></span> <span class='ocrx_word' id='word_1_123' title='bbox 552 2129 576 2163; x_wconf 87' lang='lat'>‚</span> <span class='ocrx_word' id='word_1_124' title='bbox 623 2078 1048 2167; x_wconf 82' lang='lat' dir='ltr'><strong>Romanique</strong></span> <span class='ocrx_word' id='word_1_125' title='bbox 1103 2080 1430 2143; x_wconf 75' lang='lat' dir='ltr'><strong>sermonis</strong></span> <span class='ocrx_word' id='word_1_126' title='bbox 1463 2079 1843 2168; x_wconf 82' lang='lat' dir='ltr'><strong>puritatem</strong></span> <span class='ocrx_word' id='word_1_127' title='bbox 1890 2074 2295 2168; x_wconf 84' lang='lat' dir='ltr'><strong>parandam</strong></span> <span class='ocrx_word' id='word_1_128' title='bbox 2325 2125 2348 2159; x_wconf 90' lang='lat'>‚</span> 
     </span>
     <span class='ocr_line' id='line_1_18' title="bbox 220 2178 2351 2274; baseline -0 -25"><span class='ocrx_word' id='word_1_129' title='bbox 220 2180 476 2249; x_wconf 75' lang='lat' dir='ltr'><strong>dcunzcs</strong></span> <span class='ocrx_word' id='word_1_130' title='bbox 526 2205 666 2249; x_wconf 83' lang='lat' dir='ltr'><strong>non</strong></span> <span class='ocrx_word' id='word_1_131' title='bbox 698 2185 948 2265; x_wconf 73' lang='lat' dir='ltr'><strong>minus,</strong></span> <span class='ocrx_word' id='word_1_132' title='bbox 995 2194 1075 2247; x_wconf 82' lang='lat' dir='ltr'><strong>ut</strong></span> <span class='ocrx_word' id='word_1_133' title='bbox 1103 2202 1303 2274; x_wconf 80' lang='lat' dir='ltr'><strong>spero</strong></span> <span class='ocrx_word' id='word_1_134' title='bbox 1318 2231 1341 2265; x_wconf 89' lang='lat'>‚</span> <span class='ocrx_word' id='word_1_135' title='bbox 1391 2180 1708 2247; x_wconf 74' lang='lat' dir='ltr'><strong>utilitatis</strong></span> <span class='ocrx_word' id='word_1_136' title='bbox 1748 2178 2144 2249; x_wconf 84' lang='lat' dir='ltr'><strong>adlaturum</strong></span> <span class='ocrx_word' id='word_1_137' title='bbox 2184 2204 2351 2274; x_wconf 84' lang='lat' dir='ltr'><strong>opu-</strong></span> 
     </span>
     <span class='ocr_line' id='line_1_19' title="bbox 218 2284 2363 2383; baseline -0 -27"><span class='ocrx_word' id='word_1_138' title='bbox 218 2289 485 2356; x_wconf 86' lang='lat' dir='ltr'><strong>sculum</strong></span> <span class='ocrx_word' id='word_1_139' title='bbox 516 2341 539 2373; x_wconf 90' lang='lat'><strong><em>,</em></strong></span> <span class='ocrx_word' id='word_1_140' title='bbox 582 2308 822 2383; x_wconf 82' lang='lat' dir='ltr'><strong>nempe</strong></span> <span class='ocrx_word' id='word_1_141' title='bbox 857 2286 1189 2382; x_wconf 75' lang='lat' dir='ltr'><strong>epistolas</strong></span> <span class='ocrx_word' id='word_1_142' title='bbox 1229 2287 1445 2356; x_wconf 83' lang='lat' dir='ltr'><strong>Plinii</strong></span> <span class='ocrx_word' id='word_1_143' title='bbox 1478 2284 1804 2369; x_wconf 83' lang='lat' dir='ltr'><strong>Secundi,</strong></span> <span class='ocrx_word' id='word_1_144' title='bbox 1850 2290 1924 2354; x_wconf 89' lang='lat' dir='ltr'><strong>in</strong></span> <span class='ocrx_word' id='word_1_145' title='bbox 1960 2284 2090 2356; x_wconf 76' lang='lat' dir='ltr'><strong>hoc</strong></span> <span class='ocrx_word' id='word_1_146' title='bbox 2120 2292 2363 2383; x_wconf 86' lang='lat' dir='ltr'><strong>scripti</strong></span> 
     </span>
     <span class='ocr_line' id='line_1_20' title="bbox 215 2395 2347 2488; baseline 0 -26"><span class='ocrx_word' id='word_1_147' title='bbox 215 2417 476 2487; x_wconf 78' lang='lat' dir='ltr'><strong>genere</strong></span> <span class='ocrx_word' id='word_1_148' title='bbox 507 2399 717 2488; x_wconf 88' lang='lat' dir='ltr'><strong>quasi</strong></span> <span class='ocrx_word' id='word_1_149' title='bbox 761 2398 990 2464; x_wconf 82' lang='lat' dir='ltr'><strong>Roscii</strong></span> <span class='ocrx_word' id='word_1_150' title='bbox 1001 2416 1029 2478; x_wconf 91' lang='lat'><strong>‚·</strong></span> <span class='ocrx_word' id='word_1_151' title='bbox 1071 2409 1215 2462; x_wconf 83' lang='lat' dir='ltr'><strong>una</strong></span> <span class='ocrx_word' id='word_1_152' title='bbox 1250 2417 1402 2462; x_wconf 88' lang='lat' dir='ltr'><strong>cum</strong></span> <span class='ocrx_word' id='word_1_153' title='bbox 1421 2395 1834 2488; x_wconf 76' lang='lat' dir='ltr'><strong>politissimo</strong></span> <span class='ocrx_word' id='word_1_154' title='bbox 1874 2396 2301 2488; x_wconf 78' lang='lat' dir='ltr'><strong>Panegyrico</strong></span> <span class='ocrx_word' id='word_1_155' title='bbox 2322 2448 2347 2480; x_wconf 89' lang='lat'><em>,</em></span> 
     </span>
     <span class='ocr_line' id='line_1_21' title="bbox 235 2498 2347 2596; baseline 0 -28"><span class='ocrx_word' id='word_1_156' title='bbox 235 2500 545 2592; x_wconf 82' lang='lat' dir='ltr'><strong>Trajano</strong></span> <span class='ocrx_word' id='word_1_157' title='bbox 581 2503 994 2596; x_wconf 77' lang='lat' dir='ltr'><strong>Imperatori</strong></span> <span class='ocrx_word' id='word_1_158' title='bbox 1025 2498 1208 2568; x_wconf 86' lang='lat' dir='ltr'><strong>dicto</strong></span> <span class='ocrx_word' id='word_1_159' title='bbox 1227 2551 1250 2584; x_wconf 89' lang='lat'><strong>,</strong></span> <span class='ocrx_word' id='word_1_160' title='bbox 1288 2514 1354 2567; x_wconf 81' lang='lat' dir='ltr'><strong>et</strong></span> <span class='ocrx_word' id='word_1_161' title='bbox 1381 2499 1608 2569; x_wconf 88' lang='lat' dir='ltr'><strong>libello</strong></span> <span class='ocrx_word' id='word_1_162' title='bbox 1640 2499 1728 2568; x_wconf 87' lang='lat' dir='ltr'><strong>dc</strong></span> <span class='ocrx_word' id='word_1_163' title='bbox 1754 2503 1921 2568; x_wconf 63' lang='lat' dir='ltr'><strong>viris</strong></span> <span class='ocrx_word' id='word_1_164' title='bbox 1944 2499 2347 2587; x_wconf 67' lang='lat' dir='ltr'><strong>illustribus,</strong></span> 
     </span>
     <span class='ocr_line' id='line_1_22' title="bbox 223 2605 2443 2700; baseline 0 -25"><span class='ocrx_word' id='word_1_165' title='bbox 223 2605 336 2675; x_wconf 87' lang='lat' dir='ltr'><strong>ad</strong></span> <span class='ocrx_word' id='word_1_166' title='bbox 365 2607 724 2700; x_wconf 79' lang='lat' dir='ltr'><strong>exemplar</strong></span> <span class='ocrx_word' id='word_1_167' title='bbox 753 2609 826 2676; x_wconf 87' lang='lat' dir='ltr'><em>A</em></span> <span class='ocrx_word' id='word_1_168' title='bbox 829 2605 1080 2674; x_wconf 88' lang='lat' dir='ltr'><strong>ldinum</strong></span> <span class='ocrx_word' id='word_1_169' title='bbox 1121 2629 1330 2698; x_wconf 83' lang='lat' dir='ltr'><strong>quam</strong></span> <span class='ocrx_word' id='word_1_170' title='bbox 1347 2605 1761 2700; x_wconf 72' lang='lat' dir='ltr'><strong>fia&#39;eltssime</strong></span> <span class='ocrx_word' id='word_1_171' title='bbox 1782 2651 1805 2686; x_wconf 89' lang='lat'><strong><em>,</em></strong></span> <span class='ocrx_word' id='word_1_172' title='bbox 1858 2629 2135 2700; x_wconf 84' lang='lat' dir='ltr'><strong>quaque</strong></span> <span class='ocrx_word' id='word_1_173' title='bbox 2168 2608 2361 2676; x_wconf 70' lang='lat' dir='ltr'><strong>li‘cui&#39;t*</strong></span> <span class='ocrx_word' id='word_1_174' title='bbox 2436 2613 2443 2618; x_wconf 86' lang='lat'>&#39;</span> 
     </span>
     <span class='ocr_line' id='line_1_23' title="bbox 223 2711 2353 2806; baseline 0.001 -26"><span class='ocrx_word' id='word_1_175' title='bbox 223 2713 589 2806; x_wconf 79' lang='lat' dir='ltr'><strong>diligentia</strong></span> <span class='ocrx_word' id='word_1_176' title='bbox 605 2763 624 2798; x_wconf 91' lang='lat'><strong>,</strong></span> <span class='ocrx_word' id='word_1_177' title='bbox 655 2711 1056 2781; x_wconf 83' lang='lat' dir='ltr'><strong>emendatas</strong></span> <span class='ocrx_word' id='word_1_178' title='bbox 1071 2764 1090 2796; x_wconf 90' lang='lat'>,</span> <span class='ocrx_word' id='word_1_179' title='bbox 1113 2713 1464 2806; x_wconf 80' lang='lat' dir='ltr'><strong>plerisque</strong></span> <span class='ocrx_word' id='word_1_180' title='bbox 1502 2716 1711 2782; x_wconf 81' lang='lat' dir='ltr'><strong>eciam</strong></span> <span class='ocrx_word' id='word_1_181' title='bbox 1746 2718 1819 2781; x_wconf 90' lang='lat' dir='ltr'><strong>in</strong></span> <span class='ocrx_word' id='word_1_182' title='bbox 1856 2711 2025 2780; x_wconf 88' lang='lat' dir='ltr'><strong>locis</strong></span> <span class='ocrx_word' id='word_1_183' title='bbox 2064 2714 2353 2782; x_wconf 78' lang='lat' dir='ltr'><strong>alc&#39;otum</strong></span> 
     </span>
     <span class='ocr_line' id='line_1_24' title="bbox 223 2819 2355 2913; baseline 0.001 -27"><span class='ocrx_word' id='word_1_184' title='bbox 223 2819 600 2887; x_wconf 77' lang='lat' dir='ltr'><strong>collatione</strong></span> <span class='ocrx_word' id='word_1_185' title='bbox 631 2819 1119 2913; x_wconf 76' lang='lat' dir='ltr'><strong>exemplat-itan</strong></span> <span class='ocrx_word' id='word_1_186' title='bbox 1169 2823 1648 2911; x_wconf 81' lang='lat' dir='ltr'><strong>castigatiores</strong></span> <span class='ocrx_word' id='word_1_187' title='bbox 1670 2871 1691 2903; x_wconf 93' lang='lat'><strong><em>,</em></strong></span> <span class='ocrx_word' id='word_1_188' title='bbox 1736 2833 1860 2886; x_wconf 87' lang='lat' dir='ltr'><strong>etc.</strong></span> <span class='ocrx_word' id='word_1_189' title='bbox 1900 2847 1999 2858; x_wconf 90' lang='grc'><strong>--</strong></span> <span class='ocrx_word' id='word_1_190' title='bbox 2032 2819 2113 2886; x_wconf 89' lang='lat' dir='ltr'><strong>In</strong></span> <span class='ocrx_word' id='word_1_191' title='bbox 2150 2821 2355 2889; x_wconf 88' lang='lat' dir='ltr'><strong>Pane-</strong></span> 
     </span>
     <span class='ocr_line' id='line_1_25' title="bbox 227 2922 2353 3018; baseline 0.001 -26"><span class='ocrx_word' id='word_1_192' title='bbox 227 2925 459 3018; x_wconf 84' lang='lat' dir='ltr'><strong>gyrico</strong></span> <span class='ocrx_word' id='word_1_193' title='bbox 486 2939 706 2992; x_wconf 82' lang='lat' dir='ltr'><strong>tamen</strong></span> <span class='ocrx_word' id='word_1_194' title='bbox 751 2922 1155 2994; x_wconf 87' lang='lat' dir='ltr'><strong>recensendo</strong></span> <span class='ocrx_word' id='word_1_195' title='bbox 1192 2949 1328 2992; x_wconf 88' lang='lat' dir='ltr'><strong>non</strong></span> <span class='ocrx_word' id='word_1_196' title='bbox 1372 2924 1493 2991; x_wconf 88' lang='lat' dir='ltr'><strong>nisi</strong></span> <span class='ocrx_word' id='word_1_197' title='bbox 1538 2923 1607 2990; x_wconf 92' lang='lat' dir='ltr'><strong>in</strong></span> <span class='ocrx_word' id='word_1_198' title='bbox 1647 2923 1859 2993; x_wconf 88' lang='lat' dir='ltr'><strong>tribus</strong></span> <span class='ocrx_word' id='word_1_199' title='bbox 1894 2924 2153 2992; x_wconf 85' lang='lat' dir='ltr'><strong>circiter</strong></span> <span class='ocrx_word' id='word_1_200' title='bbox 2192 2925 2353 2996; x_wconf 82' lang='lat' dir='ltr'><strong>locis</strong></span> 
     </span>
     <span class='ocr_line' id='line_1_26' title="bbox 227 3024 1878 3114; baseline -0.001 -18"><span class='ocrx_word' id='word_1_201' title='bbox 227 3029 320 3097; x_wconf 88' lang='lat' dir='ltr'><strong>ab</strong></span> <span class='ocrx_word' id='word_1_202' title='bbox 348 3029 500 3098; x_wconf 85' lang='lat' dir='ltr'><strong>Aldi</strong></span> <span class='ocrx_word' id='word_1_203' title='bbox 535 3032 914 3100; x_wconf 82' lang='lat' dir='ltr'><strong>recensione</strong></span> <span class='ocrx_word' id='word_1_204' title='bbox 950 3027 1200 3098; x_wconf 88' lang='lat' dir='ltr'><strong>recedit</strong></span> <span class='ocrx_word' id='word_1_205' title='bbox 1229 3024 1452 3114; x_wconf 84' lang='lat' dir='ltr'><strong>‚&#39;teste</strong></span> <span class='ocrx_word' id='word_1_206' title='bbox 1486 3029 1878 3098; x_wconf 87' lang='lat' dir='ltr'><strong>Schwarzio.</strong></span> 
     </span>
    </p>
   </div>
   <div class='ocr_carea' id='block_1_5' title="bbox 229 3131 2357 3336">
    <p class='ocr_par' dir='ltr' id='par_1_7' title="bbox 229 3131 2357 3336">
     <span class='ocr_line' id='line_1_27' title="bbox 352 3131 2357 3232; baseline 0 -29"><span class='ocrx_word' id='word_1_207' title='bbox 352 3160 373 3203; x_wconf 82' lang='grc' dir='ltr'><strong>ι</strong></span> <span class='ocrx_word' id='word_1_208' title='bbox 399 3131 568 3232; x_wconf 62' lang='grc'><strong>529.</strong></span> <span class='ocrx_word' id='word_1_209' title='bbox 590 3135 922 3231; x_wconf 76' lang='lat' dir='ltr'><strong>Lugduni.</strong></span> <span class='ocrx_word' id='word_1_210' title='bbox 947 3133 1136 3204; x_wconf 89' lang='lat' dir='ltr'><strong>Plinii</strong></span> <span class='ocrx_word' id='word_1_211' title='bbox 1163 3137 1331 3228; x_wconf 90' lang='lat' dir='ltr'><strong>Epp.</strong></span> <span class='ocrx_word' id='word_1_212' title='bbox 1351 3158 1609 3202; x_wconf 83' lang='lat' dir='ltr'><strong>excusae</strong></span> <span class='ocrx_word' id='word_1_213' title='bbox 1632 3135 1699 3202; x_wconf 91' lang='lat' dir='ltr'><strong>in</strong></span> <span class='ocrx_word' id='word_1_214' title='bbox 1719 3133 1991 3204; x_wconf 89' lang='lat' dir='ltr'><strong>AEdibus</strong></span> <span class='ocrx_word' id='word_1_215' title='bbox 2016 3137 2357 3204; x_wconf 86' lang='lat' dir='ltr'><strong>Laurentii</strong></span> 
     </span>
     <span class='ocr_line' id='line_1_28' title="bbox 229 3239 2357 3336; baseline 0.002 -28"><span class='ocrx_word' id='word_1_216' title='bbox 229 3239 503 3325; x_wconf 83' lang='lat' dir='ltr'><strong>Hilarii,</strong></span> <span class='ocrx_word' id='word_1_217' title='bbox 553 3257 820 3336; x_wconf 86' lang='lat' dir='ltr'><strong>sumptu</strong></span> <span class='ocrx_word' id='word_1_218' title='bbox 870 3240 1130 3310; x_wconf 86' lang='lat' dir='ltr'><strong>honesti</strong></span> <span class='ocrx_word' id='word_1_219' title='bbox 1171 3241 1294 3308; x_wconf 86' lang='lat' dir='ltr'><strong>viri</strong></span> <span class='ocrx_word' id='word_1_220' title='bbox 1328 3241 1663 3309; x_wconf 84' lang='lat' dir='ltr'><strong>Vincentii</strong></span> <span class='ocrx_word' id='word_1_221' title='bbox 1715 3240 1797 3310; x_wconf 90' lang='lat' dir='ltr'><strong>de</strong></span> <span class='ocrx_word' id='word_1_222' title='bbox 1836 3241 2237 3310; x_wconf 86' lang='lat' dir='ltr'><strong>Portonariis</strong></span> <span class='ocrx_word' id='word_1_223' title='bbox 2272 3239 2357 3312; x_wconf 85' lang='lat' dir='ltr'><strong>de</strong></span> 
     </span>
    </p>
   </div>
   <div class='ocr_carea' id='block_1_6' title="bbox 225 3343 2365 3865">
    <p class='ocr_par' dir='ltr' id='par_1_8' title="bbox 225 3343 2361 3654">
     <span class='ocr_line' id='line_1_29' title="bbox 225 3343 2361 3442; baseline 0.001 -28"><span class='ocrx_word' id='word_1_224' title='bbox 225 3347 537 3434; x_wconf 78' lang='lat' dir='ltr'><strong>Tridirm,</strong></span> <span class='ocrx_word' id='word_1_225' title='bbox 569 3349 653 3418; x_wconf 88' lang='lat' dir='ltr'><strong>de</strong></span> <span class='ocrx_word' id='word_1_226' title='bbox 681 3345 1156 3431; x_wconf 83' lang='lat' dir='ltr'><strong>Montferrato‚</strong></span> <span class='ocrx_word' id='word_1_227' title='bbox 1181 3347 1583 3416; x_wconf 80' lang='lat' dir='ltr'><strong>MDxxlx.</strong></span> <span class='ocrx_word' id='word_1_228' title='bbox 1608 3385 1714 3399; x_wconf 85' lang='lat'><strong>--</strong></span> <span class='ocrx_word' id='word_1_229' title='bbox 1733 3343 2023 3416; x_wconf 79' lang='lat' dir='ltr'><strong>Praefixae</strong></span> <span class='ocrx_word' id='word_1_230' title='bbox 2052 3347 2361 3442; x_wconf 80' lang='lat' dir='ltr'><strong>leguntur</strong></span> 
     </span>
     <span class='ocr_line' id='line_1_30' title="bbox 229 3451 2358 3546; baseline 0.001 -26"><span class='ocrx_word' id='word_1_231' title='bbox 229 3451 380 3520; x_wconf 83' lang='lat' dir='ltr'><strong>Aldi</strong></span> <span class='ocrx_word' id='word_1_232' title='bbox 449 3456 728 3523; x_wconf 85' lang='lat' dir='ltr'><strong>Manutii</strong></span> <span class='ocrx_word' id='word_1_233' title='bbox 782 3468 849 3522; x_wconf 91' lang='lat' dir='ltr'><strong>et</strong></span> <span class='ocrx_word' id='word_1_234' title='bbox 920 3451 1116 3521; x_wconf 83' lang='lat' dir='ltr'><strong>Andr.</strong></span> <span class='ocrx_word' id='word_1_235' title='bbox 1179 3451 1533 3521; x_wconf 86' lang='lat' dir='ltr'><strong>Cratandri</strong></span> <span class='ocrx_word' id='word_1_236' title='bbox 1590 3453 2023 3546; x_wconf 76' lang='lat' dir='ltr'><strong>praefationeS.</strong></span> <span class='ocrx_word' id='word_1_237' title='bbox 2077 3452 2184 3524; x_wconf 86' lang='lat' dir='ltr'><strong>Cf.</strong></span> <span class='ocrx_word' id='word_1_238' title='bbox 2234 3453 2358 3523; x_wconf 83' lang='lat' dir='ltr'><strong>Th.</strong></span> 
     </span>
     <span class='ocr_line' id='line_1_31' title="bbox 229 3549 2359 3654; baseline 0 -26"><span class='ocrx_word' id='word_1_239' title='bbox 229 3560 461 3628; x_wconf 86' lang='lat' dir='ltr'><strong>Crenii</strong></span> <span class='ocrx_word' id='word_1_240' title='bbox 491 3559 833 3630; x_wconf 84' lang='lat' dir='ltr'><strong>Animadv.</strong></span> <span class='ocrx_word' id='word_1_241' title='bbox 869 3555 1104 3627; x_wconf 89' lang='lat' dir='ltr'><strong>Philol.</strong></span> <span class='ocrx_word' id='word_1_242' title='bbox 1138 3571 1206 3626; x_wconf 87' lang='lat' dir='ltr'><strong>et</strong></span> <span class='ocrx_word' id='word_1_243' title='bbox 1235 3557 1386 3628; x_wconf 85' lang='lat' dir='ltr'><strong>hist.</strong></span> <span class='ocrx_word' id='word_1_244' title='bbox 1421 3559 1491 3627; x_wconf 90' lang='lat' dir='ltr'><strong>P.</strong></span> <span class='ocrx_word' id='word_1_245' title='bbox 1520 3559 1593 3643; x_wconf 88' lang='lat'><strong>1,</strong></span> <span class='ocrx_word' id='word_1_246' title='bbox 1628 3583 1685 3626; x_wconf 87' lang='lat' dir='ltr'><strong>e.</strong></span> <span class='ocrx_word' id='word_1_247' title='bbox 1732 3559 1765 3626; x_wconf 84' lang='lat'>1</span> <span class='ocrx_word' id='word_1_248' title='bbox 1796 3549 2003 3648; x_wconf 81' lang='lat' dir='ltr'>‚§V,</span> <span class='ocrx_word' id='word_1_249' title='bbox 2039 3585 2103 3652; x_wconf 85' lang='lat' dir='ltr'><strong>p.</strong></span> <span class='ocrx_word' id='word_1_250' title='bbox 2143 3561 2189 3644; x_wconf 78' lang='grc'>4</span> <span class='ocrx_word' id='word_1_251' title='bbox 2222 3585 2359 3654; x_wconf 86' lang='lat' dir='ltr'><strong>seq.</strong></span> 
     </span>
    </p>

    <p class='ocr_par' dir='ltr' id='par_1_9' title="bbox 231 3611 2365 3865">
     <span class='ocr_line' id='line_1_32' title="bbox 351 3611 2365 3760; baseline 0 -26"><span class='ocrx_word' id='word_1_252' title='bbox 351 3689 374 3733; x_wconf 91' lang='lat'>1</span> <span class='ocrx_word' id='word_1_253' title='bbox 397 3663 570 3760; x_wconf 77' lang='lat'><strong>529.</strong></span> <span class='ocrx_word' id='word_1_254' title='bbox 637 3669 970 3751; x_wconf 66' lang='lat' dir='ltr'><strong>Parisiis,</strong></span> <span class='ocrx_word' id='word_1_255' title='bbox 1037 3665 1101 3734; x_wconf 93' lang='grc'><strong>8.</strong></span> <span class='ocrx_word' id='word_1_256' title='bbox 1162 3667 1230 3734; x_wconf 89' lang='lat' dir='ltr'><strong>C.</strong></span> <span class='ocrx_word' id='word_1_257' title='bbox 1288 3666 1502 3732; x_wconf 86' lang='lat' dir='ltr'><strong>Plinii</strong></span> <span class='ocrx_word' id='word_1_258' title='bbox 1550 3611 1832 3733; x_wconf 83' lang='lat' dir='ltr'><strong>secundi</strong></span> <span class='ocrx_word' id='word_1_259' title='bbox 1892 3665 1961 3734; x_wconf 90' lang='lat' dir='ltr'><em>E</em></span> <span class='ocrx_word' id='word_1_260' title='bbox 1947 3667 2365 3760; x_wconf 75' lang='lat' dir='ltr'><strong>pistolarum</strong></span> 
     </span>
     <span class='ocr_line' id='line_1_33' title="bbox 231 3717 2365 3865; baseline 0.001 -25"><span class='ocrx_word' id='word_1_261' title='bbox 231 3769 394 3840; x_wconf 80' lang='lat' dir='ltr'><strong>libri</strong></span> <span class='ocrx_word' id='word_1_262' title='bbox 425 3775 494 3842; x_wconf 89' lang='lat' dir='ltr'><em>X</em></span> <span class='ocrx_word' id='word_1_263' title='bbox 508 3825 528 3854; x_wconf 91' lang='lat'>‚</span> <span class='ocrx_word' id='word_1_264' title='bbox 577 3772 876 3863; x_wconf 72' lang='lat' dir='ltr'><strong>ejusdem</strong></span> <span class='ocrx_word' id='word_1_265' title='bbox 925 3717 1392 3865; x_wconf 72' lang='lat' dir='ltr'><strong>Panegyricus</strong></span> <span class='ocrx_word' id='word_1_266' title='bbox 1424 3824 1445 3856; x_wconf 89' lang='lat'>,</span> <span class='ocrx_word' id='word_1_267' title='bbox 1504 3786 1574 3838; x_wconf 87' lang='lat' dir='ltr'><strong>et</strong></span> <span class='ocrx_word' id='word_1_268' title='bbox 1619 3769 1705 3839; x_wconf 84' lang='lat' dir='ltr'><strong>de</strong></span> <span class='ocrx_word' id='word_1_269' title='bbox 1743 3776 1909 3840; x_wconf 74' lang='lat' dir='ltr'><strong>viris</strong></span> <span class='ocrx_word' id='word_1_270' title='bbox 1954 3771 2321 3842; x_wconf 81' lang='lat' dir='ltr'><strong>illustribus</strong></span> <span class='ocrx_word' id='word_1_271' title='bbox 2344 3827 2365 3855; x_wconf 92' lang='lat'>‚</span> 
     </span>
    </p>
   </div>
   <div class='ocr_carea' id='block_1_7' title="bbox 217 3875 2365 4080">
    <p class='ocr_par' dir='ltr' id='par_1_10' title="bbox 217 3875 2365 4080">
     <span class='ocr_line' id='line_1_34' title="bbox 230 3875 2365 3970; baseline 0.003 -26"><span class='ocrx_word' id='word_1_272' title='bbox 230 3891 356 3946; x_wconf 86' lang='lat' dir='ltr'><strong>etc.</strong></span> <span class='ocrx_word' id='word_1_273' title='bbox 403 3878 822 3948; x_wconf 71' lang='lat' dir='ltr'><strong>Excudebat</strong></span> <span class='ocrx_word' id='word_1_274' title='bbox 878 3877 1210 3958; x_wconf 81' lang='lat' dir='ltr'><strong>Robertus</strong></span> <span class='ocrx_word' id='word_1_275' title='bbox 1261 3875 1649 3970; x_wconf 82' lang='lat' dir='ltr'><strong>Stephanus</strong></span> <span class='ocrx_word' id='word_1_276' title='bbox 1690 3901 1877 3948; x_wconf 84' lang='lat' dir='ltr'><strong>anno</strong></span> <span class='ocrx_word' id='word_1_277' title='bbox 1924 3881 2324 3950; x_wconf 88' lang='lat' dir='ltr'><em>MDXXIX</em></span> <span class='ocrx_word' id='word_1_278' title='bbox 2342 3931 2365 3965; x_wconf 90' lang='lat'><em>‚</em></span> 
     </span>
     <span class='ocr_line' id='line_1_35' title="bbox 217 3981 824 4080; baseline 0.002 -30"><span class='ocrx_word' id='word_1_279' title='bbox 217 3981 408 4080; x_wconf 79' lang='lat' dir='ltr'><strong>prid.</strong></span> <span class='ocrx_word' id='word_1_280' title='bbox 469 3985 618 4054; x_wconf 78' lang='lat' dir='ltr'><strong>Cal.</strong></span> <span class='ocrx_word' id='word_1_281' title='bbox 670 3989 824 4054; x_wconf 76' lang='lat' dir='ltr'><strong>lan.</strong></span> 
     </span>
    </p>
   </div>
  </div>
 </body>
</html>
