2857 4690
507 326 654 409 424
1019 322 1463 395 N0T1T1A
1516 326 2105 395 LITERARIA

619 452 831 528 1530.
869 454 1082 525 Basil.
1140 455 1207 527 8.
1255 454 1721 527 Cratandrina
1768 457 1873 526 111
1900 508 1925 544 ,
1978 452 2303 539 Sichardi
2332 452 2385 525 Ι.
2436 450 2649 525 Plinii

501 564 672 657 Epp.
705 576 774 631 et
801 564 1044 657 Paneg.
1079 586 1120 630 a
1149 566 1250 631 Jo.
1284 562 1634 635 ,sichar-dc.
1674 562 1889 632 Nobis
1922 562 2205 631 indicata
2236 585 2276 630 3
2304 563 2453 631 viro
2480 560 2647 631 iuu-

503 671 708 739 striss.
744 672 846 738 Jo.
876 668 1289 763 Heideggero
1309 720 1329 754 ‚
1357 670 1519 763 reip.
1548 670 1920 739 Turicensis
1948 668 2240 753 tribuno,
2266 683 2335 737 et
2368 670 2463 737 rei
2494 667 2647 738 lite·

503 777 691 845 rariae
723 788 944 844 tutore
979 774 1168 843 nobis
1203 774 1838 845 benevolentissimo.

623 877 839 951 1531.
881 880 1229 975 Lugduni,
1273 880 1338 951 8.
1381 885 1457 952 C.
1504 879 1693 951 Plinii
1732 878 2175 975 Epistularum
2218 874 2371 949 libri
2412 876 2472 947 X
2498 932 2517 965 ,
2564 889 2643 947 et

499 988 940 1083 Panegyricus
995 986 1281 1081 Trajano
1335 986 1588 1071 dictus,
1624 1000 1747 1056 etc.
1796 986 2247 1057 Sebastianus
2274 986 2643 1080 ,Gophna

380 1102 391 1107 '
500 1093 782 1163 excudit
805 1116 876 1161 a.
895 1092 1707 1163 MDXXXL—Eosdem
1730 1088 1984 1163 libellos
2000 1139 2023 1180 .‚
2052 1116 2219 1185 quos
2236 1090 2449 1161 Aldus
2474 1116 2637 1160 con-

495 1196 807 1293 junxerat
831 1250 852 1286 ‚
893 1197 1174 1293 Aldique
1230 1198 1685 1293 praefationem
1752 1213 1821 1267 et
1864 1212 2119 1267 textum
2139 1251 2161 1284 ,
2200 1199 2271 1267 in
2316 1197 2449 1267 hac
2488 1196 2637 1266 edi-

501 1306 684 1373 tione
721 1304 991 1373 exhibet
1025 1304 1382 1399 Gryphius.

621 1434 644 1480 1
666 1406 839 1481 532.
863 1412 1298 1507 Antvetpioe,
1343 1410 1409 1481 8.
1444 1412 1520 1480 C.
1544 1409 1739 1480 Plinii
1764 1410 2048 1481 Secundi
2078 1408 2641 1493 Novocomensis,

497 1516 624 1589 viri
659 1514 1022 1585 consularis
1057 1518 1471 1611 oratorisque
1510 1515 1909 1587 disertissimi
1935 1566 1955 1603 ,
1990 1514 2439 1612 Epistolarum
2484 1513 2633 1583 libri

499 1622 601 1711 X,
647 1622 732 1691 ad
778 1620 1116 1717 exemplar
1163 1624 1307 1691 MS.
1365 1621 1701 1717 Rodolphi
1744 1624 2099 1718 Agricolae
2142 1620 2639 1716 diligentissime

499 1730 840 1824 recogniti.
881 1730 1322 1825 Panegyricus
1353 1728 1641 1823 Trajano
1670 1730 1917 1799 Caesari
1950 1728 2183 1799 dictus.
2212 1731 2302 1796 Et
2335 1728 2391 1796 is
2423 1726 2511 1796 ad
2538 1751 2635 1794 ve·

501 1837 930 1905 tustissimum
969 1834 1304 1929 exemplar
1338 1835 1745 1904 emendatus.
1782 1837 1889 1904 De
1936 1836 2094 1904 viris
2138 1832 2501 1903 illustribus
2542 1834 2633 1900 rei

501 1941 802 2011 militaris
842 1955 911 2011 et
947 1939 1480 2011 administrandae
1528 1938 1920 2034 reipublicae.
1964 1943 2396 2011 Accesserant
2430 1962 2631 2033 argu-

501 2062 726 2117 mento
757 2072 892 2117 non
933 2046 1289 2117 admodum
1321 2047 1781 2133 abhorrentia3
1803 2050 2115 2119 Suetonii
2146 2046 2534 2140 Tranquilli
2552 2044 2637 2111 de

501 2152 694 2223 claris
723 2154 1184 2223 Grammaticis
1217 2166 1286 2222 et
1311 2153 1733 2223 Rhetoribus.
1764 2156 1935 2221 Item
1956 2154 2161 2241 ,Iulii
2188 2152 2639 2246 obsequentis

500 2260 963 2355 Prodigiorum
999 2258 1180 2329 liber.
1205 2258 1464 2329 Indices
1498 2258 1668 2348 duo,
1690 2282 1973 2358 quorum
1996 2259 2203 2330 altero
2230 2259 2501 2327 nomina
2536 2282 2631 2326 re·

503 2367 808 2436 feruntur
829 2391 1060 2436 eorum
1075 2419 1095 2452 ‚
1116 2366 1201 2435 ad
1220 2391 1386 2460 quos
1399 2364 1646 2436 Plinius
1664 2366 1887 2436 scribit
1910 2389 1926 2435 τ
1950 2365 2159 2436 altero
2174 2365 2493 2460 quidquid
2512 2389 2638 2433 me·

503 2487 766 2541 moratu
793 2471 1066 2567 dignum
1097 2485 1240 2541 toto
1267 2495 1469 2566 opere
1500 2474 1893 2542 continetur.
1910 2475 2145 2542 Latina
2182 2473 2635 2567 interpretatio

503 2577 864 2646 dictionum
879 2601 958 2646 ac
977 2580 1447 2647 sententiarum
1466 2581 1697 2648 Graeca
1706 2602 1874 2665 rum,
1891 2579 2131 2674 quibus
2144 2577 2391 2648 Plinius
2410 2580 2633 2646 utitur.

502 2684 880 2777 Antverpiae
945 2683 1123 2777 apud
1163 2685 1527 2753 Mat-tinum
1574 2688 1920 2757 Caesarem.
1956 2687 2150 2754 Anno
2198 2685 2633 2754 MDxxxu.

506 2813 730 2858 mense
767 2791 1289 2883 septem—Est
1325 2815 1527 2885 penes
1556 2815 1695 2859 nos.

621 2919 647 2964 1
668 2891 708 2965 5
721 2893 838 2966 33.
873 2899 1164 2966 Partkiis
1176 2948 1199 2983 ,
1233 2895 1343 2966 fol.
1387 2901 1458 2969 C.
1496 2898 1711 2965 Plinii
1742 2899 2001 2968 Coecild
2030 2897 2325 2969 Secundi
2366 2897 2637 2992 Episto-

503 3003 726 3072 acrum
767 3001 926 3071 libri
965 3005 1050 3074 X.
1086 3002 1414 3094 Ejusdem
1447 3003 1921 3097 Panegyricus
1938 3057 1961 3091 ,
2019 3004 2325 3096 Trojano
2363 3004 2588 3072 dictus
2612 3055 2631 3086 ,

501 3133 653 3178 cum
697 3114 1200 3178 commentariis·
1239 3113 1344 3179 Jo.
1376 3113 1635 3178 Marice
1680 3113 2032 3197 Catanaei,
2076 3115 2215 3180 vti-i
2244 3109 2635 3178 doctissimi.

501 3216 744 3284 Multas
802 3215 1110 3310 epistolis·
1163 3239 1316 3284 cum
1367 3215 1640 3284 illarum
1703 3221 2263 3312 interpretatione
2320 3215 2631 3307 adjectis.

504 3319 579 3382 V
566 3335 816 3394 eneunt
848 3319 1110 3390 Jodoco
1157 3319 1378 3390 Badio
1419 3335 1489 3388 et
1531 3323 1791 3408 Ioanni
1828 3325 2116 3417 Boigny.
2144 3355 2255 3372 -—
2276 3324 2403 3391 Ex
2448 3319 2635 3389 chal·

497 3427 880 3522 mgr-aphia
917 3427 1072 3496 Jod.
1114 3425 1292 3495 Bad.
1315 3428 1655 3502 Ascensii.
1689 3431 1903 3498 Anno
1937 3429 2437 3499 MDXXXIII.
2476 3428 2637 3494 Prae·

499 3531 726 3627 figitur
754 3534 912 3602 huic
944 3534 1129 3628 operi
1167 3534 1461 3601 Catanaei
1503 3532 1781 3628 epistola
1815 3533 1897 3601 ad
1942 3535 2030 3602 D.
2062 3534 2385 3602 Jacobum
2432 3531 2631 3600 Sado-

497 3631 704 3706 letum
733 3690 754 3724 ,
819 3639 1225 3732 Episcopum
1293 3642 1939 3732 Carpentoratenum
1966 3691 1985 3726 ,
2035 3661 2092 3707 a.
2153 3635 2347 3709 1518
2404 3639 2632 3706 Romae

498 3745 781 3837 scripta:
824 3745 892 3811 in
924 3769 1054 3838 qua
1092 3746 1443 3814 Catanaeus
1484 3745 1701 3838 primo
1736 3757 2254 3832 commemorat,
2288 3769 2397 3828 se,
2433 3767 2630 3837 quum

497 3845 784 3918 Romam
844 3851 1131 3934 venerit,
1175 3873 1214 3917 a
1271 3851 1626 3920 Dominico
1688 3850 2076 3921 Mamiliano
2130 3849 2493 3945 descriptas
2552 3849 2629 3916 de

497 3955 936 4024 vetustissimo
985 3955 1213 4026 codice
1269 3957 1669 4025 Germanico
1724 3956 1945 4050 plures
1994 3957 2075 4025 ad
2118 3956 2516 4048 ‘l'rajanum‚
2566 3969 2629 4021 et
