2857 4690
718 365 982 436 PANE
1001 367 1242 435 GYR.
1295 367 1517 437 CAP.
1573 368 1875 436 xxm.

2224 393 2361 466 271

211 511 359 573 res3
403 501 708 580 gratum,
737 485 918 582 quod
961 500 1227 558 tantum
1267 513 1406 558 non
1444 488 1627 559 ultro
1662 488 2025 560 clientibus
2068 490 2375 563 salutatis

211 597 544 692 quasdam
566 596 1042 667 familiaritatis
1061 613 1254 668 notas
1273 598 1575 668 adderes.
1604 600 1885 669 Gratius
1902 613 2129 670 tamen
2148 655 2167 687 ,
2190 601 2373 696 quod
2415 636 2444 669 ι

211 709 464 776 sensim
501 721 572 776 et
605 705 866 802 placide
885 760 906 795 ,
933 722 1002 776 et
1036 723 1370 804 quantum
1405 709 1927 804 respectantium
1960 710 2157 778 turba
2190 725 2373 804 pate-

213 834 430 906 retur,
453 817 828 905 incederes;
859 817 1042 912 quod
1071 820 1575 889 occursantium
1614 818 1914 914 populus
1952 835 2016 889 te
2058 845 2375 916 quoque,

213 945 282 1000 te
322 931 536 998 immo
577 930 866 998 maxime
885 981 904 1016 ,
940 928 1266 1017 adstaret3
1300 929 1487 1025 quod
1529 930 1753 1024 primo
1786 929 2015 1000 statim
2053 929 2163 1000 die
2204 930 2377 1000 latus

215 1055 414 1109 tuum
457 1038 766 1110 crederes
797 1039 1132 1108 omnibuS.
1172 1041 1414 1134 Neque
1454 1042 1637 1108 enim
1664 1039 1967 1134 ‚stipatus
2008 1039 2373 1111 satellitum
2416 1063 2448 1116 3

216 1174 426 1220 manu
441 1203 462 1237 ‚
481 1149 598 1220 sed
627 1147 1068 1220 circumfusus
1095 1149 1394 1244 undique
1419 1173 1606 1220 nunc
1629 1164 1900 1220 senatus
1917 1202 1937 1237 ‚
1962 1175 2149 1220 nunc
2168 1174 2375 1246 eque-

215 1260 372 1330 stris
401 1259 666 1329 ordinis
695 1258 900 1348 flore,
925 1273 1131 1353 prout
1169 1257 1571 1328 alterutrum
1611 1258 2003 1354 frequentiae
2038 1285 2253 1356 genus
2287 1261 2383 1329 in-

217 1369 534 1440 valuisset
553 1422 574 1455 ‚
609 1369 877 1439 silentes
912 1369 1308 1466 quietosque
1345 1367 1613 1440 lictores
1650 1385 1801 1440 tuos
1835 1371 2375 1466 subsequebare:

219 1504 380 1548 nam
419 1477 670 1549 milites
697 1479 866 1548 nihil
892 1503 932 1548 a
957 1477 1153 1574 plebe
1177 1479 1455 1569 habitu,
1481 1479 1998 1575 tranquillitate,
2022 1481 2385 1568 modestia,

225 1589 658 1659 differebant.
685 1589 824 1658 Ubi
836 1613 998 1658 vero
1018 1589 1278 1684 coepisti
1295 1588 1707 1684 Capitolium
1723 1590 2159 1682 adscendere,
2176 1619 2379 1688 quam
2422 1615 2455 1674 4

225 1697 374 1768 laeta
416 1699 736 1768 omnibus
775 1698 1160 1794 adoptionis
1199 1714 1330 1769 tuae
1368 1695 1785 1769 recordatio!
1814 1725 2017 1795 quam
2050 1701 2387 1795 peculiare

223 1809 552 1904 gaudium
580 1835 814 1880 eorum
831 1863 850 1897 ‚
875 1810 1080 1906 quite
1108 1809 1310 1905 primi
1337 1809 1575 1878 eodem
1605 1808 1753 1879 loco
1783 1809 2232 1880 salutaverant
2254 1813 2385 1881 im-

225 1918 648 2016 peratorem!
675 1922 842 2016 quin
874 1922 1078 1991 etiam
1115 1919 1316 1990 deum
1357 1921 1578 2015 ipsum
1630 1934 1799 1991 tunc
1828 1925 2233 2018 praecipuam
2263 1949 2385 1993 vo-

225 2030 556 2127 luptatem
591 2033 816 2128 operis
837 2033 939 2101 sui
973 2032 1348 2127 percepisse
1377 2028 1803 2101 crediderim.
1838 2033 1937 2101 Ut
1966 2031 2239 2126 quidem
2266 2033 2381 2102 iis·
2422 2045 2455 2100 5

223 2257 426 2312 habuit
466 2257 556 2309 alii
589 2260 828 2309 monitore
869 2275 914 2310 e.
949 2254 1256 2311 nomencla-

223 2352 360 2391 tore.
377 2337 772 2391 G.——Mom‘tore
788 2335 1224 2400 ,nomenclatore
1241 2374 1256 2402 ,

223 2417 320 2489 qni
353 2418 497 2471 inter
532 2417 828 2471 necessaria
872 2417 1048 2470 officia
1100 2415 1258 2471 claris

223 2496 356 2549 olim
394 2496 520 2549 viris
549 2497 855 2567 apparebat.
885 2496 994 2549 En.

302 2594 352 2628 ι.
371 2579 781 2644 Respectamium.
795 2573 1109 2647 Simpliciter
1127 2592 1260 2642 spee-

225 2658 458 2707 tantium.
480 2655 568 2709 Sic
593 2667 646 2708 et
667 2654 812 2708 alibi.
831 2656 886 2708 S.
909 2684 980 2695 -—-
999 2657 1257 2705 Adsearet.

227 2735 359 2805 Lag.
370 2731 442 2787 de
451 2735 755 2807 conjectura
769 2732 1052 2787 Schwarzii
1065 2746 1260 2783 artaret

227 2813 312 2866 vel
351 2829 590 2867 arceat-ee.
629 2812 699 2867 G.
729 2844 800 2853 --
820 2812 1034 2885 Recepit
1069 2826 1262 2863 meas-et

225 2892 514 2965 Gierigins.
535 2892 663 2946 Vid.
683 2905 862 2958 tamen
886 2893 937 2944 J.
957 2892 1022 2945 A.
1045 2892 1256 2944 Ernest.

227 2971 300 3029 ad
319 2973 378 3027 h.
405 2974 442 3027 Ι.
465 2972 520 3027 S.
541 2975 1023 3040 —'Respectantium
1045 2972 1258 3024 turba...

227 3052 470 3124 Populus
478 3062 532 3104 te
541 3070 777 3124 quoque,
787 3063 838 3104 te
855 3052 1016 3103 immo
1029 3051 1262 3103 maxime

226 3136 472 3183 adnatet.
512 3131 578 3183 In
614 3134 988 3199 respectandum
1027 3128 1262 3201 intelligo

227 3210 816 3283 simpliciter-spectantes
823 3232 844 3271 ,-
858 3206 1008 3263 tarde
1020 3209 1230 3262 incessit
1247 3246 1263 3272 ,

229 3302 288 3343 nt
323 3308 516 3343 omnes
545 3308 642 3361 per
675 3306 882 3341 moram
927 3286 1264 3359 ingrediendi

229 3388 352 3422 enm
377 3366 562 3423 videre
582 3379 816 3438 possent.
837 3366 950 3420 vid.
975 3367 1046 3421 ad
1065 3368 1163 3439 Ep.
1183 3368 1232 3421 X
1249 3406 1264 3431 ,

237 3450 315 3501 18.
343 3450 450 3501 Pro
473 3452 698 3500 adstaret
711 3448 1036 3501 Schwarzius
1057 3448 1265 3501 volebat

229 3542 442 3591 artaret,
454 3523 776 3597 dolebatque
784 3527 840 3579 in
850 3527 983 3580 Ohn.
997 3527 1262 3594 XXVIII,

229 3605 454 3677 quodid
483 3624 594 3659 non
623 3606 907 3677 recepisset
935 3605 992 3657 in
1021 3616 1222 3659 textum
1245 3623 1260 3659 τ

231 3682 375 3756 qnod
388 3685 516 3739 fecit
529 3684 800 3738 Gesner-us
815 3685 872 3737 in
883 3684 968 3737 ed.
984 3684 1264 3756 posteriori

231 3763 564 3836 panegyrici.
579 3763 644 3816 Id
673 3782 772 3835 ego
793 3782 902 3816 non
924 3764 1120 3819 imiter.
1141 3764 1262 3817 Non

233 3843 332 3895 hoc
367 3842 542 3913 potuit
567 3854 778 3913 gratum
802 3862 917 3896 esse
945 3855 999 3897 et
1023 3844 1234 3915 placere
1250 3882 1266 3908 ,

232 3920 376 3993 quod
413 3920 651 3995 populus
692 3920 952 3974 Canai-em
996 3934 1223 3976 arctaret
1250 3960 1267 3987 ,

232 4012 495 4073 premeret
518 4036 536 4063 ,
569 3998 699 4053 dum
734 3999 1104 4069 ingrederetur
1130 4018 1146 4053 ε
1177 4002 1270 4055 sed

233 4080 376 4153 quod
387 4081 572 4135 caesar
587 4088 862 4149 pateretur
873 4118 889 4142 ‚
913 4097 1270 4152 unumquem-

230 4177 334 4232 que
349 4158 424 4213 de
448 4157 652 4231 populo
673 4157 744 4209 ita
761 4176 934 4231 prope
955 4156 1166 4241 adstare
1182 4199 1198 4224 ,
1220 4173 1270 4213 et
1343 4226 1353 4235 ρ

1354 2273 1414 2308 os
1440 2274 1473 2309 e
1496 2256 1737 2327 proximo
1755 2256 1951 2310 intueri
1974 2274 1989 2310 :
2015 2255 2120 2310 hoc
2142 2256 2287 2328 pati,
2306 2267 2387 2310 est

1354 2334 1622 2391 comitatis
1637 2375 1652 2401 ‚
1673 2354 1791 2410 quae
1811 2335 2035 2409 placeat.
2057 2336 2385 2391 Emmus.

1447 2416 1499 2469 3.
1540 2419 1741 2469 Milites.
1780 2416 1827 2469 Ii
1868 2434 2086 2489 quoque
2124 2416 2389 2489 stipabant

1355 2494 1649 2567 principem
1672 2532 1688 2559 ‚
1748 2508 1799 2547 et
1858 2495 2103 2549 ferociter
2148 2496 2390 2550 solebant

1358 2574 1688 2627 submovere.
1706 2576 1828 2629 Non
1841 2575 1969 2629 fecit
1987 2576 2273 2649 Traianus,
2287 2594 2388 2629 nec

1357 2652 1630 2706 Pertinax.
1660 2654 1763 2707 En.

1430 2740 1483 2796 4.
1504 2738 1660 2784 Deam
1686 2736 1843 2801 ipsum
1863 2747 1979 2785 emec
1998 2754 2158 2803 prcee.
2176 2738 2284 2787 vol.
2305 2754 2389 2803 op.

1345 2813 1451 2892 gui.
1476 2809 1584 2865 vid.
1605 2810 1873 2866 Schwarz.
1892 2828 1911 2877 ;
1930 2810 1985 2865 id
2006 2824 2084 2865 est
2098 2854 2113 2879 ,
2129 2814 2357 2867 Nervam
2373 2852 2389 2879 ,

1356 2907 1519 2960 quem
1539 2901 1597 2942 tu
1620 2891 1788 2943 Deum
1804 2906 1828 2956 ,·
1844 2902 1901 2942 ut
1918 2890 2008 2943 ille
2031 2903 2085 2944 te
2103 2892 2394 2964 Imperato-

1355 2987 1493 3031 rem,
1512 2968 1684 3021 filium
1702 2980 1803 3022 etc.
1821 2970 1967 3023 fecit.
1980 2969 2291 3022 G.-1mmo
2304 2973 2395 3025 Ju-

1357 3048 1494 3120 piter
1512 3048 1841 3118 Capitolinus
1860 3059 1939 3102 est
1957 3087 1973 3112 ,
1994 3061 2053 3101 ut
2070 3050 2205 3103 bene
2224 3050 2395 3102 Gieri·

1360 3128 1499 3200 gius.
1516 3126 1645 3181 vid.
1657 3128 1709 3181 J.
1724 3130 1788 3181 A.
1803 3129 2227 3183 Em.S.——-Deum
2236 3132 2393 3197 ipsum

1362 3223 1479 3259 tunc
1486 3228 1546 3275 p.
1566 3226 1621 3259 ν.
1633 3210 1792 3276 operis
1802 3210 1969 3262 suietc
1976 3207 2153 3274 .Quod
2162 3208 2396 3261 Schwar-

1360 3287 1476 3339 zius
1498 3286 1589 3340 hic
1613 3288 1818 3359 recepit
1831 3325 1846 3350 ‚
1870 3292 2027 3339 Deum
2049 3302 2183 3339 eutem
2198 3324 2214 3351 ‚
2231 3286 2394 3358 idque

1361 3366 1629 3419 Gesnerus
1664 3366 1903 3419 imitatus
1942 3366 2101 3419 estin
2137 3364 2223 3418 ed.
2258 3366 2391 3420 min.

1363 3462 1473 3497 non
1493 3446 1695 3516 probo,
1722 3444 1821 3497 etsi
1850 3446 1903 3497 in
1932 3444 2019 3498 ed.
2043 3456 2167 3496 vett.
2196 3445 2395 3516 reperi-

1363 3537 1471 3577 tur.
1486 3526 1605 3577 Non
1619 3525 1779 3588 bene,
1796 3522 1980 3587 credo,
1996 3522 2207 3577 dicatur
2216 3526 2395 3579 Nerva

1362 3602 1505 3656 Dens
1522 3603 1762 3676 Trajani.
1784 3603 1853 3655 Et
1878 3604 1921 3657 ei
1942 3602 2171 3656 maxime
2192 3604 2269 3658 sic
2287 3602 2394 3660 dici

1361 3682 1499 3735 bene
1532 3683 1695 3735 latine
1722 3694 1774 3735 et
1808 3694 1927 3753 apte
1964 3696 2140 3755 posset
2154 3720 2169 3747 ,
2216 3695 2393 3738 tamen

1341 3770 1499 3817 ‘esset
1520 3762 1753 3815 alienum
1771 3801 1787 3827 ,
1815 3780 1983 3833 quum
2008 3782 2169 3836 supra
2196 3764 2395 3819 Plinius

1368 3840 1564 3895 diserte
1618 3840 1810 3895 dixerit
1836 3878 1852 3905 ‚
1892 3841 2235 3917 adoptionem
2282 3862 2395 3899 non

1369 3922 1535 3974 fuisse
1571 3922 1757 3974 Nervae
1806 3939 1972 3991 opus,
2004 3920 2097 3975 sed
2133 3922 2265 3989 Dei,
2302 3924 2393 3977 sed

1370 4002 1608 4054 Deorum
1634 4018 1752 4072 cap.
1775 4001 1911 4053 VIII
1929 4021 2157 4074 quorum
2178 4003 2395 4057 nomine

1369 4092 1420 4133 et
1444 4081 1557 4151 ipso
1570 4081 1759 4133 Jovem
1778 4080 1955 4153 Capit.
1970 4082 2230 4154 intelligit.
2252 4082 2391 4136 Eu.

1442 4159 1494 4213 5.
1531 4162 1707 4211 Iisdem
1744 4162 1983 4228 vestigiis.
2012 4160 2140 4213 vid.
2182 4160 2251 4213 ad
2286 4162 2389 4234 Ep.
