2857 4690
834 356 1350 467 PANEGYR.
1400 401 1619 468 CAP.
1676 403 1756 467 L.

2225 402 2361 475 3·ιό

232 519 565 591 nobilium
634 520 1024 614 immigrant
1077 543 1271 615 pares
1334 522 1644 610 domini,
1693 548 1820 593 nec
1872 526 2013 619 jam
2073 524 2361 597 clarissi-

230 654 503 701 morum
565 632 863 701 virorum
914 628 1330 725 receptacula
1385 630 1762 703 habitatore
1815 656 2006 705 servo
2051 648 2366 706 teruntur

229 757 351 811 aut
390 741 564 811 foeda
600 741 905 811 vastitate
939 741 1413 836 procumbunt.
1443 745 1665 813 Datur
1705 744 1951 814 intueri
1988 732 2377 839 pulcherri-
2399 752 2434 815 4

230 876 375 921 mas
408 852 613 940 aedeS,
646 851 909 921 deterso
955 852 1087 921 situ
1126 866 1353 921 auctas
1392 876 1472 921 ac
1509 854 1826 947 vigentes.
1870 858 2196 951 Magnum
2233 857 2364 927 hoc

232 979 425 1033 tuum
463 988 603 1032 non
637 984 795 1057 erga
830 961 1135 1032 homines
1176 960 1407 1047 mod0‚
1446 961 1558 1031 sed
1601 987 1757 1058 erga
1799 978 1970 1033 tecta
2000 965 2143 1060 ipsa
2176 967 2365 1035 meri-

228 1090 381 1145 tum
401 1125 422 1158 ‚
458 1074 689 1143 sistere
725 1075 949 1142 ruinas
978 1126 998 1161 ‚
1028 1072 1457 1143 solitudinem
1501 1072 1742 1169 pellere
1767 1130 1787 1161 ‚
1826 1077 2124 1172 ingentia
2160 1103 2365 1173 opera

229 1180 471 1256 eodem
512 1174 650 1281 (juo
684 1198 1017 1255 exstructa
1064 1196 1223 1254 sunt
1258 1185 1484 1254 animo
1539 1187 1624 1255 ab
1665 1188 1944 1257 interitu
2000 1187 2359 1258 vindicare.

230 1298 431 1365 Muta
468 1294 737 1390 quidem
802 1293 912 1364 illa
955 1309 1025 1364 et
1078 1295 1299 1365 anima
1345 1296 1688 1383 carentia3
1733 1298 1981 1367 sentire
2033 1312 2260 1369 tamen
2299 1314 2366 1367 et

232 1405 443 1475 laetari
472 1404 813 1485 videntur,
845 1404 1024 1499 quod
1066 1405 1353 1492 niteant,
1386 1405 1568 1500 quod
1602 1406 2140 1502 frequententur,
2184 1411 2366 1506 quod

230 1516 599 1612 aliquando
623 1516 947 1609 coeperint
979 1538 1121 1585 esse
1144 1514 1399 1584 domini
1422 1518 1708 1587 scientis.
1730 1518 2219 1589 Circumfertur
2243 1521 2366 1589 sub
2403 1530 2432 1583 5

236 1712 537 1785 suspicatur
550 1726 868 1781 occuparant.
880 1712 1256 1782 Imperfectum
1325 1713 1724 1781 frequentaretur.
1747 1716 1915 1770 Antea
1939 1719 2220 1769 habitatore
2233 1738 2366 1769 servo

232 1805 411 1847 autem
428 1794 617 1847 melius
638 1791 922 1865 respondet
941 1789 1255 1865 praecedenti

232 1876 411 1943 refert.
440 1872 497 1927 S.

306 1960 362 2017 4.
394 1955 594 2005 vomani
622 1955 827 2005 soterinis.
854 1952 985 2025 Ejus
1018 1949 1221 2003 domini
1239 1986 1257 2013 ,

233 2033 329 2103 qui
366 2044 581 2103 propter
618 2030 939 2085 mediocrem
974 2048 1254 2083 numerum

234 2114 626 2184 possessionum
658 2130 875 2165 auarum
892 2148 909 2177 ‚
945 2111 1057 2164 hoec
1098 2108 1257 2162 etiam

234 2210 334 2245 na
368 2210 483 2245 esse
514 2208 625 2245 non
660 2192 865 2263 ignoret
888 2228 905 2255 ,
934 2208 997 2247 ac
1035 2186 1260 2261 proinde

234 2283 417 2337 curet,
446 2283 587 2326 sarta
617 2283 753 2325 tecta
779 2283 977 2331 servet,
1003 2282 1105 2323 etc.
1124 2307 1141 2331 ,
1166 2268 1260 2341 qui

234 2373 395 2426 porro
420 2352 555 2408 sciat
580 2389 597 2416 ,
624 2364 881 2426 quantum
912 2349 1256 2412 amaenitatis,

236 2431 358 2486 salis
372 2471 389 2496 ‚
408 2428 797 2485 commoditatis
808 2429 1040 2484 habeant
1055 2468 1071 2494 ‚
1091 2445 1260 2502 eoque

235 2513 298 2566 ii·
334 2513 580 2564 fruatur:
619 2530 737 2584 quae
768 2522 959 2564 contra
992 2510 1171 2564 omnia
1204 2529 1260 2562 se

236 2591 541 2655 habebant,
577 2609 742 2664 quum
784 2590 965 2643 omnia
994 2589 1261 2662 possidere

236 2670 435 2724 vellent
447 2671 794 2742 Imperatores
802 2669 1101 2742 superiores
1107 2688 1260 2742 ‚qnos

236 2759 566 2824 consequens
596 2761 708 2803 erat
738 2768 911 2822 neque
938 2749 1072 2803 scire
1086 2786 1103 2813 ‚
1127 2748 1261 2822 quid

236 2831 497 2884 haberent
514 2871 529 2896 ,
557 2847 731 2902 neque
750 2829 913 2892 tueri,
932 2847 1107 2901 neque
1130 2827 1258 2882 frui.

241 2911 395 2965 Hauc
431 2909 711 2964 lectionem
744 2907 924 2964 docuit
948 2907 1117 2962 Gron.
1148 2909 1261 2962 ob-

236 3003 450 3045 servatt.
486 2991 588 3053 IV,
622 2993 704 3042 16.
740 3009 796 3062 p.
840 2992 967 3051 256;
1006 3000 1058 3042 et
1084 2987 1263 3042 firmat

234 3069 582 3123 Schwarzius.
589 3067 1261 3129 Aliidomininonsmieneis3

238 3149 307 3202 al.
320 3153 507 3202 dommi
519 3151 713 3202 scientis
720 3147 897 3220 ‚quod
910 3147 1263 3225 planeiisdem

236 3228 386 3282 lineis
433 3241 661 3283 constat.
708 3227 902 3282 Maluit
936 3227 1027 3281 hic
1073 3240 1263 3282 contra

242 3327 565 3363 consensum
590 3307 1077 3382 antiquissimorum
1100 3307 1263 3362 libro-

237 3407 357 3442 rum
384 3387 699 3442 Arntzenius
732 3407 929 3461 ponere
954 3385 1089 3440 illud
1116 3387 1265 3459 frigi-

236 3465 367 3520 dum
384 3470 575 3520 domini
587 3487 687 3538 non
704 3470 967 3520 servientis.
981 3466 1049 3519 G.
1064 3467 1261 3520 —Hoc

240 3547 410 3617 ipsum
447 3560 623 3601 tamen
660 3547 717 3600 in
760 3557 957 3602 textum
994 3548 1265 3600 revocavit

237 3627 502 3700 Gierigius
522 3666 537 3692 ,
562 3637 717 3680 acute
736 3625 963 3694 docens,
986 3627 1125 3682 hanc
1154 3645 1263 3680 om·

238 3725 359 3760 uem
390 3703 667 3779 periodum
686 3705 1009 3779 respondere
1028 3707 1261 3779 superio-

238 3786 403 3840 ribus.
432 3787 604 3840 Antea
625 3783 728 3840 illae
758 3783 896 3841 oedes
928 3791 1023 3838 situ
1052 3785 1258 3858 squale-

242 3861 367 3916 bant
388 3869 870 3934 etprocumbebane;
890 3867 1157 3938 Trajanus
1179 3871 1264 3918 de-

240 3945 383 4010 tergit
401 3946 548 3995 sitiam
572 3956 625 3997 et
645 3949 769 3998 sistit
790 3951 989 4000 rtet'nas:
1011 3947 1138 4001 hinc
1164 3947 1265 4002 illm

238 4021 483 4076 lactantur
502 4062 519 4086 ‚
540 4023 685 4096 quod
706 4030 917 4077 niteant.
939 4029 1107 4080 Antea
1127 4028 1181 4081 in
1204 4029 1265 4082 iis

241 4115 353 4155 erat
376 4107 592 4155 vastitas
610 4127 631 4166 ,-
653 4105 917 4178 Trajauus
936 4111 1076 4173 pellic
1102 4111 1267 4159 solien-

241 4183 399 4234 diuem
434 4203 453 4233 .·
490 4181 619 4236 hinc
662 4183 763 4236 illae
801 4183 1040 4237 laetantur
1060 4223 1077 4250 ,
1121 4187 1263 4258 quod

1342 1797 1625 1844 terebantur
1633 1816 1656 1855 ;
1675 1796 1940 1868 Trajanus
1963 1816 2050 1851 cae
2077 1801 2143 1847 ab
2163 1801 2366 1849 interitu

1342 1874 1572 1923 vindicat
1593 1877 1762 1926 eodem
1779 1880 1968 1939 maimo,
1988 1895 2086 1943 quo
2103 1890 2365 1927 exsemctoe

1342 1966 1456 2003 sunt
1471 1990 1487 2015 ,
1509 1952 1614 2005 hoc
1635 1965 1738 2016 est,
1767 1957 2200 2024 mmigrat-ajub&
2213 1974 2366 2023 pares

1342 2032 1570 2083 dominos
1589 2052 1608 2083 :
1632 2034 1760 2089 hinc
1791 2034 1892 2087 ina
1911 2035 2154 2087 laetantur
2173 2070 2190 2097 ,
2217 2034 2362 2107 quod

1342 2114 1617 2178 aliquando
1642 2117 1873 2183 coeperinc
1896 2131 1996 2165 esse
2016 2116 2220 2167 domini.
2234 2150 2249 2165 .
2269 2151 2284 2165 .
2305 2151 2317 2164 .
2341 2152 2354 2164 .

1344 2189 1496 2261 cujus
1529 2190 1744 2245 tandem
1767 2192 1793 2245 ἲ
1830 2192 2069 2264 profecto
2115 2210 2214 2245 non
2261 2213 2364 2245 set-

1346 2274 1530 2322 vt'entis.
1567 2271 1690 2325 Haec
1750 2272 1862 2326 ille.
1911 2273 2023 2343 Ego
2053 2311 2069 2337 ‚
2119 2274 2364 2347 quamvis

1345 2350 1742 2406 Gronovianam
1779 2353 1926 2406 illam
1963 2352 2363 2425 explicationem

1344 2427 1612 2485 duriorem
1631 2451 1730 2486 nec
1759 2434 1884 2487 satis
1907 2445 2084 2505 aptam
2103 2434 2367 2487 contextui

1344 2511 1588 2565 existimo
1601 2554 1618 2578 ‚
1633 2533 1744 2566 non
1755 2533 1872 2566 sum
1890 2527 2066 2568 tamen
2080 2531 2240 2567 ausus
2257 2513 2370 2566 vul·

1344 2609 1526 2661 garem
1552 2592 1831 2646 lectionem
1851 2591 2110 2648 deserere.
2139 2590 2366 2646 Videtur

1346 2669 1480 2722 mihi
1499 2671 1554 2724 in
1572 2674 1765 2725 domini
1787 2678 1976 2726 scientie
1998 2671 2214 2745 aliquod
2240 2691 2366 2726 acu-

1344 2767 1468 2803 men
1487 2751 1783 2806 Plinianum
1801 2753 1991 2818 latere,
2005 2753 2150 2826 quod
2173 2753 2254 2806 vel
2279 2753 2365 2805 in·

1345 2832 1714 2903 tei-pretatione
1728 2874 1744 2898 ,
1766 2833 1852 2886 vel
1875 2832 1979 2885 levi
1993 2831 2236 2885 lectionis
2253 2851 2368 2884 mu-

1346 2911 1542 2964 tatione
1562 2909 1948 2983 expediendum
1981 2910 2068 2962 sit.
2092 2911 2238 2982 Saepe
2259 2910 2364 2963 Pli-

1346 2990 1470 3043 nius
1487 3027 1504 3052 ‚
1537 3001 1597 3042 ut
1621 2991 1786 3042 verbo
1819 3003 2006 3044 acutus
2031 3007 2144 3044 ene
2171 2991 2334 3060 possit
2349 3029 2366 3053 ‚

1345 3087 1610 3123 summam
1627 3069 2002 3124 obscuritatem
2021 3089 2130 3122 non
2148 3068 2364 3138 respuit.

1346 3147 1529 3214 Quid?
1559 3149 1604 3201 si
1641 3151 1892 3200 dominu-m
1919 3153 2148 3201 scientem
2174 3147 2367 3218 cogita·

1348 3227 1478 3282 verit
1495 3247 1618 3282 eum
1631 3225 1930 3294 dominum,
1943 3229 2038 3300 qui
2055 3226 2154 3280 scit
2168 3264 2184 3290 ‚
2204 3245 2260 3280 se
2275 3225 2368 3278 do-

1348 3307 1552 3362 minum
1593 3327 1728 3362 esse.
1765 3308 1936 3362 Etiam
1967 3307 2114 3359 hunc
2156 3324 2366 3360 sensum

1348 3387 1726 3442 commendant
1771 3388 1938 3440 multa
1976 3403 2162 3440 eorum
2189 3425 2206 3452 ‚
2249 3405 2367 3458 quae

1348 3478 1504 3521 antea
1527 3467 1746 3521 dixerat.
1771 3467 1910 3520 Dicit
1927 3503 1943 3530 ,
1967 3490 1990 3512 ι
2011 3464 2211 3536 priores
2228 3464 2369 3536 prin-

1350 3546 1492 3618 cipes
1509 3585 1526 3612 ,
1554 3547 1839 3600 exturbatis
1889 3545 2156 3618 prioribus
2198 3543 2369 3598 domi-

1348 3627 1432 3681 nis
1453 3665 1470 3692 ,
1493 3627 1673 3682 omnia
1700 3643 1983 3698 occupasse
1999 3661 2016 3688 ,
2045 3643 2156 3678 non
2181 3637 2241 3678 ut
2265 3625 2366 3698 ipsi

1348 3707 1650 3760 sinerentur
1666 3745 1682 3768 ,
1699 3705 1790 3760 sed
1813 3725 1880 3758 ne
1901 3705 2020 3778 quis
2036 3704 2190 3760 alim.
2210 3730 2231 3751 ι
2245 3707 2366 3759 Non

1348 3787 1419 3840 ita
1447 3787 1727 3858 Trajanus.
1749 3789 1869 3852 Qua
1894 3787 2124 3836 habemus
2143 3787 2237 3852 ipsi
2251 3821 2268 3847 ‚
2291 3785 2368 3836 iu·

1348 3869 1466 3939 quit
1483 3905 1500 3930 ‚
1543 3885 1693 3934 quam
1727 3868 1936 3933 propria
1960 3902 1975 3929 ,
2011 3885 2160 3932 quam
2199 3880 2367 3916 nostru

1348 3955 1497 3998 sune!
1527 3947 1646 3998 Jam
1678 3943 1834 4015 igitur
1859 3955 2002 3998 certo
2033 3945 2166 3998 scire
2189 3961 2370 4016 possu-

1354 4045 1473 4080 mus
1495 4067 1510 4090 ,
1539 4043 1636 4077 nos
1663 4035 1962 4077 nostrarum
1989 4023 2244 4078 domuum
2276 4021 2370 4074 do-

1354 4106 1526 4158 minos
1561 4121 1694 4156 esse.
1719 4105 1982 4157 Caeterum
2006 4103 2244 4176 judicent
2275 4099 2371 4154 do·

1356 4185 1563 4238 ctiorcs.
1591 4182 1654 4234 E.
