2857 4690
870 349 1394 419 EPISTOLA
1443 351 1614 416 vn.
2035 379 2042 386 ·
2239 342 2328 442 57

240 472 409 542 vilius
431 474 655 543 tunica
678 488 810 558 δη
845 471 961 542 sed
980 469 1160 566 apud
1186 469 1512 564 quosdam
1536 493 1768 563 graves
1795 470 2098 538 'homines
2121 493 2332 563 :quos

242 611 349 680 ego
376 611 576 680 quum
600 583 950 670 recordor,
978 585 1047 651 in
1076 608 1149 652 re
1174 582 1393 668 inani,
1428 580 1704 676 frigida,
1737 579 2033 666 assidua,
2061 593 2200 647 tam
2227 580 2328 647 in-

244 693 593 764 satiabiliter
625 694 954 782 desidere,
980 693 1175 786 capio
1198 690 1491 786 aliquam
1521 688 1965 784 voluptatem,
1996 688 2178 784 quod
2202 689 2332 759 hac

248 801 545 898 voluptate
576 830 715 874 non
750 804 1001 898 capiar.
1033 806 1133 873 Ac
1166 827 1286 897 per
1323 801 1450 870 hos
1474 799 1614 870 dies
1649 797 2082 870 libentissime
2113 801 2328 869 otium

246 939 430 984 meum
452 917 521 982 in
557 913 769 985 literis
808 912 1099 1002 colloco,
1131 921 1301 1008 quos
1345 911 1459 980 alii
1490 911 1902 981 otiosissimis
1938 913 2330 1006 occupatio-

244 1023 409 1093 nibus
450 1023 757 1118 perdunt.
788 1023 974 1093 Vale.

244 1229 316 1277 Iius
326 1230 477 1279 tunica
493 1242 587 1289 est,
606 1227 789 1282 nescio
800 1227 1073 1300 quomodo
1084 1227 1217 1298 mihi
1312 1229 1542 1300 speciem
1570 1244 1730 1298 quam
1758 1226 2031 1279 veritatem
2062 1225 2241 1278 habet.
2262 1223 2330 1286 E.

245 1304 1220 1379 [figes-evidetur.Nonenimsatispmm-
1313 1338 1385 1348 —
1400 1309 1552 1358 Vilius
1585 1309 1751 1358 amica
1787 1304 1996 1358 videtur
2021 1302 2224 1357 dictum
2261 1303 2332 1357 ad

242 1395 603 1457 pumetaptnm
620 1399 730 1451 est,
746 1387 977 1441 hominis
988 1387 1219 1459 pretium
1314 1387 1656 1459 proverbium
1687 1385 1756 1440 de
1787 1383 2197 1438 contemtissimo
2228 1381 2332 1434 ho-

242 1481 337 1517 cum
356 1465 638 1520 vestimenti
668 1466 839 1538 pretio
871 1484 1174 1538 comparare
1196 1486 1209 1521 :
1316 1467 1461 1520 mine
1475 1504 1493 1530 ‚
1509 1468 1662 1517 vilior
1688 1467 1866 1518 vitioso
1894 1483 2048 1531 pomo
2073 1473 2164 1515 aut
2187 1481 2332 1513 cassa

240 1541 383 1614 itaque
390 1555 439 1596 et
452 1562 674 1597 acumen
692 1582 708 1608 ,
725 1545 871 1617 quod
882 1545 938 1598 in
950 1545 1051 1599 hac
1066 1565 1215 1599 com·
1310 1565 1448 1598 mace.
1471 1546 1573 1598 En.
1585 1547 1888 1598 —Assidua.
1908 1541 2092 1595 Malim
2113 1543 2327 1592 assidue.

238 1621 469 1690 pantione
492 1624 667 1679 inesse
699 1621 933 1688 videtur,
961 1626 1213 1697 majorem
1310 1625 1437 1678 Mox
1453 1643 1553 1698 pro
1565 1627 1741 1693 capiar
1757 1624 1902 1676 Cort.
1917 1623 2056 1676 bene
2069 1623 2256 1689 capior.
2272 1619 2330 1684 S.

250 1835 2304 1872 mmmmmmmmmmmmq

1144 2044 1367 2134 .VII.

278 2261 435 2322 villas
456 2283 591 2323 suas
622 2265 699 2324 ad
722 2265 959 2323 Larium
983 2266 1169 2324 lacum
1188 2309 1204 2337 ,
1232 2277 1291 2322 et
1318 2266 1379 2322 in
1406 2265 1476 2324 iis
1500 2264 1936 2323 aedificationem
1965 2263 2258 2323 describit.

1554 2451 1585 2480 4

623 2476 681 2523 G.
739 2430 1095 2523 PLINIUS-
1135 2476 1504 2523 Romano
1635 2476 1793 2523 SUO
1843 2478 1898 2523 S.

303 2654 763 2725 AEmmcnuz
804 2668 870 2722 te
904 2653 1162 2723 scribis.
1203 2656 1383 2723 Beue
1419 2669 1519 2723 est
1547 2681 1564 2723 :
1591 2656 1814 2724 inveni
1851 2655 2326 2749 patrocinium.

226 2762 471 2833 AEdifico
508 2763 691 2833 enim
716 2762 859 2857 jam
889 2763 1186 2849 ratione,
1214 2764 1371 2857 quia
1403 2778 1648 2835 tecum.
1679 2766 1856 2834 Nam
1890 2764 2022 2834 hoc
2059 2791 2326 2861 quoque
2407 2790 2412 2794 ·

222 2894 337 2939 non
376 2872 731 2959 dissimile,
765 2873 949 2967 quod
994 2873 1079 2942 ad
1118 2898 1301 2942 mare
1337 2888 1609 2969 tu‚.ego
1650 2873 1736 2943 ad
1771 2876 2049 2944 Larium
2082 2875 2324 2946 lacum.

222 2981 409 3074 Hujus
434 2983 507 3051 in
528 2980 725 3051 litore
742 2979 965 3078 plures
990 2982 1161 3052 villae
1186 3008 1375 3070 meae,
1408 2984 1525 3052 sed
1555 2984 1702 3054 duae
1731 3000 1807 3055 ut
1843 2987 2128 3056 maxime
2157 2986 2324 3056 dele-
2364 3028 2391 3061 2

224 3103 411 3179 etant,
444 3091 539 3161 ita
578 3106 909 3161 exercent.
950 3090 1179 3162 Altera
1224 3093 1538 3188 imposita
1569 3096 1779 3179 saxis,
1815 3121 2003 3166 more
2033 3098 2324 3185 Baiano,
2427 3136 2440 3155 r

226 3196 409 3270 lacum
438 3202 804 3297 prospicit:
826 3200 1070 3291 altera,
1096 3229 1283 3298 aeque
1307 3228 1495 3274 more
1525 3207 1807 3293 Bainun,
1837 3206 2054 3277 lacum
2084 3210 2321 3302 tangit.

222 3310 427 3405 Itaque
452 3310 672 3398 illam,
710 3312 1135 3408 tragoediam3
1176 3314 1384 3402 hanc,
1420 3314 1754 3410 appellare
1792 3316 2188 3387 comoediam
2223 3342 2324 3387 so·
2361 3340 2394 3391 3

221 3417 333 3494 leo:
349 3422 561 3512 illam,
583 3423 768 3517 quod
789 3425 978 3518 quasi
1003 3424 1351 3494 cothurnis
1363 3426 1579 3511 ‚hanc
1592 3480 1612 3514 ‚
1631 3427 1812 3522 quod
1832 3427 2020 3522 quasi
2044 3426 2325 3498 socculis

219 3534 573 3603 sustinetur.
607 3536 743 3604 Sua
772 3535 1046 3629 utrique·
1067 3536 1415 3605 amoenitas
1434 3588 1454 3619 ‚
1481 3551 1548 3606 et
1576 3551 1932 3630 utramque
1960 3536 2324 3631 possidenti

272 3730 416 3787 VIL*
436 3734 515 3787 De
528 3739 752 3785 Romano
769 3732 880 3788 vid.
902 3734 972 3788 ad
993 3734 1098 3799 111,
1120 3752 1205 3807 ep.
1306 3754 1461 3789 suum
1480 3734 1777 3789 edificandi
1795 3735 2030 3792 studium
2047 3738 2324 3807 defendat,

223 3810 399 3876 13;IV,
425 3832 509 3885 ep.
534 3812 754 3881 293V1,
776 3831 862 3884 ep.
885 3813 969 3877 15,
994 3816 1079 3869 33.
1102 3814 1205 3867 En.
1305 3828 1356 3868 et
1374 3828 1601 3869 excuset.
1623 3816 1687 3869 E.

278 3908 319 3941 1.
345 3896 548 3944 Ratione
558 3932 577 3955 ,
610 3895 733 3961 qm‘a
770 3908 941 3945 tecum.
967 3894 1171 3967 Nempe
1186 3935 1205 3961 ‚
1378 3917 1427 3949 2.
1463 3901 1604 3947 More
1641 3898 1858 3951 Baiano.
1897 3903 2136 3951 Baiarum
2181 3901 2323 3955 enim

217 3978 345 4023 tunm
374 3971 501 4024 mihi
534 3972 833 4044 exemplum
864 3992 961 4044 pro
998 3974 1203 4039 ratione
1300 3975 1662 4029 amoenitasita
1675 3990 1831 4041 nota,
1851 3978 1924 4032 ita
1941 3980 2198 4034 celebrata
2213 4000 2324 4035 om-

216 4058 297 4099 est.
328 4051 391 4103 G.
422 4082 492 4092 --
523 4051 639 4106 Hoc
690 4050 831 4105 idem
872 4056 1203 4120 patrocinium
1300 4057 1549 4122 nibus,ut
1557 4056 1850 4129 exemplum
1861 4072 1913 4113 et
1923 4077 2116 4112 nomen
2127 4061 2324 4131 prebe·

214 4122 389 4181 dixerat
404 4168 419 4193 ,
437 4130 539 4185 hoc
556 4144 634 4185 cst
651 4172 668 4197 ‚
688 4146 1077 4202 argumentum,
1096 4153 1204 4204 quo
1300 4147 1417 4189 rent
1433 4136 1568 4190 aliis.
1584 4136 1720 4190 Nam
1739 4176 1756 4204 ‚
1770 4138 1917 4211 quod
1931 4138 2004 4192 ait
2017 4136 2165 4192 dives
2179 4138 2318 4207 apud
