2857 4690
496 290 634 371 318
1059 290 1137 357 C.
1194 290 1536 358 PLINII
1585 290 2054 361 SECUNDI

492 428 561 481 et
582 413 805 511 paria,
827 434 953 479 nee
980 410 1191 505 magis
1222 410 1538 504 proprius
1563 409 1908 504 spectandi
1933 412 2211 481 caesaris
2237 427 2606 507 suggestus
2623 466 2644 497 ‚

492 546 693 615 quam
729 520 1041 617 propria,
1076 544 1225 615 quae
1256 534 1528 614 spectet.
1564 520 1827 591 Licebit
1864 545 2026 617 ergo
2058 521 2316 591 civibus
2350 522 2491 591 tuis
2533 524 2640 591 in-

490 631 705 701 vicem
760 631 1066 701 contueri
1097 656 1112 699 :
1150 629 1458 718 dabitur,
1497 655 1637 699 non
1679 630 2064 701 cubiculum
2103 632 2426 727 principis
2445 688 2465 719 ‚
2509 634 2634 703 sed

491 744 715 837 ipsum
757 743 1133 836 principem
1171 764 1444 810 cernere
1465 794 1485 826 ,
1521 742 1591 810 in
1629 739 1934 835 publico,
1971 743 2042 811 in
2091 741 2344 837 populo
2387 742 2634 811 seden-

492 868 625 923 tem
648 880 663 922 :
684 850 938 949 populo
952 904 973 935 ,
987 852 1094 921 cui
1116 850 1417 921 locorum
1436 852 1734 946 quinque
1761 851 1972 923 millia
1989 853 2322 946 adjecisti:
2345 878 2636 923 auxeras

490 965 669 1033 enim
710 987 1065 1032 numerum
1106 962 1249 1055 ejus
1294 962 1618 1055 congiarii
1665 961 2013 1049 facilitate,
2043 964 2500 1057 majoremque
2553 966 2632 1032 in

490 1087 838 1169 posterum
880 1072 1127 1169 suscipi
1168 1070 1584 1142 liberalitatis
1627 1086 1757 1141 tuae
1799 1070 1930 1141 fide
1973 1072 2279 1164 jusseras,

584 1188 728 1257 LII.
762 1188 1024 1253 Horum
1060 1207 1271 1253 unum
1304 1182 1360 1253 si
1401 1183 1813 1277 praestitisset
1847 1181 2053 1270 alius,
2079 1181 2178 1252 illi
2192 1183 2334 1275 jam
2363 1182 2626 1252 dudum

347 1328 451 1400 “⁴'ss
492 1295 823 1365 radiatum
866 1309 1115 1407 caput,
1154 1308 1225 1363 et
1270 1292 1490 1361 media
1539 1288 1714 1365 inter
1763 1293 1921 1363 deos
1965 1292 2152 1363 sedes
2202 1318 2370 1363 auro
2415 1309 2628 1363 staret

450 1407 462 1421 ⁵
490 1421 609 1477 aut
630 1407 871 1491 ebore‚'
889 1404 1526 1499 augustioribus-‚que
1561 1404 1694 1473 aris
1725 1418 1793 1473 et
1832 1402 2301 1498 grandioribus
2331 1403 2629 1473 victimis

490 1506 933 1585 invocaretur.
962 1518 1069 1583 Tu
1108 1511 1387 1582 delubra
1426 1537 1564 1581 non
1607 1514 1732 1582 nisi
1781 1514 2181 1584 adoraturus
2223 1513 2462 1599 intrim,
2493 1514 2624 1582 tibi

381 1698 433 1718 h
490 1628 818 1695 maximus
864 1625 1085 1693 honor
1125 1621 1456 1691 excubare
1490 1647 1616 1717 pro
1665 1622 1962 1718 templiS,
1997 1623 2430 1718 postibusque
2464 1649 2628 1718 prae-

384 1722 436 1841 ἶ
484 1726 646 1805 ‘texi
689 1736 801 1805 Sic
830 1732 940 1817 fit,
968 1748 1043 1802 ut
1072 1732 1179 1801 dei
1209 1756 1546 1801 summum
1577 1733 1752 1801 inter
1785 1733 2088 1803 homines
2123 1732 2462 1829 fastigium
2481 1758 2624 1803 ser-

562 1940 615 1995 4.
650 1931 915 1999 Spectandi
929 1931 1133 1979 Caesaris
1154 1940 1420 1996 suggestus.
1442 1924 1507 1976 In
1599 1944 1881 1980 numerum
1899 1927 2234 1981 conformare
2258 1928 2426 1981 voluit
2447 1926 2632 1981 aduu-

370 1990 388 2020 ῗ
490 2004 1506 2083 quoCaesarspectunduspmpouet-etur.
1597 2026 1808 2060 merum
1841 2012 2157 2077 ingenuorum
2179 2046 2196 2070 ‚
2237 2007 2326 2060 cui
2369 2008 2630 2061 alimenta

488 2092 615 2145 Erat
650 2108 841 2161 nempe
880 2089 1027 2140 locus
1064 2086 1296 2139 cubiculi
1340 2085 1507 2138 instar
1595 2084 1856 2140 duta.Sed
1875 2086 2044 2139 circus
2069 2086 2241 2139 omnis
2261 2085 2472 2157 generis
2487 2087 2634 2137 mul-

490 2172 703 2224 clausus
730 2170 783 2222 in
815 2166 1007 2239 podio,
1034 2166 1155 2219 loco
1183 2176 1504 2221 senata-um.
1595 2164 1874 2219 titudinem
1891 2164 2118 2219 debebat
2141 2184 2350 2240 capere.
2377 2166 2446 2218 G.

1665 2246 1784 2299 LII.
1817 2266 1865 2298 1.
1901 2248 1988 2297 1111·
2003 2248 2118 2314 jam
2161 2248 2365 2297 Mum.
2395 2243 2630 2297 Codices

1582 2328 1700 2394 jam
1719 2328 1906 2381 dudam
1919 2328 2000 2378 t'Ilt’
2008 2347 2030 2388 ‚-
2049 2342 2208 2398 quem
2233 2324 2513 2378 verborum
2533 2344 2628 2378 01·-

1592 2404 1774 2459 dinem
1788 2405 2052 2477 Gierigius
2071 2408 2190 2478 jure
2211 2404 2460 2476 pratulit.
2481 2405 2536 2456 S.
2549 2437 2628 2444 ——

490 2250 620 2303 vid.
652 2250 796 2320 Lips.
828 2247 895 2302 de
929 2244 1189 2317 amphith.
1220 2264 1271 2299 c.
1299 2244 1417 2307 11,
1443 2264 1504 2298 ex

488 2330 707 2384 Sueton.
726 2330 860 2386 Cn.
880 2326 1107 2382 LXXVI
1123 2366 1139 2393 ,
1158 2336 1209 2380 et
1227 2324 1355 2379 Ner.
1374 2323 1499 2382 XII.

491 2411 589 2462 Hic
598 2421 867 2480 suggestus
884 2445 899 2471 ,
909 2407 1013 2459 hoc
1028 2405 1333 2458 cubiculum
1345 2405 1506 2462 inter-

490 2491 715 2560 cipiebat
736 2487 983 2560 proximis
1012 2487 1081 2540 ab
1106 2497 1329 2556 utraque
1352 2499 1502 2557 parte

490 2568 869 2640 spectatoribus
880 2575 1217 2638 prospectum
1231 2603 1248 2628 ‚
1260 2585 1331 2618 ue
1346 2585 1402 2620 se
1412 2567 1498 2619 in-

490 2649 655 2700 vicem
666 2647 901 2700 contueri
910 2644 1397 2718 possentPutabam
1406 2647 1502 2698 uli-

488 2727 705 2798 quando
722 2727 869 2798 legen
875 2725 999 2780 dum
1010 2765 1027 2790 ‚
1042 2730 1284 2794 spectanti
1294 2730 1498 2778 Caesari.

487 2807 625 2860 G.-—
636 2806 963 2860 Schwnrzius
972 2804 1305 2860 Gesnerianae
1322 2805 1398 2859 illi
1410 2824 1502 2859 ex-

488 2886 759 2958 plicationi
774 2886 952 2959 objicit
967 2926 984 2952 ‚
1008 2887 1293 2940 cubantem
1308 2897 1403 2938 aut
1424 2905 1502 2939 te-

487 2965 699 3020 dentem
724 2967 779 3020 in
802 2965 1051 3018 cubiculo
1070 2965 1371 3036 Principem
1392 2985 1500 3018 nou

486 3047 713 3117 potuisse
750 3046 995 3115 spectari.
1032 3045 1220 3116 Itaque
1261 3049 1505 3112 spectanti

490 3130 672 3178 Casuri
692 3125 749 3178 in
776 3122 973 3178 textum
1004 3125 1197 3195 recepit
1214 3165 1231 3190 ‚
1256 3143 1417 3196 quem
1451 3136 1504 3177 et

486 3219 741 3278 sequutus
760 3217 837 3259 est
848 3204 1131 3275 Gierigius.
1159 3203 1229 3257 G.
1241 3235 1313 3244 —
1328 3203 1502 3258 Corri-

484 3287 717 3358 gendum
752 3285 970 3340 minima
1002 3284 1293 3338 mutatione
1315 3302 1329 3336 ε
1367 3303 1500 3350 spec·

486 3370 631 3418 tandi
648 3369 849 3420 Coesari.
868 3365 925 3418 S.
1140 3424 1147 3430 ‚

554 3476 625 3486 —-
642 3450 851 3514 Populo.
872 3441 1179 3517 Legeudum
1204 3453 1333 3512 puto
1350 3445 1401 3492 in
1410 3461 1502 3508 po-

476 3529 619 3592 pulo.
630 3525 835 3578 Ultima
842 3524 991 3578 litera
1004 3523 1147 3576 vocis
1158 3539 1295 3593 praeo
1322 3519 1502 3574 dentis

485 3605 621 3658 elisit
650 3604 1085 3676 praepositionem.
1108 3601 1165 3654 S.
1180 3631 1252 3642 —-
1276 3604 1502 3667 Quinque

486 3687 659 3736 millia.
674 3685 909 3737 Minatus
930 3683 1086 3738 nimis
1108 3699 1361 3734 numerus
1382 3681 1502 3752 Lip-

482 3763 563 3816 sio
598 3764 787 3816 merito
819 3763 1027 3818 videtur
1046 3803 1063 3828 ,
1102 3762 1197 3833 qui
1230 3759 1460 3813 ostendit
1483 3800 1498 3823 ,

485 3860 651 3912 quum
674 3842 803 3896 Julii
820 3843 1035 3896 Caesaris
1059 3853 1209 3894 etate
1236 3857 1367 3892 ocu
1388 3841 1502 3892 mil-

482 3919 555 3973 lia
572 3922 767 3993 ceperit
780 3961 795 3986 ,
809 3932 1041 3992 tempore
1062 3917 1287 3974 condita
1302 3919 1500 3972 notitiae

484 4000 685 4070 imperii
728 4001 925 4070 cepisse
969 4000 1131 4052 millia
1178 4015 1496 4052 ccccl-xxxv.

480 4081 681 4152 Nempe
707 4093 973 4132 corrector
1000 4077 1189 4148 aliquis
1223 4078 1379 4130 Plinii
1406 4078 1492 4130 hic

1593 2489 1859 2536 Radiatnm
1875 2501 2042 2553 eaput.
2058 2483 2142 2536 Ad
2157 2483 2282 2536 solis
2295 2495 2388 2536 aut
2405 2483 2630 2536 alta-ius

1591 2565 1718 2618 utri
1728 2563 2230 2638 effigiemvidemus
2237 2565 2292 2616 in
2303 2561 2626 2615 nummisG.

1667 2665 1715 2699 2.
1747 2648 2010 2696 Excubat-e
2043 2663 2138 2711 pro
2175 2646 2383 2710 templis.
2423 2643 2628 2694 Statuae

1589 2725 1810 2798 Traiani
1835 2765 1852 2789 ,
1890 2736 2030 2775 extra
2081 2722 2270 2774 cellam
2301 2721 2626 2792 templorum

1589 2804 1771 2876 posite
1789 2840 1806 2867 ‚
1825 2802 1976 2874 quasi
2003 2802 2328 2856 excubitores
2347 2813 2474 2854 sunt
2489 2839 2506 2864 ‚
2525 2800 2626 2852 ho-

1589 2885 1738 2938 noris
1769 2884 2000 2936 Deorum
2033 2899 2221 2934 causta
2255 2881 2330 2933 ibi
2351 2881 2620 2934 collocati.

1591 2963 1659 3016 G.
1675 2993 1746 3004 -—
1765 2963 1888 3016 Nou
1911 2961 2086 3014 minus
2119 2959 2380 3031 exquisite
2397 2962 2622 3027 postibus

1582 3046 1801 3111 proetext'
1822 3039 2072 3096 dicuntur
2085 3077 2101 3104 ,
2130 3057 2248 3111 quae
2283 3040 2622 3092 collocantur

1592 3133 1716 3176 ante
1743 3120 1942 3194 templa
1973 3120 2056 3172 vel
2091 3121 2232 3174 fores
2275 3120 2614 3191 templorum.

1591 3201 1680 3255 Sic
1696 3202 1884 3256 Senec.
1899 3201 1998 3270 Ep.
2021 3199 2302 3252 LXXXIX
2323 3235 2340 3261 ‚
2371 3199 2616 3250 «nullum

1591 3279 1788 3334 flumen
1812 3317 1828 3344 ,
1865 3281 2015 3351 cujus
2057 3297 2170 3332 non
2212 3277 2360 3350 ripas
2393 3275 2618 3330 edificia

1589 3373 1770 3414 nostra
1794 3370 2092 3432 pretexunt.
2117 3383 2140 3405 ι
2159 3358 2223 3410 Ε.

1658 3471 1730 3482 —
1749 3447 1816 3491 Ut
1831 3443 1934 3491 dei.
1959 3478 1970 3490 .
1993 3454 2220 3490 ..cer-vent.
2243 3439 2362 3490 Non
2385 3436 2616 3508 amplius

1591 3520 1929 3574 adducuntur
1957 3519 2012 3570 iu
2037 3528 2400 3588 contemptum
2428 3513 2505 3567 dii
2531 3533 2614 3566 so-

1589 3599 1776 3652 cietate
1815 3598 2090 3650 bominum
2133 3595 2419 3648 viventium
2445 3631 2462 3656 ‚
2505 3613 2616 3666 qua

1589 3678 1766 3732 adhuc
1783 3681 2076 3740 sordebant,
2099 3675 2176 3728 uti
2203 3695 2326 3727 mox
2351 3673 2616 3746 loquitur3

1589 3759 1684 3812 sed
1711 3769 1920 3811 servant
1944 3757 2215 3828 fastigium
2243 3773 2402 3808 suum
2438 3765 2492 3805 et
2532 3773 2616 3806 su-

1587 3857 1828 3910 premum
1851 3837 2131 3902 honorem,
2143 3853 2310 3907 quum
2325 3846 2384 3887 tu
2397 3834 2609 3886 illorum

1589 3917 1844 3970 honorem
1865 3928 1918 3970 et
1937 3915 2200 3986 fastigium
2221 3913 2318 3967 tibi
2339 3931 2448 3966 non
2469 3931 2613 3964 arro-

1589 4017 1698 4069 ges.
1715 3999 1916 4068 Nempe
1933 3996 2148 4050 verbum
2169 4009 2356 4046 servent
2370 4012 2460 4045 eas
2477 3991 2605 4043 milti

1583 4078 1778 4130 habere
1790 4077 2066 4128 videbatur
2087 4073 2423 4126 auctoritates
2444 4112 2461 4137 ,
2483 4089 2605 4141 pro-
