2857 4690
495 361 633 446 [⁸42
1020 361 1468 428 NOTITIA
1517 359 2101 430 LITERARIA

608 524 633 569 1
652 523 789 596 701
812 551 827 568 .
870 501 1378 570 Amstelodame'
1386 554 1408 588 ‚
1471 501 1538 571 8.
1592 502 1976 596 panegyrici
2023 515 2278 570 veteres
2293 553 2314 584 ‚
2357 483 2638 596 renetiti

494 632 575 675 ex
604 605 707 675 ed.
730 607 959 676 Jacobi
986 607 1067 676 de
1104 611 1200 676 La
1232 609 1458 676 Baune
1493 630 1551 675 a.
1597 605 1812 702 1677.

610 770 635 815 1
654 743 829 842 703.
881 748 1167 832 oxonii,
1202 747 1267 818 8.
1308 749 1378 818 C.
1410 749 1624 817 Plinii
1638 749 1708 816 E
1695 749 1982 844 pistoloe
2019 763 2094 816 et
2115 751 2628 843 Panegyricus,

493 875 643 923 cum
682 857 899 922 varille
930 853 1325 924 lectionibus
1376 869 1450 922 et
1485 853 2060 924 annotatzbnibw.
2107 855 2404 924 Accedit
2451 859 2636 925 Vita

494 960 709 1029 Plinii
719 959 957 1028 ordine
971 959 1446 1055 chronologico
1459 959 2000 1056 digesta.Edidit
2011 961 2307 1030 Thomas
2314 965 2632 1031 Hearne.

502 1067 763 1135 oxon&
782 1090 821 1133 e
848 1065 1117 1137 theatro
1157 1065 1640 1137 Sheldomzzno.
1685 1103 1794 1116 —
1827 1067 2060 1136 Editor
2088 1067 2196 1135 hic
2233 1082 2634 1136 contextum

498 1170 940 1265 Epistularum
984 1187 1053 1241 et
1095 1174 1480 1268 Panegyrici
1523 1173 1932 1267 potissimum
1973 1171 2056 1240 ad
2091 1171 2286 1242 fidem
2317 1173 2423 1242 ed.
2451 1171 2638 1243 Else-

496 1275 763 1346 virianae
784 1276 1458 1373 exhibuit.'Epistolas
1482 1279 1744 1374 quidem
1772 1305 1924 1348 cum
1947 1279 2158 1348 tribus
2189 1279 2405 1349 Codd.
2427 1281 2631 1350 MSS.

499 1383 779 1452 contulit
809 1408 822 1450 :
874 1399 945 1454 at
973 1386 1359 1481 Panegyrici
1394 1385 1644 1456 Codice
1683 1387 1821 1455 MS.
1869 1385 1994 1454 fuit
2021 1385 2390 1456 destitutus.
2431 1389 2632 1455 Inte·

498 1489 621 1556 rim
660 1514 817 1558 usus
855 1505 955 1559 est
988 1488 1113 1561 illis
1143 1493 1316 1560 notis
1350 1493 1675 1586 variisque
1701 1489 2124 1578 lectionibu8‚
2153 1515 2318 1586 quas
2353 1494 2426 1559 in
2453 1515 2636 1560 mar·

499 1596 651 1688 gine
702 1595 1003 1666 editionis
1056 1597 1517 1692 Stephanianae
1561 1599 1626 1664 in
1679 1597 2080 1668 bibliotheca
2119 1595 2478 1668 Bodleiana
2527 1598 2632 1665 in·

502 1716 777 1772 venerat
832 1704 1107 1798 scriptas
1163 1727 1367 1774 manu
1414 1706 1547 1774 Jos
1603 1702 1957 1798 Scaligeri;
1998 1727 2120 1772 nec
2173 1727 2308 1776 non
2361 1703 2506 1774 aliis
2559 1703 2630 1772 id

500 1831 707 1901 genus
742 1807 1131 1879 lectionibus
1150 1863 1171 1898 ,
1209 1833 1373 1903 quas
1416 1833 1499 1878 ex
1533 1833 1650 1878 ora
1693 1809 2000 1880 editionis
2043 1808 2292 1878 Aldinae
2339 1812 2410 1880 in
2447 1809 2630 1878 dicta

499 1912 896 1985 bibliotheca
920 1918 1221 2010 repositae
1241 1917 1586 2010 excerpsit.
1618 1917 1786 2010 Ipsae
1811 1917 1978 1986 adeo
1997 1930 2169 1985 notae
2197 1915 2322 1984 Th.
2339 1918 2632 1986 Heame

498 2034 653 2090 sunt
698 2019 1085 2114 perbreves,
1124 2037 1191 2092 et
1230 2021 1369 2093 fere
1408 2017 1678 2092 'tantum
1715 2021 2246 2116 complectuntur
2295 2023 2630 2090 variantes

498 2127 655 2196 istas
709 2127 1019 2222 scaligeri
1066 2127 1379 2198 lectiones
1402 2181 1422 2214 ‚
1471 2153 1554 2198 ex
1595 2130 1980 2222 Cuspiniani
2033 2129 2444 2222 potissimum
2489 2126 2627 2196 edi-

500 2234 678 2302 tione
715 2233 1050 2322 eollectaS,
1084 2259 1376 2328 quasque
1412 2232 1562 2304 Al'di
1595 2249 1664 2303 et
1694 2235 2014 2330 Stephani
2043 2231 2440 2328 exemplaria
2471 2257 2626 2326 sup·

500 2338 898 2435 peditarunt.
948 2343 1177 2412 Vitam
1226 2341 1417 2411 Plinii
1472 2340 1670 2411 debet
1714 2345 1816 2411 Jo.
1875 2345 2233 2412 Massono.
2295 2339 2424 2411 Sed
2483 2339 2628 2409 haec

508 2448 818 2516 sexennio
869 2462 1021 2541 post
1062 2448 1318 2517 auctior
1360 2448 1536 2517 edita
1586 2462 1688 2517 est
1735 2447 2098 2519 Amstelod.
2149 2472 2256 2543 ap.
2304 2450 2628 2519 Jansson-

502 2552 942 2647 Waesbergios
986 2577 1011 2622 1
1033 2577 1220 2649 709,
1256 2554 1319 2623 8.

624 2707 649 2753 1
669 2680 840 2778 703.
882 2686 1102 2755 Halae
1142 2686 1383 2781 Magd.
1436 2685 1504 2757 8.
1543 2684 1913 2755 Duodecim
1941 2686 2326 2781 Panegyrici
2373 2698 2628 2755 veteres

498 2812 581 2857 ex
628 2788 867 2859 saeculo
908 2814 948 2860 a
990 2789 1407 2861 Diocletiano
1451 2793 1536 2863 ad
1579 2792 2024 2863 Theodosium
2063 2792 2476 2886 superstiteS,
2517 2815 2626 2861 re-

499 2896 734 2965 censiti
762 2910 829 2965 et
860 2896 1395 2969 adnotationibus
1428 2897 1736 2967 illustrati
1769 2924 1810 2968 a
1857 2897 2240 2993 Christoph.
2287 2898 2580 2969 Cellario
2597 2950 2620 2983 ,

498 3002 619 3095 qui
642 3018 709 3071 et
733 3002 993 3073 Indices
1016 3005 1413 3099 copiosiores
1445 3028 1667 3073 rerum
1697 3019 1768 3073 et
1789 3004 2146 3075 verborum
2169 3002 2424 3096 adjecit.
2447 3000 2626 3071 Halae

507 3108 819 3202 Magdeb.
848 3124 1071 3181 sumtu
1100 3114 1137 3180 J
1140 3136 1199 3180 o.
1225 3110 1492 3181 Bielckii
1521 3108 1804 3205 Bibliop.
1845 3115 1992 3181 Jen.
2024 3112 2224 3205 Typis
2251 3110 2414 3179 Chr.
2448 3111 2623 3177 Heu·

508 3213 695 3283 ckelii
716 3268 735 3303 ‚
772 3214 975 3285 Acad.
1022 3230 1277 3311 typogr.
1661 3264 1668 3269 -

610 3378 633 3421 ι
650 3356 811 3447 708.
838 3354 913 3421 V
900 3360 1158 3439 mettis,
1192 3354 1256 3426 8.
1288 3358 1741 3449 Panegynbae
1759 3360 2108 3426 orationes
2123 3370 2434 3425 veterum
2455 3356 2623 3425 Ora·

507 3464 747 3519 torum.
780 3456 987 3523 Notis
1009 3476 1101 3522 ac
1127 3452 1647 3522 numismatibus
1671 3453 2032 3523 illmtravit
2047 3504 2067 3537 ,
2099 3470 2168 3521 et
2187 3448 2510 3521 Italicam
2535 3457 2624 3519 in·

510 3554 1067 3645 tet-pretationem
1106 3550 1355 3641 acb'ecit
1388 3552 1602 3620 Laur.
1643 3549 1928 3620 Patarol.
1973 3552 2048 3617 V
2035 3567 2206 3621 enet.
2245 3549 2438 3644 apud
2475 3550 2622 3619 Nic.

511 3648 875 3717 Pezzana.
903 3646 1030 3715 vid.
1062 3646 1169 3717 ad.
1200 3672 1257 3717 a.
1310 3670 1506 3743 ¹719·

622 3800 739 3872 ¹7¹
767 3803 789 3848 ι
808 3832 823 3847 .
846 3782 1101 3877 Lgosioe
1116 3833 1138 3868 ,
1192 3805 1213 3847 ι
1230 3807 1295 3851 2.
1334 3783 1409 3851 C.
1443 3782 1656 3851 Plinii
1677 3782 2016 3876 Epistoloe
2039 3797 2107 3851 et
2131 3783 2615 3875 Panegyricus,

514 3912 605 3963 ex
652 3896 1035 3961 recensione
1076 3906 1145 3963 et
1172 3917 1323 3963 cum
1354 3918 1438 3962 co
1445 3898 1861 3963 mentam-1225
1915 3891 2292 3986 thv'stopk.
2341 3892 2616 3961 Callani.

522 4004 867 4093 Quasdam
887 4008 1164 4077 notulas
1194 4007 1450 4099 adjecit
1471 4012 1574 4080 M.
1599 4014 1709 4079 Jo.
1749 4008 1986 4079 Chn'st.
2010 4010 2318 4102 Herzog.
2357 4008 2618 4101 Lq'osioe,
