2857 4690
566 398 660 492 98

1164 399 1241 467 c.
1296 398 1634 468 PLINII
1683 353 1885 468 'Lm
1942 401 2073 468 lx.

740 516 952 588 Quique
972 515 1137 569 instar
1156 517 1294 571 saecli
1318 519 1401 570 vel
1431 517 1573 570 solus
1592 557 1607 580 ,
1627 517 1826 570 Plinius
1845 518 1935 570 ille
1951 557 1967 580 ‚

734 600 950 672 Trajani
972 597 1133 654 decus
1151 638 1166 664 ,
1184 612 1341 672 atque
1367 602 1451 654 sui
1470 602 1582 654 laus
1601 601 1760 654 unica
1781 603 1932 654 Comi
1949 640 1966 666 ,

738 685 913 749 Quem
932 685 1160 755 primum
1185 683 1365 738 laudet
1382 723 1397 748 ,
1418 686 1507 736 cui
1531 703 1638 737 non
1663 686 1872 756 ignotus
1893 698 2113 758 uterque
2131 725 2146 750 ,

734 767 789 820 Si
816 767 911 818 tibi
938 767 1004 818 sit
1024 767 1209 818 similis
1232 767 1406 838 prisco
1433 767 1764 820 revocandus
1788 770 1857 821 ab
1877 788 2006 822 aevo.

734 850 845 902 Nec
864 861 1063 912 metus,
1084 861 1141 902 ut
1162 849 1294 903 labri
1313 849 1626 921 delphinum
1653 853 1892 924 angustia
1915 871 2169 924 magnum

732 933 952 986 Terreat
976 951 989 984 :
1014 932 1105 985 ille
1124 951 1220 1004 per
1246 946 1453 987 arentes
1479 945 1530 987 te
1555 935 1701 988 Intus
1723 955 1908 988 arenas
1928 975 1944 1000 ‚

734 1016 831 1069 Ille
854 1035 945 1088 per
969 1029 1021 1070 et
1042 1027 1246 1070 montes
1265 1055 1280 1080 ‚
1306 1031 1355 1070 et
1377 1037 1474 1089 per
1497 1019 1705 1071 stabula
1727 1019 1830 1071 alta
1855 1019 2084 1072 ferarum
2103 1057 2120 1084 ,

734 1101 1003 1170 Ingentem
1024 1100 1219 1171 pietate
1244 1099 1417 1152 virum
1443 1100 1560 1170 pius
1581 1101 1693 1171 ipse
1716 1113 1983 1174 sequatur.

838 1183 1195 1235 Mousti-orum
1214 1181 1433 1254 genitrix
1453 1195 1591 1236 terra
1608 1185 1736 1237 Afra
1755 1223 1771 1248 ‚
1791 1182 2100 1258 Diarrhytos
2122 1185 2298 1259 Hippo

733 1267 855 1331 Qua
878 1267 1067 1319 colitur
1094 1266 1262 1317 missis
1279 1269 1445 1318 Roma
1466 1265 1532 1318 de
1554 1279 1720 1321 matre
1740 1267 1942 1321 colonis
1956 1307 1972 1332 ,

732 1351 963 1402 Humani
987 1349 1085 1402 ah!
1110 1350 1333 1402 nimium
1358 1347 1491 1404 vidit
1513 1351 1770 1403 miracula
1789 1349 1969 1422 piscis.

730 1434 977 1486 Imminet
1000 1429 1126 1486 urbs
1154 1445 1354 1504 stagno.
1381 1433 1497 1486 Hoc
1525 1433 1701 1487 vicino
1726 1455 1756 1487 e
1779 1436 1982 1506 gurgite
2004 1435 2150 1507 ponti
2166 1472 2180 1498 ,-

729 1519 995 1590 (Euripus
1020 1517 1191 1589 qualis
1218 1515 1411 1570 fluctus
1437 1517 1604 1570 vomit
1629 1529 1786 1590 atque
1814 1517 2080 1589 resorbet)

729 1601 1023 1673 Hauritque
1049 1601 1250 1653 infusas
1278 1595 1586 1671 urgentibus
1613 1601 1819 1652 aestibus
1845 1600 2014 1654 undas
2031 1639 2049 1666 ,

728 1688 1055 1758 Eructatque
1082 1703 1237 1738 suum
1258 1685 1445 1756 pelago
1465 1683 1726 1737 residente
1748 1685 2026 1755 liquorem.

834 1771 1052 1841 Navigat
1072 1769 1159 1822 hic
1177 1769 1348 1821 omnis
1368 1767 1596 1840 populus
1612 1805 1627 1830 ‚
1649 1767 1905 1838 varioque
1924 1780 2108 1821 natatu

728 1853 958 1923 Neptuni
983 1870 1147 1926 pecus
1174 1851 1417 1924 exagitat.
1442 1851 1775 1904 Dubitaveris
1791 1889 1806 1912 ,
1826 1851 1919 1904 alti

728 1937 1084 2006 imperiumne
1108 1935 1256 1989 Jovis
1271 1974 1287 2000 ‚
1316 1947 1520 2006 sceptra
1543 1953 1612 1986 an
1640 1935 1868 1987 fraterna
1899 1945 2206 2006 sequantur.

726 2019 844 2071 Non
868 2019 1087 2072 canibus
1111 2030 1307 2072 matres
1328 2017 1418 2070 hic
1445 2018 1748 2070 irascuntur
1775 2020 1988 2089 equisve
2002 2055 2019 2082 ,

726 2104 846 2156 Non
872 2103 1087 2155 trochus
1112 2114 1319 2155 exercet
1339 2143 1353 2168 ‚
1374 2121 1484 2154 non
1511 2100 1880 2172 pulverulenta
1901 2101 2142 2172 palestra
2159 2138 2176 2164 ,

724 2187 845 2240 Non
867 2204 1053 2239 cursus
1071 2227 1087 2252 ,
1105 2203 1299 2257 pueros
1322 2201 1335 2235 τ
1358 2203 1504 2236 mare
1522 2203 1724 2236 summa
1753 2195 1804 2235 et
1828 2184 1938 2236 sola
1957 2183 2215 2253 voluptas.

722 2270 1015 2341 Exsuperat
1035 2280 1141 2321 tam
1162 2268 1385 2339 quisque
1406 2267 1540 2320 alios
1555 2305 1570 2330 ,
1593 2278 1791 2338 quanto
1812 2267 1970 2319 altius
1991 2283 2171 2338 oequor

724 2356 999 2425 Ingressus
1012 2390 1029 2417 ,
1056 2352 1283 2423 litusque
1304 2352 1460 2403 simul
1483 2364 1772 2423 nantesque
1791 2351 2024 2421 reliquit.

830 2438 1002 2508 Hujus
1023 2454 1203 2489 amore
1220 2454 1351 2505 puer
1368 2434 1586 2506 reliquis
1610 2434 1889 2488 audentior
1911 2452 2050 2486 unus

724 2522 985 2572 Accensus
1010 2518 1197 2591 palma
1215 2556 1230 2581 ‚
1256 2536 1371 2588 quoe
1398 2530 1538 2570 meta
1556 2536 1799 2589 suprema
1822 2518 2066 2569 laborum

722 2600 883 2652 Illum
907 2612 1019 2653 erat
1044 2612 1165 2653 ante
1186 2598 1329 2653 diem
1348 2638 1363 2663 ,
1391 2601 1628 2670 proferre
1655 2602 1922 2653 interritus
1946 2599 2133 2665 audet,

722 2686 1001 2756 Ipsamque
1022 2684 1313 2756 ingreditur
1334 2684 1566 2755 Neptuni
1589 2684 1818 2736 fervidus
1841 2684 2038 2736 aulam.

722 2767 831 2819 Nec
853 2779 1031 2819 tamen
1058 2766 1168 2820 lia-,c
1192 2766 1353 2819 bilem
1381 2766 1605 2819 movisse
1628 2766 1852 2820 audacia
1878 2768 1988 2838 regi

722 2848 985 2902 Creditur.
1004 2850 1086 2901 En
1112 2868 1231 2903 cara
1260 2850 1317 2901 in
1344 2849 1528 2920 primis
1554 2848 1620 2902 de
1646 2862 1799 2920 gente
1827 2850 2030 2903 satelles

720 2932 965 2986 Occurrit
988 2952 1157 3004 puero
1179 2932 1462 3004 delphinus
1479 2971 1494 2997 ,
1515 2945 1565 2985 et
1593 2934 1781 3005 accipit
1807 2936 1947 2987 ultro

719 3014 1115 3069 Advenientem:
1142 3028 1193 3069 et
1214 3018 1325 3088 jam
1350 3016 1528 3069 videas
1555 3018 1741 3089 praeire
1768 3031 2069 3091 sequentem
2089 3058 2104 3083 ,

716 3100 1133 3172 Pergentemque
1160 3100 1307 3171 sequi
1324 3138 1339 3164 ,
1362 3119 1521 3172 gyros
1539 3102 1652 3173 jam
1676 3100 1870 3155 ducere
1893 3102 2090 3153 circum
2111 3139 2126 3165 ,

720 3184 945 3254 Jamque
967 3183 1139 3236 subire
1164 3183 1322 3255 pedes
1341 3222 1356 3247 ‚
1376 3183 1764 3255 equitandaque
1786 3185 2009 3239 subdere
2033 3197 2179 3257 terga
2194 3223 2209 3248 ‚

718 3268 919 3321 Ponere
934 3268 1043 3337 jam
1064 3266 1331 3337 trepidum
1358 3266 1591 3320 novitate
1606 3306 1621 3331 ,
1641 3268 1938 3340 iterumque
1961 3270 2137 3322 subire
2151 3307 2166 3332 ‚

718 3350 887 3422 Inque
905 3350 1071 3403 altum
1088 3350 1225 3401 serre
1239 3387 1254 3413 ,
1274 3360 1325 3401 et
1348 3350 1568 3420 vestigia
1587 3350 1798 3407 flectere
1817 3356 1958 3406 retro
1974 3390 1990 3417 ,

715 3421 1120 3503 Ludentumque
1145 3431 1285 3504 gregi
1312 3432 1430 3484 laeto
1457 3434 1531 3485 sic
1559 3432 1779 3487 reddere
1807 3433 2038 3487 tandem.

735 3525 748 3537 '
824 3518 989 3570 Fama
1016 3516 1119 3569 exit
1135 3554 1150 3579 ‚
1174 3536 1284 3569 non
1304 3528 1382 3568 est
1402 3528 1513 3568 tota
1533 3517 1798 3588 vulgatior
1815 3520 1947 3571 urbe

720 3602 947 3665 Fabula,
966 3601 1365 3671 conl'ertumque
1396 3598 1540 3653 videt
1567 3602 1656 3652 lux
1676 3599 1839 3653 altera
1869 3600 2023 3653 litus:

716 3690 1012 3754 Spectatum
1036 3686 1250 3737 veniunt
1270 3694 1464 3735 matres
1483 3722 1498 3745 ,
1518 3684 1836 3757 veniuntque
1855 3684 2059 3759 puellm.

715 3766 836 3830 Est,
861 3787 977 3839 quae
996 3767 1305 3839 delphinum
1333 3766 1619 3827 obtendat,
1653 3767 1848 3820 lectura
1879 3779 1956 3819 tot
1984 3768 2119 3819 inter

714 3850 957 3921 Egregios
970 3854 1192 3923 juvenes
1208 3850 1470 3921 praestanti
1491 3868 1709 3920 corpore
1737 3850 1984 3902 amicum.

714 3934 997 3987 Confestim
1018 3934 1153 3987 redit
1175 3932 1244 3987 ad
1269 3934 1558 3985 certamina
1583 3944 1707 3985 nota
1722 3933 1990 4004 juventus.

714 4015 961 4088 Delphini
980 4036 1114 4087 puer
1138 4028 1189 4070 at
1212 4029 1391 4070 vector
1416 4014 1684 4070 discedere
1707 4016 1858 4067 turba

712 4100 1033 4163 (innotatur,
1056 4100 1179 4153 fidei
1198 4101 1456 4165 incertus,
1483 4112 1774 4171 cautusque
1800 4097 1983 4171 pericli
1999 4136 2014 4159 ‚

714 4184 781 4237 Et
808 4184 1009 4255 pavida
1034 4203 1224 4256 parens
1250 4185 1509 4255 genitrici.
1538 4184 1697 4240 Piscis
1721 4182 1790 4238 ad
1815 4182 2003 4237 horam

2635 858 2709 910 15

2630 1293 2705 1328 20

2628 1687 2697 1741 25

2622 2105 2690 2157 3ο

2605 3771 2667 3817 50
