2857 4690
896 307 1580 414 EPIsToLA'n.

2181 356 2369 426 11⁸3·

225 469 396 537 trium
442 465 831 535 liberorum.
880 463 1205 552 Quamvis
1254 464 1431 532 enim
1481 465 1642 535 Julii
1699 472 2032 562 Serviani,
2077 479 2316 571 optimi

224 579 353 665 viri,
373 577 597 672 tuique
626 573 1089 654 amantissimi,
1112 573 1423 666 precibus
1453 573 1840 647 indulseris:
1870 595 2092 650 tamen
2117 588 2315 654 etiam

222 715 291 756 ex
319 689 627 782 rescripto
665 683 997 778 intelligo,
1025 682 1340 752 libentius
1373 684 1504 754 hoc
1538 687 1600 754 ei
1630 702 1696 757 te
1727 692 2132 784 praestitisse,
2161 699 2318 790 quia

224 823 329 892 pro
368 823 469 866 me
510 795 812 890 rogabat.
860 793 1115 861 Videor
1154 818 1314 888 ergo
1358 819 1682 866 summam
1729 804 1863 869 voti
1909 806 2038 872 mei
2081 830 2314 875 conse·
2351 832 2382 867 τι

224 923 476 1002 quntuS,
511 931 721 1002 quum
760 906 934 972 inter
969 903 1159 971 initia
1193 902 1550 974 felicissimi
1589 911 2002 1006 principatus
2031 907 2135 982 'tui
2173 941 2320 1010 pro-

222 1017 484 1105 baveri5‚
521 1041 629 1086 me
658 1015 743 1084 ad
776 1011 1179 1108 peculiarem
1218 1012 1702 1108 indulgentiam
1719 1033 1916 1088 tuam
1949 1025 2315 1116 pertinere:

222 1151 407 1222 eoque
442 1128 657 1220 magis
697 1124 941 1193 liberos
980 1122 1412 1217 concupisco;
1449 1151 1616 1219 quos
1667 1129 1914 1200 habere
1963 1137 2159 1202 etiam
2209 1134 2322 1202 illo

222 1238 573 1306 tristissimo
622 1233 860 1306 saeculo
894 1232 1112 1319 volui,
1148 1233 1320 1302 sicut
1358 1250 1548 1328 potes
1583 1238 1848 1310 duobus
1883 1245 2325 1313 matrimoniis

222 1349 361 1415 meis
394 1347 690 1417 credere.
726 1343 857 1414 Sed
895 1342 986 1412 dii
1018 1341 1292 1432 meliuS,
1326 1346 1442 1437 qui
1479 1347 1704 1417 omnia
1748 1352 2004 1446 integra
2039 1353 2322 1425 bonitati
2363 1379 2392 1424 3

223 1474 331 1526 tuae
376 1470 821 1527 reservarunt.
869 1452 1083 1522 Malui
1124 1452 1256 1520 hoc
1296 1455 1518 1547 potius
1567 1473 1866 1552 tempore
1911 1487 2018 1531 me
2067 1479 2325 1557 patrem

224 1569 376 1654 fieri,
407 1591 545 1664 quo
580 1564 847 1634 futurus
888 1587 1095 1632 essem
1136 1576 1205 1631 et
1240 1586 1510 1634 securus
1547 1582 1614 1635 et
1653 1568 1828 1638 felix.

224 1789 325 1833 ven,
348 1769 663 1842 implessent.
699 1765 897 1820 Similia
928 1763 997 1816 ad
1026 1761 1214 1815 Raudii

224 1861 270 1902 et
300 1849 501 1903 Hearnii
550 1846 892 1919 questionem
933 1841 1217 1916 respondet

226 1931 511 1982 Ammonius
528 1927 597 1980 ad
621 1927 817 1997 Paneg.
839 1925 917 1988 11,
941 1926 992 1977 3.
1016 1920 1217 1976 Eadem

226 2008 433 2080 Anglua'
420 2019 675 2078 interpres
692 2004 1035 2058 Melmothus.
1056 2002 1125 2054 G.

284 2089 517 2140 -DeJn
522 2091 587 2140 11⁰0
608 2088 865 2145 Serviano,
890 2082 1001 2136 vid.
1020 2081 1087 2133 ad
1112 2082 1215 2144 111,

228 2169 469 2259 ep317.12
496 2166 597 2218 fuit
614 2165 857 2234 Trajano
882 2161 1216 2224 carissimus,

228 2248 335 2315 qui,
347 2258 559 2300 auctore
574 2245 776 2305 Dione,
789 2240 845 2294 id
854 2239 989 2294 adeo
1006 2239 1220 2293 molitus

229 2344 327 2380 ene
354 2325 580 2388 videtur,
615 2333 676 2377 ut
710 2341 833 2375 eum
864 2338 1221 2375 successorem

230 2406 313 2459 sibi
336 2404 648 2479 designaret.
670 2404 737 2455 In
759 2401 1045 2455 Germania
1064 2418 1219 2471 supe-

228 2485 349 2539 riore
367 2498 477 2539 tum
499 2495 615 2539 erat
640 2502 765 2536 cum
782 2480 1026 2551 imperio.
1040 2480 1147 2531 En.

289 2584 336 2618 2.
348 2569 479 2617 Scene
481 2579 644 2633 potes
663 2562 717 2615 Si
730 2560 845 2613 hac
860 2559 1022 2611 verba
1038 2556 1108 2610 ad
1128 2576 1224 2620 ea,

228 2663 327 2716 qun
360 2644 598 2737 proxime
634 2637 958 2713 procedunt,
992 2638 1221 2701 reseras,

226 2724 443 2778 Plinius
422 2742 537 2796 Jam
560 2721 697 2777 duas
715 2737 901 2772 uxores
917 2717 1223 2771 Domitiano

228 2804 499 2877 imperante
518 2801 730 2855 duxisse
750 2798 925 2853 debet.
937 2796 1042 2851 Sed
1054 2807 1226 2869 potest

226 2884 367 2937 etiam
395 2882 465 2936 ad
494 2880 677 2954 paullo
706 2878 973 2950 superiora
1007 2875 1225 2949 respici,

227 2980 364 3031 eoque
376 2965 533 3031 magis
550 2964 727 3012 liberos
744 2960 1047 3024 concupisco.
1070 2956 1227 3009 Certe

226 3039 287 3093 de
298 3040 503 3095 duabus
520 3042 635 3111 ejus
654 3034 816 3089 modo
830 3035 1082 3088 uxoribus
1102 3052 1227 3087 con·

226 3130 335 3174 stat.
358 3120 429 3174 G.

286 3202 335 3253 3.
356 3203 466 3252 Dii.
487 3236 502 3249 .
523 3211 869 3250 mesen-amne.
898 3195 983 3248 Dii
1004 3194 1193 3249 melius
1208 3232 1224 3258 ‚

226 3278 345 3350 quid
358 3278 492 3331 mihi
510 3276 643 3329 utile
666 3278 733 3329 ait
745 3274 961 3341 „vident
978 3292 994 3338 ;
1013 3287 1064 3327 et
1082 3294 1114 3327 a
1130 3276 1226 3326 bo·

226 3359 375 3411 nitate
396 3369 489 3410 tua
516 3367 825 3427 exspectare
845 3373 931 3408 me
948 3354 1229 3407 voluerunt

221 3437 331 3507 jura
344 3454 553 3498 eorum,
569 3435 865 3507 quilibet-00
878 3434 1097 3497 habent,
1113 3452 1229 3505 quae

230 3514 563 3569 matrimoniis
574 3513 785 3567 duobus
798 3513 975 3566 adhuc
988 3532 1097 3567 non
1112 3532 1231 3566 eon-

231 3608 466 3667 sequutus
503 3613 643 3647 sum.
680 3594 945 3646 Nimirum
974 3593 1101 3646 hinc
1122 3610 1229 3643 non

230 3676 421 3737 minua,
442 3692 611 3747 quam
631 3691 693 3726 ex
718 3674 871 3744 epist.
900 3672 967 3742 95
996 3682 1230 3745 apparet,

234 3752 577 3807 conditionem
594 3751 909 3834 impetrandi
930 3752 1119 3825 hujns'
1100 3751 1233 3825 juris

236 3830 401 3897 fuine,
414 3845 475 3885 nt
488 3832 615 3904 quis
626 3832 858 3903 legitimo
870 3826 1031 3883 modo
1042 3832 1235 3885 liberos

237 3912 507 3981 quasia-it,
534 3910 631 3965 sed
650 3910 865 3964 finan-a.
886 3910 955 3963 G.
975 3942 1045 3951 -
1061 3913 1234 3963 Immo

238 4002 334 4043 eat·
320 4030 333 4043 .
348 3991 423 4045 dii
443 3992 661 4055 melius,
680 3990 775 4062 qni
793 3990 926 4043 mihi
944 4002 1096 4045 antea
1116 4010 1238 4063 pro-

238 4067 331 4123 lem
348 4082 636 4143 negarunt,
662 4080 721 4123 ut
746 4071 845 4123 auh
868 4071 1103 4143 principe
1126 4084 1237 4125 tam

240 4146 367 4201 bono
385 4149 601 4203 dunum
628 4161 781 4221 pater
804 4149 1005 4203 fierem.
1026 4152 1081 4202 S.

302 4258 365 4268 -
379 4234 555 4281 Malui.
584 4229 695 4283 Sub
712 4230 853 4283 bono
870 4230 1104 4300 principe
1124 4249 1239 4283 ma-

512 4318 621 4384 ΙΙ.

1309 1761 1427 1816 lunt
1455 1765 1699 1820 homines
1737 1770 1930 1824 liberos
1958 1772 2172 1827 habere.
2198 1774 2324 1828 vid.

1308 1843 1505 1916 Paneg.
1533 1847 1750 1910 XXVI,
1778 1862 1910 1904 extr.
1930 1853 2192 1906 Caeterum
2217 1875 2327 1907 non

1310 1924 1508 1994 optime
1523 1925 1636 1979 haec
1655 1886 1916 1982 coliaerem
1935 1933 2322 2002 superioribus:

1310 2003 1516 2076 quidsi
1543 2005 1811 2076 legamus,
1843 2014 1976 2060 matu
1945 2029 2062 2060 ιιεη
2061 2021 2156 2064 nc?
2187 2013 2330 2082 [scri-

1309 2095 1486 2156 pserat
1501 2085 1765 2140 Gesnerus
1784 2093 2005 2138 malunt:
2019 2090 2192 2154 unde,
2213 2110 2329 2162 quae

1312 2176 1606 2236 sequuntur
1621 2203 1636 2228 ,
1675 2167 1846 2219 lucem
1885 2167 2168 2239 accipiunt.
2195 2168 2323 2222 vid.

1310 2243 1533 2298 Gesneri
1555 2243 1626 2298 ad
1649 2247 1700 2298 J.
1725 2247 1787 2299 A.
1817 2247 2114 2300 Emeatium
2144 2249 2331 2320 episto-

1312 2323 1417 2377 lam
1435 2364 1450 2387 ,
1477 2325 1754 2399 ipsumque
1783 2326 2082 2381 Ernestium
2109 2327 2181 2382 ad
2205 2327 2261 2383 h.
2289 2328 2326 2383 l.

1312 2405 1389 2475 S.]
1418 2404 1566 2475 quod
1595 2406 1750 2459 facile
1787 2407 2056 2479 corrumpi
2088 2410 2144 2460 in
2172 2413 2331 2461 malui

1313 2484 1512 2555 potuit,
1541 2484 1584 2537 si
1605 2506 1638 2535 n
1659 2502 1756 2557 per
1783 2498 2135 2543 transversam
2166 2488 2330 2541 litem

1316 2584 1347 2615 u
1366 2562 1656 2633 impolitam
1683 2564 1911 2635 signavit
1946 2565 2210 2620 librarius.
2242 2568 2330 2621 Sic

1313 2642 1472 2695 simul
1493 2642 1740 2696 indicarit
1754 2682 1768 2706 ,
1799 2664 1944 2715 spem
1966 2646 2132 2718 prolis
2155 2666 2184 2699 e
2209 2646 2332 2703 Cal·

1316 2720 1538 2791 put-nia,
1577 2740 1738 2793 quam
1777 2724 1920 2776 circa
1953 2724 2066 2777 haec
2097 2738 2335 2797 tempora

1316 2798 1492 2861 duxit,
1521 2800 1862 2871 suscipiendae
1890 2821 1946 2855 se
1963 2804 2178 2857 habere.
2203 2803 2331 2859 vid.

1318 2878 1484 2941 vm,
1509 2896 1592 2945 ιο,
1611 2880 1706 2932 uhi
1731 2881 1974 2934 abortum
2000 2886 2114 2954 ejus
2136 2884 2335 2937 Fabato

1318 2971 1520 3011 narrat.
1549 2960 1704 3013 Certe
1736 2960 1780 3012 si
1803 2962 1892 3014 cui
1917 2960 2052 3015 illud
2083 2962 2336 3015 audacius

1317 3036 1582 3099 videatur,
1605 3056 1910 3109 quanquam
1935 3060 2045 3093 non
2079 3052 2184 3104 est,
2201 3042 2338 3111 lege-

1318 3118 1421 3169 rim
1449 3120 1646 3177 malim,
1665 3130 1726 3169 ut
1745 3130 1928 3171 votum
1951 3120 2046 3186 sit,
2069 3139 2178 3190 quo
2200 3119 2337 3171 illud

1318 3195 1604 3264 concupisco
1637 3198 1933 3250 confirmet.
1961 3198 2030 3251 G.
2057 3230 2129 3239 —
2145 3200 2335 3251 Assen-

1320 3277 1423 3328 tior
1459 3276 1510 3328 J.
1539 3276 1604 3327 A.
1633 3276 1876 3330 Ernestio
1901 3282 2118 3329 maluere
2149 3278 2336 3330 rescri-
2409 3331 2426 3341 ‚

1322 3356 1486 3407 beuti.
1502 3356 1794 3408 8.-Μα1ιιί
1807 3358 2092 3422 boc-potius.
2113 3356 2338 3426 Agnovit

1326 3438 1581 3493 Gesnerus,
1593 3432 1884 3485 correction
1889 3450 1971 3485 em
1988 3450 2136 3485 suam
2149 3439 2343 3487 malunt

1324 3527 1460 3566 stare
1485 3530 1594 3563 non
1631 3530 1797 3583 posse.
1831 3514 2018 3583 Itaque
2044 3512 2096 3563 in
2125 3525 2250 3567 nota
2271 3514 2340 3567 ad

1326 3592 1381 3643 h.
1397 3591 1600 3643 laenunc
1625 3591 1758 3643 bene
1781 3602 2078 3642 correctum
2101 3604 2177 3644 est
2192 3630 2208 3655 ,
2233 3614 2341 3645 ma-

1327 3675 1531 3723 luerunt.
1567 3672 1708 3742 Ergo
1742 3674 1956 3721 maluere
1992 3668 2104 3725 aine
2133 3672 2341 3728 haesitn·

1326 3751 1472 3804 tione
1507 3749 1881 3821 rescripserim.
1925 3755 2088 3803 Malui
2115 3770 2214 3805 nec
2251 3772 2344 3825 per

1328 3830 1725 3901 grammaticam
1769 3830 2028 3883 rationem
2071 3844 2208 3885 stare
2245 3852 2346 3905 po·

1332 3924 1430 3964 teat
1449 3928 1462 3961 :
1479 3908 1694 3961 deberet
1709 3910 1846 3960 enim
1863 3910 2006 3981 sequi
2023 3947 2039 3974 ,
2049 3916 2340 3983 paterfieri,

1332 4008 1441 4043 non
1459 4028 1474 4050 ‚
1502 4008 1578 4039 mc
1601 4004 1796 4055 patrem
1817 3992 1933 4058 fieri
1945 4010 1963 4041 .·
1989 4006 2086 4041 nec
2111 4008 2204 4062 per
2223 4008 2344 4044 aen·

1333 4068 1550 4123 tentiam
1569 4086 1584 4129 ;
1609 4068 1733 4139 quia
1755 4067 1822 4120 de
1849 4068 2072 4121 deorum
2089 4069 2346 4123 beneficio

1336 4166 1508 4203 sermo
1530 4160 1639 4211 est,
1659 4164 1768 4201 non
1789 4146 1858 4201 <le
1883 4152 2034 4200 Plinii
2057 4148 2341 4201 voluntate.

1335 4230 1365 4279 J
1373 4270 1385 4280 .
1406 4230 1470 4279 A.
1495 4228 1806 4281 Ena-astina.

2021 4314 2062 4379 3
2147 4338 2152 4348 .
