2857 4690
907 336 1447 408 EPISTOLA
1501 341 1743 408 CXX.
2245 340 2385 412 215

221 485 320 530 eo
353 483 604 554 agone,
633 459 754 554 qui
791 484 830 528 a
873 473 938 526 te
967 457 1332 530 iselasticus
1363 459 1581 529 factus
1612 476 1743 545 est,
1764 464 2069 556 quamvis
2106 463 2391 534 vicerint

223 585 426 654 ante,
453 595 664 664 quam
709 569 917 640 fieret.
953 571 1170 640 Aiunt
1207 572 1390 642 enim
1417 597 1803 667 congruens
1832 597 2000 656 esse,
2049 574 2225 644 sicut
2252 601 2389 645 non

225 682 434 752 datur
461 681 588 753 sibi
611 705 740 778 pro
763 681 868 750 his
892 682 1406 772 certaminibus,
1442 708 1591 778 quae
1627 709 1766 753 esse
1804 683 2167 774 iselastica,
2204 702 2389 782 post-

226 818 444 888 quam
497 793 838 877 vicerunt‚
891 790 1232 864 desierunt
1257 847 1278 880 ‚
1341 796 1433 866 ita
1482 820 1609 889 pro
1660 796 1741 866 iis
1794 795 1983 887 dari,
2042 822 2193 892 quae
2249 822 2391 867 esse

229 917 610 998 coepenmt.
659 904 790 972 Hic
829 927 1102 998 quoque
1139 929 1279 973 non
1300 903 1729 974 mediocriter
1752 905 2007 994 han-ec,
2050 931 2137 976 ne
2174 909 2391 1004 cujus·
2430 925 2473 978 J

230 1035 444 1106 quam
503 1027 687 1082 retro
753 1013 1082 1084 habeatur
1133 1015 1304 1084 ratio
1325 1069 1345 1104 ‚
1400 1013 1837 1112 dandumque
1865 1071 1886 1104 ‚
1942 1017 2127 1113 quod
2182 1032 2346 1090 tunc
2372 1073 2393 1104 ‚

231 1149 452 1219 quum
495 1126 880 1212 vincerent,
921 1152 1060 1196 non
1101 1125 1495 1197 debebatur.
1538 1131 1737 1222 Rogo
1776 1153 1977 1224 ergo,
2016 1142 2091 1198 ut
2120 1127 2393 1198 dubita-

233 1237 492 1303 tionem
537 1259 756 1304 meam
797 1260 1066 1331 regere,
1117 1235 1186 1304 id
1229 1251 1362 1322 est,
1405 1237 1731 1308 beneficia
1792 1239 1909 1307 tua
1966 1239 2393 1334 interpretari

237 1345 382 1437 ipse
423 1343 748 1437 digneris.

235 1533 477 1606 Agonist.
501 1533 558 1585 Π
573 1572 590 1599 ,
615 1551 699 1605 17.
721 1535 790 1588 G.
805 1541 1162 1589 —Iselaseicus
1173 1541 1270 1606 fa·
1445 1543 1496 1594 3.
1518 1547 1595 1592 Ne
1621 1543 1929 1609 cujusquam.
1953 1541 2030 1593 De
2056 1540 2259 1593 ratione
2290 1559 2393 1613 qua

233 1629 340 1665 em
360 1629 449 1666 ese.
470 1613 576 1667 cni
597 1627 660 1667 tu
685 1615 918 1668 tribuisti
937 1614 1155 1669 eosdem
1177 1617 1274 1669 ho-
1369 1639 1457 1680 m,
1478 1617 1761 1674 dubitandi
1779 1618 1863 1672 vel
1882 1616 2241 1691 interrogandi
2260 1619 2396 1672 adeo

235 1713 422 1757 m,
451 1694 851 1760 immunitates,
879 1697 1124 1767 premia,
1153 1711 1272 1768 qun
1367 1697 1661 1770 particula,
1696 1699 2039 1770 proponitur,
2066 1697 2301 1751 diximus
2340 1700 2395 1750 in

235 1773 432 1828 hahent
447 1774 486 1827 ii
503 1812 520 1839 ,
539 1775 638 1846 qui
665 1773 794 1828 olim
812 1773 916 1830 hoc
937 1776 1152 1830 nomine
1183 1795 1272 1849 ap-
1367 1779 1497 1832 Lex.
1518 1779 1609 1830 Rei
1626 1775 1835 1831 rustico
1852 1789 1904 1829 et
1924 1776 1993 1831 ad
2007 1776 2397 1843 Quintilianum

235 1851 412 1925 pellati
437 1867 588 1910 sunt.
607 1853 680 1910 G.
1370 1859 1396 1909 1
1413 1897 1430 1922 ,
1465 1857 1495 1911 5
1512 1895 1529 1920 ‚
1558 1857 1642 1912 38.
1656 1855 1729 1910 G.

237 2057 416 2075 mm

712 2057 1354 2080 ”Um-mmmm
1664 2055 2397 2078 “vissmmmmm

1173 2247 1481 2338 CXX.

877 2490 1330 2539 TRAJANUS
1383 2492 1690 2538 PLinio
1744 2494 1795 2537 S.

336 2665 818 2734 lsnas'ncnm
863 2677 1026 2733 tunc
1068 2666 1360 2759 primum
1407 2666 1574 2734 mihi
1618 2664 1888 2735 videtur
1929 2668 2225 2762 incipere
2279 2666 2399 2736 de-

255 2772 430 2861 beri,
460 2798 674 2868 quum
698 2774 846 2867 quis
865 2776 936 2843 in
955 2776 1292 2845 civitatem
1331 2800 1519 2844 suam
1556 2777 1699 2870 ipse
1721 2779 2059 2854 εἰσήλασεν.
2102 2780 2403 2847 Obsonia

253 2910 488 2954 eorum
551 2887 994 2956 certaminum
1024 2940 1043 2976 ,
1099 2910 1246 2981 quae
1295 2885 1624 2955 iselastica
1680 2910 1821 2956 esse
1870 2887 2128 2984 placuit
2191 2888 2404 2974 mihi,

253 2992 380 3091 [si]
425 3009 586 3065 ante
617 2994 946 3067 iselastica
971 3020 1109 3065 non
1139 2994 1447 3082 fuerunt,
1476 3011 1658 3065 retro
1694 3022 1833 3066 non
1872 2998 2224 3069 debentur.
2262 3000 2406 3067 Nec

253 3106 580 3201 proficere
630 3132 757 3201 pro
797 3108 1129 3178 desiderio
1171 3106 1575 3178 athletarum
1612 3106 1851 3205 'potest
1866 3166 1885 3197 ‚
1943 3125 2082 3181 tam
2125 3134 2359 3179 eorum
2384 3162 2404 3191 ,

252 3242 397 3312 quae
423 3232 660 3313 postea
679 3215 1004 3287 iselastica
1025 3216 1172 3313 lege
1191 3218 1531 3305 constitui,
1550 3244 1779 3313 quam,
1798 3245 2009 3315 quum
2029 3220 2373 3288 vincerent
2386 3272 2405 3305 ‚

321 3420 488 3474 CXX:
521 3422 612 3491 [Si]
641 3436 758 3472 ante
785 3425 1048 3472 iselastica.
1077 3424 1282 3493 Impor·
1472 3452 1543 3463 --
1568 3428 1691 3473 Tam
1720 3440 1917 3481 eorm,
1958 3440 2085 3489 qua.
2122 3420 2249 3473 Hac
2290 3438 2409 3473 esse

255 3513 375 3553 tuna
387 3498 606 3554 videtur
617 3498 984 3553 conditionalis
998 3500 1279 3571 particula,
1379 3502 1775 3573 corruptissima
1794 3500 1954 3552 video
1968 3536 1985 3563 ‚
2007 3498 2272 3553 medelam
2294 3518 2405 3553 non

255 3600 356 3653 qua
374 3578 554 3635 delen
570 3580 660 3634 vel
677 3598 801 3635 cum
819 3600 934 3649 quae
948 3590 1246 3651 permutata
1262 3616 1278 3644 ,
1379 3578 1550 3635 video.
1585 3578 1855 3634 Sententia
1898 3578 2112 3633 interim
2155 3578 2404 3649 pellucet.

258 3658 424 3715 facilia
453 3670 572 3715 erat
607 3660 888 3714 sententia.
915 3658 986 3712 G.
1003 3658 1204 3713 -Vid.
1225 3661 1278 3713 J.
1377 3660 1565 3731 Rejicit
1586 3660 1875 3731 imperator
1894 3658 2159 3713 rationem
2184 3656 2409 3713 athleta-

261 3744 318 3795 A.
343 3740 656 3797 Emanium
676 3740 748 3793 ad
769 3740 828 3793 b.
851 3741 891 3793 l.
919 3740 976 3794 S.
989 3770 1062 3783 --
1083 3740 1140 3795 si
1158 3753 1282 3793 ante
1383 3758 1504 3793 rum
1516 3739 1597 3793 vel
1608 3739 1863 3793 convertit
1874 3740 2073 3810 potius,
2088 3751 2143 3792 et
2160 3739 2411 3800 ostendit,

260 3821 514 3877 iselastica
551 3840 664 3875 non
699 3822 936 3875 fuerunt.
979 3822 1288 3892 Impia-tuna
1383 3838 1499 3873 esse
1542 3824 1970 3892 ἀναστρέφουσαν.
2008 3818 2095 3872 Illi
2136 3816 2407 3881 dixerant,

263 3901 466 3957 videtur
486 3907 706 3955 Gesner-o
731 3901 996 3973 particula
1015 3904 1062 3953 si
1075 3940 1092 3961 ,
1123 3920 1286 3973 quam
1383 3916 1593 3972 equum
1614 3918 1729 3953 esse
1742 3938 1758 3963 ,
1786 3912 1845 3952 ut
1864 3897 2169 3972 acciperent
2190 3898 2408 3971 promia

261 3983 334 4035 vel
373 3980 664 4037 delendam
681 4018 700 4045 ,
726 3980 808 4035 vel
851 4000 976 4035 cum
1015 4001 1130 4051 μοι·
1171 4000 1288 4051 per-
1383 3998 1569 4033 corum
1620 3979 1965 4035 certaminum
1987 4018 2003 4042 ,
2052 3979 2245 4051 quibus
2290 3990 2409 4048 post

261 4061 592 4133 mutandam,
604 4072 776 4133 putat.
821 4062 936 4131 Ego
969 4072 1134 4115 totam
1163 4080 1284 4133 pro-
1384 4059 1658 4113 victoriam
1694 4058 1909 4113 demum
1948 4077 2099 4113 suam
2131 4059 2409 4130 proposita

261 4143 572 4211 'unitionem
601 4140 904 4195 deleverim.
933 4142 1068 4193 Em.
1385 4151 1557 4192 essent
1570 4140 1783 4210 praemia
1804 4162 1819 4205 ;
1843 4158 2007 4211 quum
2029 4138 2271 4191 desinant
2292 4135 2409 4187 dari
