2857 4690
459 331 601 430 296

1026 334 1103 400 C.
1156 332 1505 401 PLINII
1557 331 2029 401 SECUNDI

386 472 417 525 3
454 456 827 543 amitteret,
862 454 1045 550 quod
1086 455 1341 525 fuisset.
1380 456 1670 551 Egregie
1699 508 1719 541 ‚
1753 458 2014 539 Caesar,
2043 452 2232 549 quod
2269 452 2612 551 lacrymas

453 582 813 661 parentum
834 566 1187 661 vectigales
1212 592 1353 637 esse
1380 592 1520 643 non
1547 567 1817 662 pateris».
1847 570 2036 640 Bona
2071 564 2194 635 filii
2224 581 2420 661 pater
2455 568 2610 637 sine

451 676 911 749 deminutione
960 678 1329 775 possideat,
1364 703 1494 748 nec
1539 680 1797 748 socium
1845 677 2232 749 hereditatis
2267 680 2560 775 accipiat
2583 733 2606 763 ‚

449 790 735 882 quinon
763 789 967 859 habet
1005 788 1263 861 luctus:
1308 814 1511 859 nemo
1545 804 1880 859 recentem
1917 803 1988 863 et
2021 788 2378 859 attonitam
2416 790 2602 858 orbi-

450 913 663 969 tatem
694 900 779 969 ad
818 902 1393 996 computationem
1428 913 1657 987 vocet,
1699 913 2030 994 cogatque
2069 912 2331 995 patrem
2357 950 2378 985 ‚
2428 898 2602 993 quid

381 1034 411 1081 4
450 1010 799 1105 reliquerit
812 1012 989 1082 filius
1006 1064 1026 1099 ‚
1054 1014 1244 1090 scire.
1264 1015 1495 1107 Augeo
1525 1012 1602 1091 P.
1629 1014 1709 1080 C.
1731 1012 2353 1106 principismunus,
2378 1035 2598 1104 quum

448 1122 762 1210 ostendo,
796 1121 1181 1199 liberalitati
1218 1123 1361 1217 ejus
1396 1124 1616 1195 inesse
1658 1122 1988 1191 rationem
2021 1148 2037 1191 :
2077 1120 2358 1190 ambitio
2409 1121 2596 1189 enim

447 1248 515 1303 et
538 1233 898 1347 jactantia,
922 1250 989 1303 et
1018 1234 1293 1320 effusio,
1324 1248 1391 1303 et
1421 1231 1687 1333 quidvis
1708 1232 1970 1327 potius,
1991 1255 2197 1327 quam
2228 1229 2602 1301 liberalitas

378 1356 409 1410 5
446 1344 887 1415 existimanda
929 1359 1064 1432 est,
1106 1346 1215 1415 cui
1267 1345 1442 1413 ratio
1487 1367 1628 1421 non
1675 1356 1960 1414 constat.
2015 1344 2320 1437 Dignum
2377 1365 2542 1436 ergo
2569 1395 2594 1427 ‚

445 1444 857 1550 Imperator,
884 1454 1397 1535 mansuetudine
1421 1468 1540 1523 tua
1560 1506 1582 1541 ,
1609 1453 1918 1523 minuere
1947 1450 2258 1521 orbitatis
2283 1450 2599 1544 injurias,

444 1590 571 1635 nec
608 1568 751 1661 pati
783 1582 1229 1661 quemquam,
1266 1564 1408 1633 filio
1445 1564 1691 1633 amisso
1716 1615 1737 1651 ‚
1776 1558 2056 1657 insuper
2085 1560 2266 1631 affici
2305 1560 2438 1631 alio
2473 1561 2596 1629 do-

449 1675 611 1745 lore.
650 1678 763 1749 Sic
796 1702 1069 1773 quoque
1100 1675 1371 1747 abunde
1403 1676 1647 1751 misera
1680 1698 1786 1747 res
1821 1687 1920 1743 est
1941 1726 1962 1759 ‚
1996 1686 2190 1766 pater
2227 1661 2368 1739 filio
2408 1670 2594 1741 solus

444 1786 687 1867 heres:
736 1787 903 1881 quid
949 1789 1004 1858 si
1053 1785 1452 1861 coheredem
1501 1809 1640 1855 non
1691 1808 1732 1853 a
1780 1782 1924 1852 filio
1965 1780 2314 1877 accipiat?
2364 1780 2594 1866 Adde,

374 1912 408 1965 6
445 1896 624 1991 quod
648 1951 668 1985 ‚
735 1922 945 1992 quum
1012 1897 1207 1967 divus
1269 1898 1497 1972 Nerva
1566 1893 1892 1965 sanxisset
1926 1946 1946 1981 ‚
2005 1908 2083 1963 ut
2147 1894 2218 1964 in
2292 1893 2591 1987 paternis

442 2009 639 2079 bonis
676 2009 865 2079 liberi
902 2011 1297 2082 necessitate
1333 2007 1686 2079 Vicesimae
1731 2003 2173 2087 solverentur,
2207 2027 2589 2098 congruens

440 2134 616 2208 erat,
654 2121 957 2191 eamdem
997 2120 1493 2192 immunitatem
1532 2130 1842 2212 parentes
1878 2116 1951 2191 in
1987 2112 2354 2185 liberorum
2391 2114 2586 2184 bonis

438 2290 597 2339 vovit.
645 2286 725 2339 Ne
777 2286 985 2358 plorare
1018 2294 1296 2358 cogeretur
1336 2300 1462 2337 cum

438 2367 739 2424 Alexandro
754 2385 921 2440 puero
935 2407 952 2433 ‚
968 2367 1069 2418 sihi
1087 2383 1120 2418 a
1137 2361 1432 2437 patrenihil
1447 2399 1464 2426 ,

437 2436 584 2514 quod
598 2449 721 2508 agat
737 2474 755 2501 ,
768 2437 1019 2511 relinqui.
1041 2438 1115 2490 G.

512 2535 562 2569 ².
590 2519 851 2568 Amitteret
871 2557 887 2582 ,
924 2519 1063 2584 quod
1073 2519 1273 2585 fuisset.
1306 2513 1472 2567 Ludit

437 2593 637 2648 Plinius
666 2595 842 2656 verbis
874 2607 927 2648 et
954 2594 1242 2648 sententiis.
1263 2586 1468 2665 Nemp⁴e

439 2692 609 2745 quum
628 2685 779 2745 pater
804 2674 1131 2727 vicesimam
1155 2673 1466 2728 hereditatis

438 2753 645 2807 solvere
660 2755 871 2828 cogitur
888 2792 905 2818 ‚
928 2754 1155 2808 hahetur
1184 2755 1352 2810 instar
1378 2773 1466 2807 ex-

434 2833 605 2886 tranei
622 2873 639 2901 ‚
664 2845 717 2887 et
738 2847 995 2907 tanquam
1020 2852 1294 2906 nunquam
1314 2844 1466 2907 pater

434 2912 639 2975 fuisset.
660 2914 747 2974 Sic
772 2915 910 2968 bene
934 2913 1217 2986 Gierigius.
1238 2914 1308 2968 G.

506 2995 559 3048 3.
588 2997 879 3061 L'acfflnaae.
902 3034 914 3047 .
938 3033 951 3048 .
973 2999 1281 3064 meceigales.
1308 2992 1463 3048 Tolle

433 3073 663 3146 figuram
678 3111 697 3140 ‚
732 3086 786 3128 et
811 3073 953 3128 dicet
978 3113 993 3140 ,
1033 3077 1225 3128 Praeter
1256 3075 1460 3128 luctum

430 3157 593 3208 etiam
618 3153 879 3209 damnum
906 3155 1185 3226 percipere
1213 3165 1462 3226 parentes

430 3251 539 3290 uon
566 3236 781 3306 pateris.
801 3233 905 3294 Sed
933 3232 1065 3287 illud
1086 3233 1461 3305 indignitatem

428 3313 597 3385 magis
652 3327 851 3369 movet.
888 3313 1063 3366 Habet
1106 3311 1212 3370 boc
1266 3312 1462 3366 latinus

428 3411 605 3446 sermo
626 3432 643 3458 ‚
676 3393 825 3467 quod
852 3392 941 3446 bic
972 3393 1261 3474 prasertim
1301 3411 1462 3464 appa2

426 3483 509 3528 ret
539 3510 557 3536 ,
613 3485 675 3526 ut
726 3472 991 3546 ponendis
1050 3475 1311 3524 abstractis
1368 3471 1458 3525 vel

427 3555 672 3620 aequauerit
696 3553 817 3608 loco
842 3572 1027 3616 eorum
1042 3591 1058 3616 ,
1084 3571 1202 3624 quae
1228 3567 1458 3610 concreta

426 3643 690 3684 vocantur
706 3669 723 3697 ,
744 3651 807 3686 ea
816 3645 971 3706 parte
988 3651 1073 3691 res
1084 3633 1327 3688 obvertat
1342 3631 1457 3685 ani-

426 3727 517 3762 mo
541 3747 557 3773 ,
584 3728 693 3780 qua
718 3713 945 3766 maxime
976 3711 1046 3766 ad
1067 3731 1189 3765 eum
1222 3729 1455 3765 commo-

426 3788 657 3842 vendum
697 3791 895 3845 valent.
918 3791 1039 3844 Huc
1079 3793 1335 3863 pertinent
1373 3795 1452 3843 Ia-

425 3889 603 3934 otymae
630 3874 929 3940 vectigales,
978 3876 1164 3924 orbitas
1204 3875 1417 3924 anonim
1436 3908 1454 3935 ,

422 3952 547 3999 scire
568 3953 693 4019 quid
705 3949 1121 4024 reliqtoeriefih‘us.
1138 3953 1208 4006 G.

458 4041 465 4046 ‘
493 4059 565 4070 —
588 4031 685 4095 Qui
705 4049 805 4080 non
831 4033 979 4081 habet
998 4033 1172 4084 luctus.
1192 4031 1457 4103 Gierigius

422 4127 487 4161 ex
504 4109 767 4180 probabili
783 4109 1015 4162 virorum
1032 4108 1314 4164 doctorum
1332 4131 1459 4165 con-

416 4193 622 4260 jectura
650 4209 795 4258 quem
822 4209 872 4242 η.
904 4193 952 4242 lc.
988 4195 1023 4240 1.
1048 4189 1297 4244 Probavit
1332 4191 1460 4246 item

1552 2278 1606 2332 J.
1631 2280 1697 2331 A.
1725 2278 2018 2332 Emestius.
2035 2277 2092 2330 S.
2117 2308 2188 2317 —-
2203 2280 2303 2344 Qui
2321 2296 2422 2329 non
2441 2280 2586 2329 hahet

1554 2364 1730 2413 motus.
1761 2357 2070 2432 Legendum
2101 2376 2215 2411 esse
2247 2377 2392 2427 quem
2413 2395 2430 2422 ‚
2461 2377 2586 2411 con·

1555 2439 1724 2493 sentio
1750 2437 1880 2493 viris
1913 2437 2261 2494 doctissimis:
2293 2455 2424 2490 nam
2449 2437 2586 2491 ratio

1555 2517 1920 2573 Schwarziana
1958 2535 2053 2588 per
2087 2515 2456 2588 supplementa
2488 2517 2582 2578 tria

1557 2597 1876 2671 explicanda
1896 2596 2164 2652 sententia!
2183 2595 2474 2652 admodum
2492 2596 2585 2650 du-

1553 2697 1616 2732 ra
1639 2691 1718 2731 est
1739 2697 1754 2750 3
1780 2698 1869 2732 nec
1889 2679 1911 2747 (
1929 2677 2158 2744 fiscum)
2183 2679 2370 2726 socium
2395 2679 2582 2727 heredi-

1554 2762 1672 2810 tatis
1707 2761 1920 2820 habeat,
1954 2759 2044 2825 qm‘
2078 2757 2276 2824 (eum)
2301 2775 2402 2806 non
2437 2757 2584 2807 habet

1550 2839 1572 2906 (
1596 2837 1840 2907 socium)
1867 2841 2039 2890 metus.
2068 2835 2210 2888 Ena.

1623 2921 1678 2981 4.
1719 2919 2048 2969 Liberalitati.
2086 2912 2344 2968 Liberalis
2380 2912 2472 2967 dat
2511 2907 2576 2977 οἷς

1549 2993 1632 3052 δεῖ
1650 2999 1733 3060 καὶ
1758 3000 1870 3060 ὅσα,
1895 2997 1980 3052 καὶ
2003 2999 2085 3066 ὅτρ
2101 3019 2114 3032 ·
2131 2996 2216 3049 καὶ
2240 3001 2408 3048 ταῦτα.
2421 2991 2582 3053 ἡδέως

1549 3079 1582 3136 *il
1623 3080 1840 3140 ἀλύπως.
1879 3079 1937 3130 τὸ
1969 3077 2066 3148 γὰρ
2105 3069 2222 3136 κατ’
2259 3077 2442 3146 ἀρετ-ὴν
2463 3073 2580 3140 ἡδύ,

1549 3155 1766 3209 Aristot.
1793 3157 1902 3208 En.

1619 3266 1692 3276 -—-
1708 3238 1800 3288 Cui
1816 3237 1948 3290 racio
1971 3255 2070 3285 non
2093 3248 2314 3286 consta&-
2327 3235 2498 3306 Cujus
2515 3231 2579 3283 li-

1546 3313 1798 3374 beralitas
1823 3333 1933 3367 non
1965 3331 2030 3374 ex
2048 3313 2285 3368 honestis
2317 3313 2578 3385 justisque

1548 3395 1746 3452 caussis
1781 3393 2160 3468 proficiscitur.
2189 3392 2328 3446 Huic
2361 3405 2416 3446 et
2455 3397 2578 3444 inest

1545 3479 1676 3526 ratio
1693 3515 1708 3542 ,
1734 3469 1904 3546 quum
1929 3474 1990 3526 fit
2009 3470 2272 3536 consilio?
2285 3485 2338 3526 et
2357 3473 2576 3530 honesta

1545 3573 1608 3608 ex
1649 3573 1840 3609 caussa
1864 3591 1881 3618 ,
1925 3554 2014 3607 cui
2051 3552 2318 3606 temeritas
2356 3552 2574 3624 opponi-

1545 3647 1634 3692 tur
1656 3646 1746 3699 ,ut
1779 3635 1836 3686 in
1867 3632 2158 3692 ambitiosis
2173 3630 2443 3704 ,prodigis
2461 3669 2478 3696 ,
2497 3633 2574 3704 ja-

1545 3714 1848 3768 ctatoribns.
1868 3714 1932 3766 Ε.

1618 3793 1668 3846 5.
1705 3795 1838 3860 Quid
1876 3795 1922 3843 si
1949 3795 2235 3844 coheredem
2265 3812 2365 3843 non
2403 3813 2436 3843 a
2447 3792 2566 3863 filiu

1544 3876 1779 3944 accipiat.
1825 3873 2040 3928 Scilicet
2077 3872 2402 3946 adscriptum
2419 3909 2436 3934 ,
2475 3869 2564 3923 sed

1543 3953 1820 4026 iniquitate
1859 3953 1987 4024 legis
2023 3952 2265 4006 additum
2279 3993 2295 4018 ,
2337 3951 2571 4024 publica·

1545 4051 1675 4086 num
1691 4071 1707 4097 ,
1741 4033 1836 4105 qui
1854 4034 2176 4088 vicesimam
2203 4033 2374 4104 exigat
2397 4055 2416 4094 ‚-
2445 4042 2496 4084 et
2518 4031 2568 4082 in

1547 4114 1852 4165 societatem
1895 4113 2202 4168 hereditatis
2247 4131 2373 4167 cum
2421 4123 2570 4184 patre

1549 4194 1740 4247 veniat.
1764 4191 1827 4244 Ε.
