2857 4690
1042 312 1158 386 Ὀ.
1213 313 1554 386 PLINII
1605 318 2077 387 SECUNDI

517 477 651 521 non
685 450 882 521 modo
919 451 1152 523 domos
1171 505 1190 538 ,
1237 452 1350 523 sed
1389 450 1689 537 cubicula
1732 452 1875 545 ipsa
1914 452 2305 543 intimosque
2348 476 2653 521 secessus

517 557 831 642 recludit,
869 560 1220 652 omniaque
1253 581 1495 627 arcana
1528 556 1861 627 noscenda
1888 556 2077 625 famae
2104 557 2417 651 proponit
2446 574 2651 652 atque

517 662 842 757 explicat:
883 665 996 733 sed
1033 665 1186 751 tibi,
1225 668 1469 749 Caesar,
1504 662 1665 733 nihil
1710 661 2268 731 accommodatius
2320 662 2525 732 fixerit
2562 664 2647 732 ad

453 797 479 829 2
518 768 830 863 gloriam,
854 794 1050 863 quam
1083 772 1343 863 penitus
1365 772 1613 863 inspici.
1650 770 1817 837 Sunt
1840 767 2101 862 quidem
2132 767 2477 861 praeclara,
2500 795 2649 865 quae

518 877 586 941 in
609 874 944 969 publicum
976 876 1270 969 profers;
1301 876 1412 945 sed
1428 900 1564 944 non
1594 876 1847 943 minora
1872 898 1979 959 ea,
2010 899 2155 968 quae
2182 872 2403 943 limine
2426 890 2643 945 tenes:

517 995 619 1049 est
649 980 1069 1074 magnificum
1088 1035 1107 1067 ,
1137 982 1314 1075 quod
1341 996 1406 1049 te
1438 981 1523 1049 ab
1550 982 1733 1051 omni
1765 981 2159 1075 contagione
2188 982 2506 1049 vitiorum
2542 1007 2643 1049 re-

450 1096 480 1147 3
519 1088 747 1180 primis
771 1110 848 1155 ac
877 1112 1145 1156 revocas
1167 1141 1185 1172 ‚
1227 1086 1339 1156 sed
1369 1086 1891 1181 magnificentius
1910 1139 1929 1173 ,
1958 1084 2136 1180 quod
2164 1101 2337 1155 tuos.
2372 1086 2644 1175 Quanto

519 1192 692 1260 enim
737 1194 942 1286 magis
977 1193 1258 1262 arduum
1295 1208 1432 1279 est,
1470 1192 1631 1285 alios
1668 1206 2017 1285 praestare,
2059 1216 2259 1285 quam
2296 1217 2366 1260 se
2396 1220 2419 1279 3
2458 1202 2643 1261 tanto

517 1295 944 1384 laudabilius,
985 1298 1196 1393 quod,
1219 1324 1445 1392 ‚quum
1493 1301 1633 1391 ipse
1676 1300 1765 1365 sis
1808 1298 2097 1392 optimus
2117 1352 2137 1384 ,
2182 1322 2417 1367 omnes
2470 1301 2641 1367 circa

448 1418 478 1473 ⁴
519 1418 583 1473 te
609 1402 850 1471 similes
881 1407 976 1472 tui
1012 1404 1304 1474 effecisti.
1339 1403 1569 1472 Multis
1605 1402 1963 1481 illustribus
1998 1403 2305 1472 dedecori
2334 1402 2500 1491 fuit,
2532 1420 2637 1471 aut

517 1509 946 1579 inconsultius
993 1536 1162 1579 uxor
1205 1524 1541 1604 assumpta
1560 1563 1580 1595 ,
1628 1524 1744 1577 aut
1792 1523 2045 1577 retenta
2092 1511 2449 1602 patientius
2497 1536 2511 1578 :
2556 1512 2637 1578 ita

520 1614 678 1683 foris
729 1614 940 1685 claros
977 1616 1336 1685 domestica
1383 1614 1767 1684 destruebat
1801 1613 2109 1703 infamia;
2144 1628 2211 1683 et
2246 1641 2331 1684 ne
2376 1618 2635 1684 maximi

519 1721 696 1788 cives
718 1721 1138 1809 haberentur,
1155 1722 1284 1790 hoc
1303 1722 1631 1791 efficiebat
1644 1772 1663 1805 ‚
1688 1721 1869 1815 quod
1890 1722 2105 1789 mariti
2124 1722 2415 1790 minores
2434 1738 2633 1791 erant.

453 1836 482 1886 5
517 1826 666 1893 Tibi
705 1851 872 1895 uxor
909 1831 974 1895 in
1019 1826 1220 1897 decus
1257 1844 1326 1897 et
1367 1826 1643 1922 gloriam
1688 1826 1863 1895 cedit
1894 1854 1909 1894 ε
1952 1825 2109 1919 quid
2136 1828 2309 1895 enim
2342 1825 2457 1895 illa
2491 1853 2633 1897 san-

520 1934 687 2000 ctius
701 1932 897 2026 ?quid
917 1932 1284 2027 antiquius?
1301 1958 1521 2002 nonne
1534 1986 1553 2019 ,
1572 1935 1623 2002 si
1646 1932 1951 2001 Pontifici
1980 1934 2275 2001 Maximo
2298 1932 2631 2028 deligenda

520 2039 601 2105 sit
637 2039 876 2131 conjux
899 2088 917 2122 ,
955 2054 1068 2107 aut
1091 2039 1263 2108 hanc
1280 2095 1298 2126 ,
1323 2054 1441 2109 aut
1468 2037 1743 2109 similem
1772 2030 1797 2123 (
1822 2039 1937 2106 ubi
1964 2053 2065 2106 est
2090 2054 2309 2107 autem
2340 2034 2633 2122 similis?¹

451 2162 484 2209 6
519 2142 833 2239 elegerit?
859 2150 1078 2234 Quam
1108 2144 1214 2214 illa
1243 2146 1400 2215 nihil
1430 2146 1554 2215 sibi
1582 2171 1663 2213 ex
1696 2144 1963 2213 fortuna
1991 2159 2103 2213 tua
2122 2198 2143 2230 ,
2178 2146 2301 2213 nisi
2328 2146 2633 2239 gaudium

519 2247 834 2319 vindicat!
858 2276 1050 2345 quam
1073 2266 1474 2336 constanter,
1502 2275 1639 2320 non
1657 2252 2018 2345 potentiam
2042 2265 2223 2319 tuam
2240 2304 2261 2336 ,
2286 2250 2401 2319 sed
2428 2254 2631 2347 ipsum

519 319 652 412 372

1616 2465 1839 2520 decedit.
1856 2468 2255 2520 Matrimonium
2270 2469 2522 2522 Flaminis
2542 2470 2633 2521 nisi

1616 2557 1783 2599 morte
1806 2545 1983 2598 dirimi
2010 2567 2113 2599 non
2138 2559 2213 2599 est
2232 2548 2341 2619 jus.
2358 2573 2381 2593 ι
2420 2549 2519 2600 His
2548 2550 2633 2619 igi-

1616 2637 1725 2688 tur,
1753 2639 1953 2678 castam
1994 2639 2045 2678 et
2080 2627 2361 2680 virtutibus
2400 2629 2633 2680 omnibus

1616 2717 1856 2757 ornatam
1890 2703 2121 2758 nancisci
2140 2746 2156 2771 ,
2192 2707 2424 2776 optabile
2464 2721 2633 2778 praeter

587 2469 888 2522 LXXXIII.
921 2479 970 2535 4.
1009 2473 1266 2522 Dedecori.
1301 2469 1533 2520 Antonio

516 2549 835 2621 philosopho
848 2587 864 2612 ,
877 2567 1040 2621 quum
1067 2567 1188 2600 suos
1204 2564 1380 2601 mores
1401 2566 1533 2600 sem-

519 2645 612 2698 per
645 2627 920 2689 retineret‚
951 2646 1060 2679 non
1081 2628 1248 2679 abfuit
1275 2626 1533 2698 gladiator

521 2705 661 2758 filius
683 2743 700 2768 ,
721 2725 854 2757 uxor
877 2705 1104 2758 infamis.
1131 2707 1236 2757 En.

593 2785 644 2838 5.
675 2791 829 2836 Uxor.
863 2785 1083 2838 Plotina.
1125 2785 1226 2836 Vel
1262 2804 1372 2837 uno
1393 2786 1533 2837 facto

519 2863 785 2934 integritas
802 2876 851 2916 et
872 2863 1120 2916 modestia
1141 2865 1529 2935 comprobetur.

519 2947 656 2998 Nam
697 2943 866 3016 primo
909 2946 1160 3014 palatium
1202 2945 1491 3014 ingressura
1516 2983 1533 3008 ,

519 3025 774 3078 convertit
793 3044 846 3076 se
865 3023 932 3076 ad
953 3025 1204 3095 populum
1224 3061 1238 3086 ‚
1260 3029 1360 3080 Καὶ
1379 3027 1537 3079 rotmi-

519 3127 610 3171 τῃ,
641 3104 808 3174 inquit
837 3100 978 3174 δεῦρο
1017 3109 1326 3177 εἰσέρχομαι,
1363 3109 1533 3177 οἷάπερ

519 3187 604 3240 καὶ
647 3187 841 3249 ἐξελθεῖν
885 3185 942 3235 ἂν
979 3187 1204 3254 &xoium
1227 3204 1242 3237 :
1285 3189 1413 3234 Talis
1440 3187 1535 3234 huc

517 3259 793 3323 ingredior,
815 3256 1008 3320 qualem
1025 3269 1074 3302 et
1089 3257 1224 3302 exire
1243 3273 1320 3303 me
1343 3270 1536 3322 optave-

521 3337 630 3385 rim.
659 3333 876 3386 Liberos
900 3351 1008 3385 non
1033 3333 1255 3404 peperit.
1275 3334 1357 3384 Ab
1378 3333 1530 3385 Adri·

519 3431 626 3464 ano
642 3424 944 3466 consecrata
966 3422 1060 3464 est.
1086 3411 1188 3464 En.

609 3524 678 3532 —
721 3493 952 3563 Pontifici
1003 3495 1248 3542 Max-Imo-
1297 3491 1535 3545 Pontifici

521 3571 756 3625 Maximo
779 3573 940 3624 semel
963 3582 1170 3626 tantum
1197 3589 1410 3623 uxorem
1436 3569 1536 3623 du-

521 3669 639 3703 cere
675 3651 889 3716 licebat,
933 3652 976 3703 si
1009 3649 1274 3703 credimus
1309 3649 1533 3702 Tertun.

523 3729 814 3783 exhortatio
841 3728 910 3782 ad
933 3731 1224 3783 castitatem
1249 3749 1366 3801 cap.
1387 3729 1495 3781 VII
1516 3768 1533 3793 ,

523 3805 591 3859 de
627 3809 952 3877 monogamia
988 3829 1104 3880 cap.
1133 3811 1260 3862 xvl
1284 3849 1299 3873 ,
1324 3807 1392 3862 ad
1413 3829 1537 3860 uxo-

519 3903 636 3937 rem
661 3903 777 3955 cap.
800 3887 822 3936 1
848 3925 862 3948 ‚
883 3889 931 3938 5.
955 3889 1038 3940 Sic
1059 3887 1126 3941 de
1145 3889 1278 3941 Diali
1299 3889 1533 3940 Flamine

523 3962 785 4016 Masurius
803 3965 1024 4018 Sabinus
1041 3966 1182 4036 apud
1199 3967 1449 4031 Gellium,
1464 3969 1533 4030 X,

529 4047 620 4098 15:
655 4069 675 4088 ι
705 4043 932 4096 Uxorem
967 4046 1010 4098 si
1055 4046 1260 4109 amisit,
1299 4047 1535 4101 flaminio

1616 2797 1827 2836 ceteros
1860 2797 1990 2837 erat.
2019 2785 2087 2836 G.
2118 2816 2187 2824 --
2206 2783 2469 2838 Videatur
2502 2789 2553 2839 J.
2574 2789 2631 2838 A.

1620 2863 1888 2916 Ernestius
1904 2863 1971 2915 ad
1986 2863 2129 2916 hunc
2145 2864 2343 2916 locum.
2360 2867 2415 2920 S.

1687 2974 1758 2982 -
1772 2946 1827 2994 Si
1854 2946 2086 3012 Pontifici
2116 2949 2258 2994 Max.
2292 2947 2555 3012 deligenda
2578 2949 2633 2994 sit

1618 3026 1815 3090 conjux.
1832 3021 2155 3075 Schwanius
2181 3023 2271 3074 hic
2290 3061 2306 3086 ,
2332 3035 2393 3075 ut
2418 3024 2599 3096 opinor
2618 3061 2631 3080 ,

1618 3100 1956 3154 difficultates
1988 3101 2083 3153 sibi
2116 3102 2226 3172 ipse
2252 3101 2405 3152 finxit
2428 3142 2443 3166 ,
2474 3103 2632 3154 existi-

1618 3199 1770 3232 mans
1788 3219 1804 3244 ,
1828 3181 1939 3233 baec
1968 3201 2075 3234 non
2106 3193 2225 3251 apta
2252 3181 2487 3254 Traiano
2508 3218 2522 3243 ‚
2552 3181 2631 3252 qui

1618 3270 1731 3312 tum
1762 3260 1995 3312 Pontifex
2038 3260 2213 3312 suerit.
2252 3261 2347 3312 Est
2387 3261 2631 3312 sententia

1616 3339 1873 3409 generalis
1892 3377 1907 3402 ,
1928 3352 2235 3411 comparata
2254 3341 2325 3394 ad
2346 3341 2633 3413 exprimen-

1620 3417 1743 3470 dam
1762 3417 2177 3489 magnitudinem
2196 3419 2452 3473 castitatis
2474 3433 2521 3472 et
2536 3439 2633 3471 mo-

1618 3495 1797 3549 destiae
1824 3497 1877 3549 in
1906 3516 2066 3548 uxore
2094 3485 2311 3571 Trajani
2342 3517 2356 3550 :
2394 3500 2435 3550 si
2470 3500 2546 3560 ei,
2580 3512 2631 3550 ut

1618 3575 1859 3628 Pontifici
1877 3576 2127 3636 Maximo,
2146 3596 2289 3630 nunc
2320 3577 2533 3630 demum
2551 3577 2631 3629 eli·

1620 3653 1791 3725 genda
1801 3655 1867 3706 sit
1876 3673 2007 3706 uxor
2022 3653 2261 3708 nondum
2276 3658 2491 3722 marito,
2504 3658 2626 3708 hanc

1620 3731 1873 3804 delegerit
1889 3735 2072 3804 utique
2092 3771 2106 3796 ,
2132 3735 2239 3787 sive
2260 3735 2487 3788 similem
2500 3775 2515 3798 ,
2536 3749 2623 3787 etc.

1618 3813 1807 3883 Itaque
1846 3817 2060 3864 Flamini
2101 3818 2329 3866 Maximo
2368 3815 2625 3868 scluvani:

1621 3911 1727 3944 non
1770 3911 1924 3964 opus.
1970 3895 2078 3946 Nec
2122 3893 2341 3946 Flamen
2386 3895 2627 3947 Maximus

1622 3991 1781 4024 ausus
1809 3973 1875 4024 sit
1896 3971 2112 4044 Trajani
2136 3992 2353 4026 uxorem
2382 3972 2482 4026 sibi
2508 3973 2625 4026 deli·

1622 4069 1762 4121 gere.
1782 4051 1917 4104 Eas.
