2857 4690
508 297 591 367 18
996 330 1008 343 -
1065 300 1139 367 C.
1193 302 1538 373 PLINII
1588 306 1783 373 LIB.
1839 308 2058 376 VIII.

495 418 659 491 adeo
689 417 898 489 multa
925 444 1030 489 me
1055 422 1322 515 negotia
1347 426 1717 495 amicorum
1746 450 1867 497 nec
1888 428 2193 499 secedere
2210 454 2335 501 nec
2354 434 2621 506 studere

427 550 456 583 ²
494 531 862 625 patiuntur.
897 529 1096 601 Nulla
1129 532 1307 602 enim
1345 534 1565 607 studia
1596 538 1766 607 tanti
1796 554 1990 627 sunt,
2026 554 2104 608 ut
2134 541 2441 615 amicitiae
2466 545 2619 615 offi-

495 642 674 711 cium
701 640 1083 713 deseratur:
1108 644 1288 737 quod
1323 643 1809 740 religiosissime
1826 648 2374 739 custodiendum,
2400 654 2621 723 studia

493 752 634 845 ipsa
669 750 1085 845 praecipiunt.
1121 752 1310 822 Vale.

485 980 668 999 Μ

1123 980 2035 1005 mmmmm

1479 1172 1599 1259 X.

612 1392 900 1453 Abortum
928 1388 1172 1453 uxorem
1205 1394 1433 1467 fecisse,
1458 1414 1591 1453 cum
1619 1414 1722 1474 spe
1750 1397 2137 1459 foecunditatis
2165 1401 2465 1481 significat.

694 1606 758 1652 C.
813 1604 1174 1652 PLINIUS
1224 1602 1532 1651 FABATO
1584 1604 2095 1657 PROSOCERO
2145 1612 2301 1659 SUO
2352 1614 2407 1659 S.

572 1791 756 1880 Quo
810 1790 1022 1885 magis
1079 1788 1269 1883 cupis
1327 1812 1409 1857 ex
1463 1788 1657 1857 nobis
1712 1807 2118 1887 pronepotes
2165 1794 2426 1885 videre,
2479 1797 2609 1867 hoc

475 1902 730 1972 tristior
773 1901 1037 1987 audies,
1095 1913 1366 1993 neptem
1413 1912 1601 1968 tuam
1650 1900 1963 1973 abortum
2014 1900 2279 1993 fecisse,
2328 1905 2491 1975 dum
2539 1932 2609 1975 se

473 2026 931 2108 praegnantem
961 2034 1101 2081 esse
1136 2006 1527 2105 puellariter
1560 2010 1808 2095 nescit,
1845 2036 1925 2081 ac
1968 2035 2090 2106 per
2132 2013 2263 2083 hoc
2304 2014 2605 2109 quaedam

468 2120 904 2193 custodienda
926 2119 1428 2217 praegnantibus
1458 2119 1744 2208 omittit,
1780 2120 1939 2191 facit
1963 2121 2353 2191 omittenda.
2383 2125 2607 2211 Quem

467 2256 760 2301 errorem
801 2232 1064 2326 magnis
1103 2229 1521 2300 documentis
1560 2229 1888 2323 expiavit,
1928 2231 1999 2298 in
2040 2254 2374 2299 summum
2420 2238 2606 2325 peri-

399 2366 428 2400 2
465 2340 692 2413 culum
713 2342 1020 2414 adducta.
1049 2342 1296 2438 Igitur,
1323 2355 1400 2411 ut
1425 2363 1690 2409 necesse
1721 2354 1851 2428 est,
1880 2340 2172 2435 graviter
2200 2341 2484 2437 accipias
2504 2369 2603 2414 se-

464 2467 804 2524 nectutem
825 2467 1010 2538 tuam
1035 2453 1227 2547 quasi
1254 2449 1505 2546 paratis
1532 2450 1813 2543 posteris
1840 2450 2255 2538 destitutam3
2281 2453 2378 2523 sic
2400 2454 2602 2526 debes

464 2589 662 2661 agere
703 2564 830 2635 diis
867 2565 1148 2659 gratias,
1183 2560 1365 2656 quod
1409 2561 1501 2628 ita
1543 2558 1663 2627 tibi
1701 2559 1771 2629 in
1806 2562 2157 2654 praesentia
2192 2580 2599 2660 pronepotes

464 2677 884 2772 negaverint,
916 2689 995 2743 ut
1022 2671 1347 2744 servarint
1385 2683 1692 2763 neptem,
1729 2670 1877 2741 illos
1909 2672 2267 2764 reddituri,
2299 2701 2613 2770 quorum⁶

463 2787 657 2856 nobis
699 2809 885 2879 spem
922 2784 1272 2852 certiorem
1306 2780 1448 2850 haec
1488 2781 1666 2874 ipsa,
1716 2806 2103 2877 quanquam
2137 2811 2379 2880 parum
2427 2813 2593 2882 pro-

533 2977 601 3029 X.
629 2995 676 3029 1.
705 2977 902 3044 Magnis
927 2974 1246 3025 documentis.
1282 2969 1368 3024 sic
1399 2987 1481 3024 re-

465 3056 632 3110 stituit
658 3075 689 3108 e
720 3053 868 3108 libris
908 3052 1140 3107 Cottius.
1171 3050 1282 3104 Nec
1308 3050 1478 3102 ausim

463 3149 641 3189 tamen
659 3135 880 3188 alterum
900 3133 1195 3184 domatis
1211 3129 1372 3202 plane
1387 3127 1481 3182 da·

463 3231 668 3266 innare.
688 3215 1034 3264 Detrimentum
1055 3210 1168 3262 sine
1191 3208 1354 3262 dubio
1379 3207 1479 3261 fuit

463 3294 708 3356 abortus,
738 3292 846 3344 sive
875 3289 1036 3363 ipsius
1069 3288 1251 3343 matris
1280 3287 1477 3341 valetu-

461 3372 646 3425 dinem
678 3381 908 3443 spectes,
935 3369 1042 3422 sive
1069 3387 1214 3441 spem
1239 3367 1472 3422 familiae.

459 3451 562 3506 Sed
583 3451 754 3525 ipsum
773 3467 962 3520 nempe
980 3451 1318 3501 detrimentum
1334 3445 1475 3500 idem

459 3534 800 3582 documentum
837 3527 956 3581 finit.
991 3527 1061 3580 G.
1079 3559 1150 3570 -
1167 3533 1479 3579 Doemnta

457 3608 547 3664 hic
559 3627 628 3664 ne
645 3619 818 3664 vertas
831 3645 847 3672 ,
867 3609 1097 3660 heihame
1111 3609 1321 3668 Lehren,
1343 3603 1437 3661 sed
1451 3643 1468 3669 ‚

459 3691 639 3740 Leiden
653 3726 669 3750 ‚
717 3690 798 3739 die
835 3707 926 3741 zur
969 3693 1227 3756 Wamtmg
1262 3688 1434 3738 dienen
1448 3723 1463 3746 ‚

457 3769 650 3840 quibus
679 3767 864 3840 quidni
891 3785 1037 3822 error
1061 3765 1254 3838 expiari
1273 3763 1471 3837 possit?

457 3848 542 3903 Sic
584 3851 808 3926 exempla
856 3845 924 3900 de
971 3847 1136 3918 poenis
1151 3883 1166 3909 ,
1210 3862 1326 3917 quae
1369 3863 1469 3917 pro

353 3953 358 3958 ·
455 3925 692 3999 exemplo
724 3937 866 3979 sunt.
903 3925 1052 3979 Idem
1087 3923 1373 3978 tenendum
1401 3923 1469 3977 de

453 4006 640 4061 Graeco
675 4004 1020 4079 παράδειγμα,
1057 4005 1228 4058 Altera
1279 4002 1467 4068 lectio,

455 4089 775 4149 detrimentis,
799 4106 906 4140 non
927 4083 1264 4140 incommoda
1277 4082 1362 4136 illa
1385 4121 1399 4146 ‚
1423 4083 1465 4136 si

1577 2985 1791 3023 sensnm
1806 2983 2010 3045 spectes
2024 3010 2040 3037 ,
2058 2973 2487 3046 pro‘glossemate
2506 2979 2597 3032 ha-

1574 3047 1769 3103 benda.
1794 3051 1849 3106 S.

1656 3147 1707 3184 2.
1734 3137 1799 3184 Ut
1814 3151 2004 3184 neeesse
2025 3148 2115 3186 est.
2142 3132 2313 3186 Etiam
2338 3133 2425 3186 hic
2446 3133 2594 3189 locus

1574 3223 1653 3268 est
1669 3214 1806 3267 inter
1824 3229 1913 3265 eos
1925 3248 1940 3275 ,
1966 3211 2058 3265 ubi
2079 3229 2189 3264 una
2203 3231 2306 3265 vox
2325 3210 2589 3282 duplicem

1572 3309 1853 3365 personam
1884 3290 2141 3345 sustinere
2169 3288 2378 3342 videtur
2394 3327 2411 3354 ,
2444 3293 2591 3362 qnod

1572 3371 1642 3426 de
1663 3373 1776 3444 ipsa
1796 3371 1898 3422 hac
1919 3384 1973 3420 ut
1997 3368 2271 3440 aliquoties
2295 3369 2594 3425 observavi-

1572 3470 1691 3505 mus
1704 3447 1960 3504 inLexico
1972 3448 2189 3501 rustico.
2208 3447 2337 3502 Redi
2350 3446 2420 3502 ad
2434 3439 2588 3515 vni,

1572 3534 1630 3594 6,
1652 3549 1735 3602 17.
1762 3529 2087 3599 Quanquam
2110 3527 2201 3580 hic
2226 3539 2397 3600 potest
2426 3529 2589 3584 etiam

1564 3607 1868 3682 conjunctio
1902 3621 1957 3658 ut
1980 3605 2049 3660 ad
2082 3607 2400 3678 particulam
2432 3611 2503 3661 sic
2532 3609 2587 3662 in

1564 3687 1783 3760 apodosi
1810 3685 2035 3758 positam
2074 3685 2261 3740 referri
2279 3704 2294 3751 ;
2332 3686 2495 3740 altera
2534 3705 2591 3741 ut

1564 3780 1683 3840 post
1694 3785 1883 3818 necesse
1893 3781 1965 3818 est
1980 3765 2199 3820 solemni
2216 3766 2384 3839 ellipsi
2396 3767 2587 3822 omissa

1566 3865 1697 3900 esse.
1719 3845 1786 3899 G.
1802 3845 2147 3901 -Posterior
2166 3849 2300 3900 ratio
2322 3846 2410 3898 hic
2430 3847 2589 3900 unice

1566 3927 1704 3980 valet
1722 3962 1738 3989 ,
1756 3937 1915 3997 atque
1924 3925 2147 3981 humani
2159 3925 2286 3997 quid
2307 3943 2491 3998 passus
2508 3939 2586 3980 est

1565 4005 1649 4060 vir
1668 4004 1885 4058 eximius
1902 4043 1917 4070 ,
1946 4025 2115 4078 quum
2152 4004 2221 4058 de
2253 4006 2429 4078 priore
2448 4006 2588 4076 cogi·

1565 4095 1717 4139 taret.
1754 4085 2013 4139 Caeterum
2050 4102 2264 4138 sensus:
2288 4095 2347 4136 ut
2372 4083 2467 4138 tibi
2494 4083 2587 4139 do·
