2857 4690
702 351 1215 418 PANEGYR.
1248 354 1492 421 CAP.
1549 357 1830 424 XLIV.

2190 359 2328 434 305
2417 311 2426 318 ’

190 473 536 568 principi,
574 485 643 540 et
674 469 999 540 afferebas
1038 476 1531 544 excusationem
1575 477 1944 573 adoptanti.
1975 484 2082 550 Au
2121 507 2332 578 prona
2369 521 2398 576 5

192 607 539 677 parvaque
566 581 841 674 suntad
869 581 1347 668 aemulandum,
1369 586 1550 680 quod
1577 613 1776 657 nemo
1806 589 2332 663 incolumitatem

194 693 621 787 turpitudine
658 693 1015 788 rependit?
1045 693 1238 763 Salva
1266 709 1366 764 est
1401 697 1714 766 omnibus
1745 700 1914 786 vita,
1948 715 2015 769 et
2045 701 2336 796 dignitas

191 805 393 872 vitae:
451 828 577 872 nec
614 803 753 896 jam
812 803 1265 874 consideratus
1314 830 1391 874 ac
1447 809 1707 902 sapiens
1723 861 1744 894 ,
1796 812 1910 904 qui
1953 826 2215 881 aetatem
2268 813 2336 880 in

192 911 496 982 tenebris
532 915 693 1008 agit.
722 914 967 983 Eadem
1006 915 1259 1009 quippe
1292 917 1415 984 sub
1445 919 1750 1014 principe
1779 921 2136 991 virtutibus
2174 946 2336 1017 prae-
2373 955 2406 1004 6

193 1023 367 1109 mia,
408 1047 559 1118 quae
604 1025 673 1092 in
725 1023 1081 1094 libertate:
1134 1049 1258 1094 nec
1302 1026 1474 1094 bene
1521 1027 1700 1096 facto
1747 1042 2010 1098 tantum
2057 1055 2138 1098 ex
2183 1056 2341 1101 con-

196 1133 481 1202 scientia
516 1157 769 1202 merces
801 1159 1027 1202 :amas
1066 1135 1510 1206 constantiam
1548 1138 1791 1206 civium
1815 1191 1834 1223 ‚
1873 1154 2220 1234 rectosque
2263 1165 2342 1209 ac

192 1242 463 1313 vividos
501 1245 759 1312 animos
794 1268 967 1329 non,
1014 1259 1091 1313 ut
1130 1244 1278 1328 alii,
1315 1246 1676 1318 contundis
1711 1273 1790 1317 ac
1831 1248 2190 1345 deprimis,
2227 1251 2340 1320 sed

196 1353 387 1422 foves
418 1368 487 1421 et
516 1353 786 1423 attollis,
827 1353 1109 1424 Prodest
1146 1353 1357 1424 bonos
1384 1381 1552 1444 esse,
1587 1383 1794 1452 quum
1833 1361 1919 1428 sit
1955 1361 2114 1429 satis
2141 1363 2344 1430 abun·
2381 1413 2406 1456 7

198 1463 465 1556 deque,
512 1465 566 1532 si
626 1488 763 1531 non
808 1477 1051 1533 nocet:
1092 1464 1196 1532 his
1232 1465 1523 1536 honores
1554 1523 1572 1554 ‚
1630 1467 1735 1536 his
1782 1469 2192 1554 sacerdotia,
2241 1473 2344 1540 his

200 1573 589 1666 provincias
641 1573 844 1643 offers
886 1600 904 1642 z
960 1575 1033 1642 hi
1084 1577 1379 1646 amicitia
1433 1592 1595 1662 tua',
1650 1579 1720 1647 hi
1756 1579 2014 1674 judicio
2073 1582 2338 1650 florent.

198 1688 567 1753 Acuuntur
586 1685 715 1753 isto
744 1685 1150 1779 integritatis
1184 1700 1250 1754 et
1270 1685 1612 1756 industriae
1635 1691 1851 1782 pretio
1869 1689 2140 1772 similes,
2161 1691 2346 1759 dissi-

200 1792 399 1862 miles
422 1791 851 1863 alliciuntur:
884 1819 1041 1863 nam
1072 1798 1344 1890 proemia
1376 1796 1711 1866 bonorum
1742 1798 2203 1893 malorumque
2232 1798 2345 1868 bo·

204 1929 333 1973 nos
374 1929 463 1974 ac
484 1903 689 1973 malos
718 1904 993 1974 faciunt.
1034 1907 1237 1974 Pauci
1282 1905 1450 1976 adeo
1489 1907 1760 2001 ingenio
1801 1907 2052 1996 valent,
2097 1923 2171 1976 ut
2210 1933 2346 1976 non
2383 1940 2416 1991 g
2448 1991 2455 1999 ·

206 2031 411 2109 turpe
442 2014 966 2110 honestumque,
996 2029 1201 2110 prout
1228 2016 1399 2086 bene
1432 2041 1510 2088 ac
1545 2043 1734 2087 secus
1766 2021 1998 2104 cessit,
2035 2033 2350 2113 expetant

204 2125 591 2221 fugiantve3
623 2125 879 2211 caeteri‚
916 2125 1032 2195 ubi
1074 2123 1319 2195 laboris
1355 2127 1648 2210 in'ertiae,
1689 2126 2048 2222 vigilantiae
2085 2152 2352 2212 somne,

205 2233 615 2332 frugalitatis
635 2233 912 2305 luxuriae
940 2261 1191 2305 merces
1210 2237 1409 2306 datur
1428 2291 1448 2325 ,
1472 2237 1702 2305 eadem
1731 2239 1855 2306 ista
1873 2292 1890 2324 ‚
1919 2239 2160 2332 quibus
2186 2237 2350 2307 alios

284 2460 337 2509 5.
380 2458 774 2507 Incolumitaeem
804 2457 1039 2522 rependit.
1061 2450 1240 2525 Turpe

150 2598 163 2610 .
208 2534 413 2608 aliquid
430 2546 757 2589 committere
775 2572 791 2597 ,
819 2553 872 2585 v.
896 2552 943 2585 c.
967 2550 1126 2585 uxore
1152 2551 1237 2586 ce·

208 2616 355 2674 dere,
372 2612 582 2667 adulari
597 2653 612 2678 ,
632 2610 837 2665 delator
848 2631 961 2666 esse
974 2650 990 2674 ,
1010 2612 1239 2683 cogitur,

208 2714 281 2747 ne
306 2694 535 2747 salutem
562 2704 615 2745 et
636 2692 1051 2745 incolumitatem
1072 2692 1241 2762 Impe-

208 2786 361 2827 rator
382 2772 589 2844 eripiat.
602 2772 675 2826 G.

283 2857 319 2906 6
327 2894 340 2905 .
354 2858 635 2921 Rea-cosque.
644 2850 851 2905 Wassii
864 2866 1046 2901 erectos
1055 2850 1243 2921 probat

213 2934 265 2984 J.
290 2934 355 2985 A.
375 2931 669 2983 Ernestius.
690 2930 740 2984 S.

284 3042 357 3052 -
371 3016 639 3079 Rectosque
657 3028 719 3061 ac
733 3013 921 3061 vividos
935 3010 1124 3059 animos
1143 3026 1241 3058 non

214 3093 475 3143 contundis
510 3110 572 3140 ac
606 3092 833 3156 deprimis
850 3128 867 3150 ,
909 3091 999 3139 sed
1022 3091 1164 3156 foves
1198 3101 1245 3137 et

215 3170 675 3225 anollh.Was⁸iu⁸
698 3168 765 3221 ad
782 3168 909 3222 san.
936 3166 1207 3220 catil.vl1
1226 3202 1242 3226 ,

216 3251 435 3323 corrigit
464 3264 649 3301 erectos
668 3270 687 3299 .·
723 3247 883 3319 idque
915 3245 1242 3299 verissimum

222 3343 354 3403 puto
372 3370 389 3390 ,
417 3340 638 3401 propter
660 3328 881 3381 verbum
909 3328 1165 3394 deprimis,
1192 3334 1243 3375 et

218 3409 541 3463 contrarium
575 3408 760 3459 attollis
780 3446 797 3468 ,
832 3405 987 3459 ctiam
1013 3413 1242 3456 constan-

222 3494 343 3541 tiam
360 3529 376 3550 ,
416 3506 535 3559 qum
572 3504 683 3539 uon
724 3486 1049 3539 conveniunt
1082 3484 1242 3534 rectis.

220 3570 361 3622 Male
372 3568 698 3623 Scliwanius
718 3565 881 3638 rejicit
906 3568 1055 3618 istam
1075 3578 1248 3615 corre-

222 3650 447 3702 ctionem
463 3686 481 3711 ,
512 3647 895 3719 vulgatumque
918 3644 1053 3697 male
1078 3641 1244 3695 iuter·

222 3741 459 3799 pretatur
480 3766 497 3791 ‚
538 3746 639 3780 nec
684 3726 819 3778 bene
873 3744 995 3777 cum
1051 3721 1249 3775 caeteris

224 3808 393 3861 verbis
411 3806 683 3860 conciliat.
702 3806 838 3857 Eun.

294 3908 345 3958 7.
368 3894 633 3939 Acmencnr
658 3889 770 3936 ino.
800 3882 1082 3950 Quantivis
1098 3879 1249 3953 pretii

224 3968 523 4021 emendatio
537 4005 553 4029 ,
569 3964 782 4036 ingenio
796 3964 1041 4037 Lipsiano
1054 3962 1253 4023 debita,

221 4066 381 4118 quam
400 4044 803 4117 recipidignam
826 4042 1077 4116 judicavit
1096 4042 1249 4097 etiam

220 4126 555 4181 Schwarzius
577 4162 593 4185 ,
614 4122 813 4175 editum
832 4122 1033 4176 adhuc:
1053 4128 1253 4173 Actum-

522 4226 626 4291 II.

1327 2470 1406 2505 tm·
1422 2459 1506 2507 isti
1521 2460 1816 2525 integritatis
1827 2472 1875 2507 et
1889 2458 2142 2507 indeoetrioe
2148 2460 2312 2525 pretio
2332 2478 2350 2507 .·

1325 2537 1502 2587 similes
1513 2551 1562 2586 et
1574 2540 1826 2589 dele-similes
1839 2540 2135 2589 alliciuntur.
2153 2534 2352 2589 Eadem

1324 2615 1572 2686 probavit
1597 2616 1922 2669 Perizonius.
1941 2613 2144 2669 Mavult
2175 2628 2351 2669 tamen

1326 2694 1641 2747 Arutzenius
1675 2700 2052 2769 βαλανηφαγιῖν.
2083 2698 2150 2751 G.

1400 2774 1452 2825 8.
1471 2778 1612 2825 Adeo
1628 2777 1822 2845 ingenio
1839 2780 2012 2827 valent
2021 2795 2041 2835 ‚⁸
2053 2792 2143 2827 eas
2163 2775 2352 2826 mentis

1326 2852 1462 2904 vires
1485 2852 1700 2905 habent.
1724 2852 1874 2904 Nove
1889 2851 2087 2905 dictum
2104 2854 2155 2904 J.
2176 2854 2241 2904 A.
2257 2852 2353 2904 Er·

1326 2930 1498 2983 nestio
1530 2931 1756 2984 videtur.
1780 2932 1902 2982 Nou
1931 2942 2078 3001 puto.
2109 2932 2162 2984 S.
2181 2962 2252 2970 —
2269 2938 2352 2981 111-

1322 3011 1470 3078 gem'o
1489 3013 1679 3060 valent.
1701 3008 1764 3060 Id
1781 3022 1858 3060 est
1872 3049 1888 3073 ,
1905 3010 2158 3079 sapientia
2180 3046 2196 3071 ,
2213 3026 2353 3059 nove

1328 3086 1550 3139 dictum.
1569 3086 1692 3139 Mox
1709 3087 1764 3138 in
1779 3088 1916 3140 bene
1931 3108 1992 3137 ac
2011 3106 2160 3141 secus
2178 3090 2320 3137 cessit
2333 3124 2350 3148 ,

1328 3166 1654 3221 Schwarzius
1670 3166 1806 3219 male
1823 3165 1989 3239 rejicit
2007 3164 2222 3217 Bentleii
2240 3184 2354 3217 cor-

1326 3247 1612 3299 rectionem
1637 3284 1653 3307 ,
1695 3262 1784 3297 aut
1823 3263 1922 3316 pro
1969 3266 2032 3297 ac
2049 3268 2068 3305 ,·
2111 3243 2234 3315 quia
2278 3256 2354 3296 est

1330 3327 1486 3380 etiam
1512 3342 1526 3376 τ
1555 3340 1693 3393 turpe
1725 3328 2087 3391 honestumque.
2119 3324 2250 3375 Nam
2272 3326 2354 3395 ju-

1330 3405 1529 3459 dicium
1575 3423 1798 3475 pravum
1844 3401 1976 3455 illud
2030 3402 2084 3452 in
2128 3413 2352 3471 utroque

1330 3504 1523 3557 genere
1544 3484 1604 3535 {it
1632 3500 1647 3545 ;
1677 3480 1819 3535 unde
1846 3502 1940 3549 qne
1960 3481 2313 3533 necessarium
2335 3498 2348 3530 ε

1332 3579 1387 3618 at
1414 3564 1467 3617 in
1490 3564 1594 3615 hoc
1614 3576 1701 3612 am
1716 3572 1791 3613 est
1811 3559 2160 3613 necessarium
2187 3597 2202 3621 ,
2224 3560 2350 3630 quia

1334 3642 1401 3697 de
1420 3643 1638 3716 singulis
1664 3642 1822 3694 rebus
1842 3638 2183 3710 intelligitur;
2209 3638 2352 3691 unde

1335 3735 1386 3775 et
1411 3738 1528 3796 post
1553 3732 1634 3775 ost
1662 3734 1898 3787 expetant
1910 3721 2172 3787 flegiantve
2193 3758 2207 3779 ,
2245 3736 2354 3771 non

1320 3808 1641 3874 fugiantque.
1669 3801 1844 3869 Atque
1869 3798 2029 3851 etiam
2063 3797 2356 3851 secuudum

1337 3882 1586 3956 oe’xpissttav
1603 3879 1872 3934 latinitatis
1887 3898 1996 3931 esse
2015 3876 2238 3931 debehat
2255 3898 2356 3929 ces-

1340 3967 1474 4015 serit.
1489 3962 1626 4014 Em«.
1641 3992 1710 4000 —
1721 3966 1851 4009 Bene
1864 3979 1925 4008 ac
1931 3978 2082 4010 secus.
2096 3958 2205 4011 Beu
2211 3956 2359 4010 tleius

1342 4040 1410 4093 ad
1437 4040 1621 4093 Horat.
1639 4040 1807 4092 Sei-m.
1832 4038 1886 4089 11
1905 4080 1920 4103 ,
1950 4056 1999 4099 1,
2028 4035 2114 4090 31.
2133 4042 2179 4089 b.
2203 4052 2292 4087 am
2315 4057 2357 4087 s.

1344 4121 1444 4187 legi
1456 4120 1583 4173 vult.
1601 4116 1671 4171 G.
1687 4148 1756 4158 —
1769 4116 1894 4169 Vid.
1911 4116 1960 4168 J.
1975 4116 2039 4167 Α.
2057 4116 2328 4168 Ernestius
2344 4154 2358 4179 ‚

1986 4239 2074 4282 20
