2857 4690
478 315 615 387 360
1036 317 1115 383 C.
1166 315 1512 382 PLINII
1565 312 2034 382 SECUNDI

450 462 573 532 §est
610 450 785 516 euim
826 446 1094 516 demum
1131 469 1291 514 vera
1338 443 1650 532 felicitas,
1691 439 1999 514 felicitate
2047 443 2322 540 dignum
2367 442 2632 514 videri.

408 589 435 623 2
472 552 603 622 Sed
634 576 841 648 quum
870 550 1077 622 multa
1112 549 1225 621 illo
1260 548 1366 620 die
1400 548 1576 618 dicta
1615 563 1768 618 sunt
1801 550 2130 644 sapienter
2171 564 2240 619 et
2271 550 2578 645 graviter·
2601 601 2630 636 ‚

473 673 613 728 tum
646 655 752 727 vel
780 657 1099 753 imprimis
1132 657 1296 742 hoc,
1334 679 1562 726 cums
1599 677 1839 741 nolus,
1875 676 2106 726 ennon
2144 678 2306 726 nm.
2346 657 2624 750 Magna

472 763 602 833 hoc
638 761 877 834 fiducia
914 764 1153 851 nostri,
1183 763 1432 857 majore
1470 775 1692 832 tamen
1731 763 1829 830 tui
1861 760 2187 832 diximus:
2217 759 2385 832 alius
2421 762 2614 832 enim

474 869 750 940 sortasse
804 869 1005 940 alium
1024 921 1045 954 ‚
1100 869 1316 964 ipsum
1374 893 1446 936 se
1498 892 1695 938 nemo
1755 867 2088 962 deceperit
2123 893 2139 934 τ
2187 868 2614 962 introspiciat

404 989 437 1041 3
474 975 675 1046 modo
715 977 916 1046 vitam
934 1029 955 1064 ,
998 999 1233 1069 seque,
1276 975 1434 1069 quid
1479 987 1844 1061 mereatur,
1885 974 2266 1068 interroget.
2311 973 2608 1044 Proinde

474 1081 675 1151 dabat
712 1082 987 1152 vocibus
1031 1082 1273 1152 nostris
1324 1080 1524 1150 fidem
1575 1079 1754 1175 apud
1805 1081 2131 1175 optimum
2181 1080 2604 1174 principem,

472 1186 652 1280 quod
692 1187 871 1281 apud
912 1186 1120 1258 malos
1158 1185 1590 1256 detrahebat:
1627 1187 1930 1280 quamvis
1969 1187 2143 1256 enim
2187 1185 2596 1273 faceremus,

470 1317 618 1384 quae
646 1307 943 1366 amantes
978 1293 1192 1364 solent
1216 1345 1237 1380 ‚
1271 1290 1361 1360 illi
1392 1307 1648 1379 tamen,
1683 1318 1822 1362 non
1855 1293 2064 1361 amari
2097 1315 2201 1382 se,
2235 1291 2598 1362 credebant

404 1417 436 1476 4
474 1397 614 1467 sibi.
654 1401 869 1494 Super
910 1399 1051 1470 haec
1087 1399 1335 1495 precati
1380 1422 1640 1484 sumus,
1682 1413 1760 1468 ut
1793 1421 1898 1473 slc
1939 1421 2027 1468 ΤΕ.
2063 1421 2416 1470 amanen-r
2453 1421 2598 1484 nn,

472 1526 1047 1584 Qunmumonuu
1084 1529 1180 1575 TU
1216 1527 1369 1575 uos.
1406 1505 1580 1593 Quis
1607 1502 1739 1576 hoc
1765 1519 1884 1574 aut
1915 1504 2000 1573 de
2029 1527 2135 1589 se,
2163 1517 2282 1574 aut
2311 1506 2596 1600 principi

470 1609 724 1679 diceret
764 1610 1183 1681 mediocriter
1230 1608 1518 1679 amanti?
1556 1635 1682 1705 pro
1719 1610 1911 1680 nobis
1950 1611 2105 1704 ipsis
2141 1610 2410 1704 quidem
2455 1611 2597 1680 haec

470 1714 595 1784 fuit
618 1741 877 1786 summa
902 1730 1213 1786 votorum
1242 1767 1261 1800 ,
1288 1729 1363 1784 nt
1390 1739 1527 1787 nos
1555 1738 1662 1787 sm
1691 1739 2038 1786 immam·
2066 1739 2202 1803 mr,
2233 1738 2596 1800 Quonono

470 1843 564 1898 ‘ru
599 1847 615 1889 :
644 1837 827 1894 estne
860 1847 1125 1910 verum,
1157 1822 1337 1918 quod
1367 1822 1541 1892 inter
1572 1823 1696 1892 ista
1726 1819 2187 1909 clamavimus,
2223 1847 2270 1895 o
2307 1847 2452 1894 nos
2481 1847 2588 1896 rr.-

472 1924 703 1998 mets!
752 1930 932 2020 Quid
980 1933 1153 2000 enim
1206 1927 1461 1999 felicius
1504 1927 1731 2013 nobis,
1776 1929 2016 2023 quibus
2064 1953 2199 1998 non
2242 1929 2380 2024 jam
2434 1929 2594 2000 illud

470 2035 833 2127 optandum
868 2051 995 2124 est,
1030 2051 1107 2105 ut
1150 2059 1271 2104 nos
1310 2032 1538 2128 diligat
1572 2037 1918 2130 princeps,
1960 2033 2074 2105 sed
2111 2033 2235 2122 dii,
2277 2035 2594 2130 quemad·-

402 2155 433 2207 5
470 2139 743 2210 modum
779 2141 1127 2238 princeps?
1160 2141 1409 2211 Civitas
1447 2137 1870 2234 religionibus
1905 2141 2164 2231 dedita,
2203 2167 2596 2237 semperque

468 2245 744 2317 deorum
792 2247 1266 2344 indulgentiam
1317 2249 1560 2340 pietate
1602 2246 1875 2334 merita,
1915 2245 2078 2316 nihil
2123 2245 2416 2318 felicitati
2459 2273 2596 2320 suae

466 2367 657 2447 putat
695 2354 943 2423 adstrui
979 2377 1207 2449 posse,
1251 2354 1371 2421 nisi
1414 2366 1491 2421 ut
1531 2350 1622 2421 dii
1657 2356 1985 2424 Caesarem
2019 2356 2377 2423 imitentur.

463 2536 571 2579 tate
594 2523 815 2597 dignum
833 2561 849 2587 ,
888 2522 1145 2576 felicitatis
1188 2540 1474 2596 capacem:

463 2605 571 2655 huc
599 2606 898 2657 referuntur
912 2602 1146 2675 proxima
1164 2642 1179 2666 ,
1196 2618 1268 2655 est
1280 2605 1471 2656 enim...

459 2684 639 2734 vider-1⁰.
670 2682 731 2735 G.

534 2760 584 2814 3.
607 2763 812 2814 Dabat..
827 2764 1019 2834 fidem.
1040 2761 1105 2816 Id
1122 2771 1199 2815 est
1214 2800 1229 2825 ,
1247 2761 1475 2814 faciebat

456 2858 575 2894 rara
598 2839 979 2913 significatione
994 2859 1011 2894 t
1032 2840 1271 2913 loquitur
1296 2854 1474 2894 antem

457 2918 525 2973 de
550 2920 863 2973 conscientia
876 2920 1139 2993 principis.
1154 2914 1339 2975 Divine
1352 2920 1476 2973 Plu·

456 2998 669 3053 tarchus
713 2998 781 3053 de
818 3000 979 3054 discr.
1026 2999 1225 3053 adulat.
1259 3018 1315 3052 ιι.
1354 3004 1467 3067 ¹⁵9·

454 3073 501 3135 Ϊῐ
522 3082 701 3136 οἴκοθεν
727 3082 878 3153 κρίσις
902 3082 1325 3155 ἀντιμαρτυροῦσα
1344 3118 1363 3147 ,
1386 3082 1472 3135 καὶ

454 3162 524 3231 μὴ
542 3156 911 3233 προσδεχομένη
931 3163 1010 3215 τὸν
1037 3164 1231 3215 ἔπαινον
1246 3200 1261 3228 ,
1277 3161 1470 3223 ἀπαθής

454 3244 589 3300 ἐστι,
614 3240 699 3294 καὶ
728 3242 957 3306 ἄθικτος,
986 3242 1070 3296 καὶ
1098 3242 1192 3294 ὑπὸ
1210 3244 1295 3293 τοῦ
1324 3248 1472 3293 κολα·

451 3321 673 3383 nnio-ero<
696 3321 967 3381 ἀνάλὼτος.
986 3319 1055 3373 G.

520 3418 591 3429 —-
611 3392 887 3441 Credebant
904 3391 1015 3441 sibi.
1035 3389 1115 3441 Ita
1136 3387 1238 3441 sibi
1262 3404 1367 3440 nun
1386 3388 1468 3439 in·-

448 3465 716 3539 dignitatis
748 3466 943 3521 conscii
970 3478 1119 3520 eraut
1137 3508 1153 3533 ,
1190 3478 1250 3519 ut
1276 3463 1471 3519 intelli-

448 3556 633 3615 gerent
646 3583 661 3610 ,
680 3564 737 3599 se
755 3584 773 3607 ,
798 3546 1037 3615 quamvis
1061 3544 1213 3598 nobis
1230 3562 1468 3598 amorem

447 3636 687 3679 nostrum
704 3624 767 3679 iis
778 3626 1123 3680 offerentibus
1139 3661 1155 3688 ,
1166 3636 1344 3679 tamen
1358 3642 1466 3677 non

446 3704 638 3757 amari.
656 3705 743 3759 sie
760 3700 1247 3778 mneeimtiafdem
1264 3708 1468 3756 vocibus

444 3786 623 3837 nostris
634 3788 777 3854 apud
785 3807 867 3839 eos
879 3788 1186 3838 detrahebat.
1206 3782 1268 3835 E.

516 3870 569 3927 4.
590 3869 707 3930 Qm‘s
724 3868 843 3917 Ιιοσ.
862 3901 877 3916 .
900 3866 1154 3915 amanti?
1172 3860 1286 3915 Hoc
1304 3880 1468 3915 mem-

444 3944 601 3996 brum
622 3962 731 3996 non
744 3945 863 3996 loco
878 3942 1106 4015 positum
1128 3942 1462 3996 tenebrarum

443 4021 643 4093 aliquid
668 4021 893 4077 orationi
914 4018 1171 4075 offudisse
1188 4032 1345 4093 put03
1372 4014 1480 4075 re-'

439 4100 750 4172 ponendum
766 4112 886 4171 pout
904 4100 1119 4154 alteram
1139 4100 1423 4155 formulam
1437 4140 1454 4163 ,

443 4183 548 4229 Nos
576 4180 648 4228 εἰσ
673 4192 899 4230 amarem
926 4182 1014 4229 De'e'
1028 4218 1043 4239 ‚
1082 4182 1329 4246 quomodo
1367 4196 1419 4233 tu
1437 4218 1453 4241 ,

1565 2522 1680 2577 scil.
1725 2542 1821 2575 nos
1860 2540 2024 2577 amas.
2065 2524 2199 2576 Nam
2257 2524 2332 2577 sic
2373 2524 2592 2578 demum

1561 2614 1704 2657 recte
1742 2602 1965 2656 infertur
1983 2642 2000 2669 ,
2041 2607 2160 2669 Quis
2193 2606 2287 2655 Ιιοσ
2330 2604 2592 2675 posterius

1561 2684 1626 2733 de
1641 2701 1693 2733 se
1706 2720 1722 2744 ,
1745 2698 1836 2733 aut
1856 2692 2140 2753 utrumqne
2163 2680 2268 2735 hoc
2287 2685 2508 2751 principi
2521 2686 2592 2735 da·-

1560 2776 1694 2811 eeree
1735 2764 2046 2813 mediocriter
2094 2764 2292 2812 amanei
2316 2770 2346 2811 ι’
2389 2762 2544 2815 Dicas
2571 2799 2588 2825 ,

1557 2838 1784 2911 quidni?
1803 2840 2008 2894 Habeat
2029 2838 2128 2892 sibi
2145 2878 2162 2901 ,
2189 2840 2232 2893 si
2253 2838 2592 2894 mediocriter

1561 2930 1731 2972 amnt:
1748 2918 1878 2972 sciat
1893 2918 1960 2973 nd
1985 2937 2041 2972 se
2063 2936 2172 2972 non
2185 2916 2448 2992 pertinere
2469 2930 2585 2973 vota

1559 3008 1759 3051 nostra.
1773 2998 1842 3049 At
1863 2998 2217 3069 periculosum
2237 3009 2314 3051 est
2335 2998 2412 3053 ita
2430 3016 2588 3069 agere

1557 3092 1683 3129 cum
1717 3076 1960 3149 principe
1981 3114 1998 3141 ,
2037 3090 2100 3129 nt
2127 3094 2250 3129 eum
2277 3078 2505 3131 mustela
2531 3078 2584 3130 in

1557 3154 1732 3207 farina
1773 3154 1966 3208 latente
1999 3174 2118 3208 mus
2151 3154 2240 3210 ille
2264 3155 2410 3227 apud
2437 3156 2585 3209 Phe-

1555 3230 1714 3285 drum
1739 3234 1840 3298 IV,
1867 3251 1890 3286 ι
1911 3231 2233 3301 ,retorridus
2249 3270 2266 3297 ,
2289 3236 2370 3284 Sic
2382 3240 2578 3295 valen,

1557 3314 1803 3380 nefas-Ina
1829 3331 1880 3364 es
1891 3350 1909 3373 ,
1944 3332 2058 3380 qm
2069 3315 2231 3381 jaces.
2253 3311 2324 3365 G.

1629 3420 1698 3431 —-
1707 3384 2059 3444 Estne-nemun.
2069 3391 2264 3445 Nonne
2275 3400 2353 3445 est
2366 3408 2548 3444 verum
2559 3392 2585 3444 Ρ

1555 3467 1684 3527 vid.
1711 3468 1778 3522 ad
1794 3470 1920 3521 LVI
1938 3506 1955 3533 ,
1976 3488 2022 3523 a.
2043 3469 2114 3523 G.

1627 3548 1680 3603 5.
1699 3552 2026 3619 Religionibus
2041 3552 2230 3603 dedita.
2247 3548 2452 3602 Dicitur
2467 3549 2525 3601 h.
2545 3550 2580 3601 l.

1555 3626 1610 3680 in
1659 3638 1860 3699 partem
1899 3626 2170 3681 meliorem
2191 3667 2206 3689 ‚
2249 3626 2398 3701 quod
2447 3628 2578 3681 alias

1552 3704 1666 3760 fere
1684 3706 1740 3759 in
1759 3705 2070 3760 detestor-em
2089 3704 2290 3759 dicitnr
2309 3744 2328 3770 ‚
2353 3718 2414 3759 nt
2433 3706 2576 3778 apud

1553 3786 1726 3839 Cicer.
1745 3804 1842 3858 pro
1861 3788 2054 3851 Domo,
2075 3784 2254 3838 XLIX
2269 3822 2285 3849 ,
2303 3789 2449 3836 Ιωηιο
2463 3788 2577 3837 reli-

1547 3867 1776 3933 gionibus
1803 3868 2010 3917 deditus.
2039 3864 2270 3937 EnR.·—-·
2293 3866 2380 3917 Dii
2409 3868 2575 3915 Casa·

1552 3962 1652 3995 rem
1680 3946 1944 3997 imitentur.
1971 3943 2094 3996 Hoc
2135 3953 2186 3995 et
2222 3940 2460 3997 similiter
2487 3942 2576 3995 ab·

1547 4020 1708 4075 surda
1735 4020 2008 4093 quomodo
2047 4022 2188 4077 idem
2217 4022 2418 4075 Plinius
2439 4057 2457 4083 ,
2479 4021 2570 4093 qui

1545 4100 1794 4173 epistolas
1839 4102 2047 4175 scripsit
2075 4138 2094 4167 ‚
2145 4102 2200 4155 in
2245 4099 2571 4173 Panegyrico

1545 4180 1722 4236 dicere
1739 4182 1991 4253 potuerit,
2015 4200 2116 4253 ego
2130 4181 2216 4234 vix
2237 4179 2566 4251 intelligas.
