<?xml version="1.0" encoding="UTF-8"?>
<!DOCTYPE html PUBLIC "-//W3C//DTD XHTML 1.0 Transitional//EN"
    "http://www.w3.org/TR/xhtml1/DTD/xhtml1-transitional.dtd">
<html xmlns="http://www.w3.org/1999/xhtml" xml:lang="en" lang="en">
 <head>
  <title>
</title>
<meta http-equiv="Content-Type" content="text/html;charset=utf-8" />
  <meta name='ocr-system' content='tesseract 3.04.00' />
  <meta name='ocr-capabilities' content='ocr_page ocr_carea ocr_par ocr_line ocrx_word'/>
</head>
<body>
  <div class='ocr_page' id='page_1' title='image "./cpliniisecundie00schgoog_0179.png"; bbox 0 0 2857 4690; ppageno 0'>
   <div class='ocr_carea' id='block_1_1' title="bbox 512 333 1998 430">
    <p class='ocr_par' dir='ltr' id='par_1_1' title="bbox 512 333 1998 430">
     <span class='ocr_line' id='line_1_1' title="bbox 512 333 1998 430; baseline -0.003 -26"><span class='ocrx_word' id='word_1_1' title='bbox 512 357 647 430; x_wconf 84' lang='lat'><strong>170</strong></span> <span class='ocrx_word' id='word_1_2' title='bbox 1137 336 1214 402; x_wconf 86' lang='lat' dir='ltr'><strong>c.</strong></span> <span class='ocrx_word' id='word_1_3' title='bbox 1270 333 1614 402; x_wconf 78' lang='lat' dir='ltr'><strong>PLlNll</strong></span> <span class='ocrx_word' id='word_1_4' title='bbox 1662 334 1856 402; x_wconf 78' lang='lat' dir='ltr'><strong>Lm.</strong></span> <span class='ocrx_word' id='word_1_5' title='bbox 1911 337 1998 402; x_wconf 83' lang='lat' dir='ltr'><strong>x.</strong></span> 
     </span>
    </p>
   </div>
   <div class='ocr_carea' id='block_1_2' title="bbox 433 454 2640 1424">
    <p class='ocr_par' dir='ltr' id='par_1_2' title="bbox 433 454 2640 1424">
     <span class='ocr_line' id='line_1_2' title="bbox 506 454 2638 552; baseline 0.001 -26"><span class='ocrx_word' id='word_1_6' title='bbox 506 457 831 552; x_wconf 84' lang='lat' dir='ltr'><strong>relegatus</strong></span> <span class='ocrx_word' id='word_1_7' title='bbox 858 481 895 525; x_wconf 90' lang='lat' dir='ltr'><strong>a</strong></span> <span class='ocrx_word' id='word_1_8' title='bbox 922 459 959 524; x_wconf 86' lang='lat' dir='ltr'>J</span> <span class='ocrx_word' id='word_1_9' title='bbox 964 454 1103 525; x_wconf 92' lang='lat' dir='ltr'><strong>ulio</strong></span> <span class='ocrx_word' id='word_1_10' title='bbox 1124 460 1325 526; x_wconf 90' lang='lat' dir='ltr'><strong>Basso</strong></span> <span class='ocrx_word' id='word_1_11' title='bbox 1348 455 1766 552; x_wconf 80' lang='lat' dir='ltr'><strong>proconsule.</strong></span> <span class='ocrx_word' id='word_1_12' title='bbox 1795 461 1972 552; x_wconf 81' lang='lat' dir='ltr'><strong>Ego,</strong></span> <span class='ocrx_word' id='word_1_13' title='bbox 1994 460 2150 552; x_wconf 89' lang='lat' dir='ltr'><strong>quia</strong></span> <span class='ocrx_word' id='word_1_14' title='bbox 2171 458 2461 527; x_wconf 83' lang='lat' dir='ltr'><strong>sciebam</strong></span> <span class='ocrx_word' id='word_1_15' title='bbox 2479 471 2638 529; x_wconf 84' lang='lat' dir='ltr'><strong>a&#39;cta</strong></span> 
     </span>
     <span class='ocr_line' id='line_1_3' title="bbox 500 565 2638 662; baseline 0.001 -27"><span class='ocrx_word' id='word_1_16' title='bbox 500 567 685 635; x_wconf 82' lang='lat' dir='ltr'>Bassi</span> <span class='ocrx_word' id='word_1_17' title='bbox 722 567 1024 652; x_wconf 87' lang='lat' dir='ltr'><strong>rescissa,</strong></span> <span class='ocrx_word' id='word_1_18' title='bbox 1060 565 1423 661; x_wconf 88' lang='lat' dir='ltr'><strong>datumque</strong></span> <span class='ocrx_word' id='word_1_19' title='bbox 1462 591 1498 635; x_wconf 90' lang='lat' dir='ltr'><strong>a</strong></span> <span class='ocrx_word' id='word_1_20' title='bbox 1537 581 1770 636; x_wconf 89' lang='lat' dir='ltr'><strong>senatu</strong></span> <span class='ocrx_word' id='word_1_21' title='bbox 1803 567 1914 659; x_wconf 92' lang='lat' dir='ltr'><strong>jus</strong></span> <span class='ocrx_word' id='word_1_22' title='bbox 1953 567 2308 654; x_wconf 81' lang='lat' dir='ltr'><strong>omnihus,</strong></span> <span class='ocrx_word' id='word_1_23' title='bbox 2349 567 2435 636; x_wconf 90' lang='lat' dir='ltr'><strong>de</strong></span> <span class='ocrx_word' id='word_1_24' title='bbox 2475 571 2638 662; x_wconf 89' lang='lat' dir='ltr'><strong>qui-</strong></span> 
     </span>
     <span class='ocr_line' id='line_1_4' title="bbox 502 676 2640 772; baseline -0 -24"><span class='ocrx_word' id='word_1_25' title='bbox 502 680 628 748; x_wconf 88' lang='lat' dir='ltr'><strong>bus</strong></span> <span class='ocrx_word' id='word_1_26' title='bbox 664 677 773 748; x_wconf 89' lang='lat' dir='ltr'><strong>ille</strong></span> <span class='ocrx_word' id='word_1_27' title='bbox 810 676 1061 772; x_wconf 89' lang='lat' dir='ltr'><strong>aliquid</strong></span> <span class='ocrx_word' id='word_1_28' title='bbox 1092 678 1567 764; x_wconf 87' lang='lat' dir='ltr'><strong>constituisset,</strong></span> <span class='ocrx_word' id='word_1_29' title='bbox 1603 701 1686 746; x_wconf 80' lang='lat' dir='ltr'><strong>ex</strong></span> <span class='ocrx_word' id='word_1_30' title='bbox 1720 678 1980 771; x_wconf 75' lang='lat' dir='ltr'><strong>integro</strong></span> <span class='ocrx_word' id='word_1_31' title='bbox 2008 677 2248 771; x_wconf 83' lang='lat' dir='ltr'><strong>agendi</strong></span> <span class='ocrx_word' id='word_1_32' title='bbox 2283 677 2640 747; x_wconf 78' lang='lat' dir='ltr'><strong>dumtaxat</strong></span> 
     </span>
     <span class='ocr_line' id='line_1_5' title="bbox 503 785 2636 883; baseline -0 -26"><span class='ocrx_word' id='word_1_33' title='bbox 503 813 624 883; x_wconf 90' lang='lat' dir='ltr'><strong>per</strong></span> <span class='ocrx_word' id='word_1_34' title='bbox 669 789 1015 858; x_wconf 74' lang='lat' dir='ltr'>biennium</span> <span class='ocrx_word' id='word_1_35' title='bbox 1031 841 1051 872; x_wconf 88' lang='lat'>‚</span> <span class='ocrx_word' id='word_1_36' title='bbox 1097 788 1500 883; x_wconf 83' lang='lat' dir='ltr'><strong>interrogavi</strong></span> <span class='ocrx_word' id='word_1_37' title='bbox 1548 786 1760 875; x_wconf 84' lang='lat' dir='ltr'><strong>hunc,</strong></span> <span class='ocrx_word' id='word_1_38' title='bbox 1799 811 1998 881; x_wconf 82' lang='lat' dir='ltr'><strong>quem</strong></span> <span class='ocrx_word' id='word_1_39' title='bbox 2047 785 2490 881; x_wconf 82' lang='lat' dir='ltr'><strong>relegaverat,</strong></span> <span class='ocrx_word' id='word_1_40' title='bbox 2543 812 2636 856; x_wconf 89' lang='lat' dir='ltr'><strong>an</strong></span> 
     </span>
     <span class='ocr_line' id='line_1_6' title="bbox 433 895 2636 992; baseline 0.002 -29"><span class='ocrx_word' id='word_1_41' title='bbox 433 909 465 963; x_wconf 87' lang='grc'><strong>5</strong></span> <span class='ocrx_word' id='word_1_42' title='bbox 501 897 805 984; x_wconf 85' lang='lat' dir='ltr'><strong>adiisset,</strong></span> <span class='ocrx_word' id='word_1_43' title='bbox 850 897 1317 991; x_wconf 86' lang='lat' dir='ltr'><strong>docuissetque</strong></span> <span class='ocrx_word' id='word_1_44' title='bbox 1366 895 1834 990; x_wconf 87' lang='lat' dir='ltr'><strong>proconsulem</strong></span> <span class='ocrx_word' id='word_1_45' title='bbox 1867 922 1886 965; x_wconf 70' lang='grc' dir='ltr'><em>τ</em></span> <span class='ocrx_word' id='word_1_46' title='bbox 1923 898 2208 992; x_wconf 82' lang='lat' dir='ltr'><strong>negavit.</strong></span> <span class='ocrx_word' id='word_1_47' title='bbox 2257 899 2386 966; x_wconf 88' lang='lat' dir='ltr'><strong>Per</strong></span> <span class='ocrx_word' id='word_1_48' title='bbox 2447 898 2636 992; x_wconf 84' lang='lat' dir='ltr'><strong>quod</strong></span> 
     </span>
     <span class='ocr_line' id='line_1_7' title="bbox 502 1005 2632 1102; baseline 0 -25"><span class='ocrx_word' id='word_1_49' title='bbox 502 1007 811 1077; x_wconf 87' lang='lat' dir='ltr'><strong>effectum</strong></span> <span class='ocrx_word' id='word_1_50' title='bbox 848 1022 980 1093; x_wconf 88' lang='lat' dir='ltr'><strong>est,</strong></span> <span class='ocrx_word' id='word_1_51' title='bbox 1026 1022 1099 1075; x_wconf 93' lang='lat' dir='ltr'><strong>ut</strong></span> <span class='ocrx_word' id='word_1_52' title='bbox 1143 1021 1213 1076; x_wconf 91' lang='lat' dir='ltr'><strong>te</strong></span> <span class='ocrx_word' id='word_1_53' title='bbox 1247 1005 1659 1077; x_wconf 86' lang='lat' dir='ltr'><strong>consulerem</strong></span> <span class='ocrx_word' id='word_1_54' title='bbox 1681 1061 1700 1094; x_wconf 90' lang='lat'>‚</span> <span class='ocrx_word' id='word_1_55' title='bbox 1745 1006 2160 1076; x_wconf 90' lang='lat' dir='ltr'><strong>reddendum</strong></span> <span class='ocrx_word' id='word_1_56' title='bbox 2207 1033 2360 1076; x_wconf 89' lang='lat' dir='ltr'><strong>eum</strong></span> <span class='ocrx_word' id='word_1_57' title='bbox 2416 1033 2632 1102; x_wconf 85' lang='lat' dir='ltr'><strong>poenae</strong></span> 
     </span>
     <span class='ocr_line' id='line_1_8' title="bbox 502 1116 2632 1213; baseline 0 -25"><span class='ocrx_word' id='word_1_58' title='bbox 502 1145 665 1204; x_wconf 85' lang='lat' dir='ltr'><strong>suae,</strong></span> <span class='ocrx_word' id='word_1_59' title='bbox 700 1141 785 1187; x_wconf 88' lang='lat' dir='ltr'><strong>an</strong></span> <span class='ocrx_word' id='word_1_60' title='bbox 815 1118 1081 1212; x_wconf 79' lang='lat' dir='ltr'><strong>gravius</strong></span> <span class='ocrx_word' id='word_1_61' title='bbox 1112 1116 1407 1212; x_wconf 74' lang='lat' dir='ltr'><strong>aliquid3</strong></span> <span class='ocrx_word' id='word_1_62' title='bbox 1447 1133 1512 1188; x_wconf 92' lang='lat' dir='ltr'><strong>et</strong></span> <span class='ocrx_word' id='word_1_63' title='bbox 1553 1117 1718 1213; x_wconf 91' lang='lat' dir='ltr'><strong>quid</strong></span> <span class='ocrx_word' id='word_1_64' title='bbox 1753 1119 2192 1213; x_wconf 85' lang='lat' dir='ltr'><strong>potissimum</strong></span> <span class='ocrx_word' id='word_1_65' title='bbox 2215 1120 2632 1188; x_wconf 87' lang='lat' dir='ltr'><strong>constituen-</strong></span> 
     </span>
     <span class='ocr_line' id='line_1_9' title="bbox 499 1226 2632 1322; baseline -0.001 -24"><span class='ocrx_word' id='word_1_66' title='bbox 499 1231 660 1298; x_wconf 87' lang='lat' dir='ltr'><strong>dum</strong></span> <span class='ocrx_word' id='word_1_67' title='bbox 695 1243 965 1322; x_wconf 86' lang='lat' dir='ltr'><strong>putares</strong></span> <span class='ocrx_word' id='word_1_68' title='bbox 1005 1243 1071 1295; x_wconf 90' lang='lat' dir='ltr'><strong>et</strong></span> <span class='ocrx_word' id='word_1_69' title='bbox 1113 1229 1180 1295; x_wconf 88' lang='lat' dir='ltr'><strong>in</strong></span> <span class='ocrx_word' id='word_1_70' title='bbox 1218 1227 1436 1315; x_wconf 88' lang='lat' dir='ltr'><strong>hunc,</strong></span> <span class='ocrx_word' id='word_1_71' title='bbox 1471 1242 1538 1296; x_wconf 85' lang='lat' dir='ltr'><strong>et</strong></span> <span class='ocrx_word' id='word_1_72' title='bbox 1583 1230 1650 1296; x_wconf 90' lang='lat' dir='ltr'><strong>in</strong></span> <span class='ocrx_word' id='word_1_73' title='bbox 1687 1253 1834 1314; x_wconf 88' lang='lat' dir='ltr'><strong>eos,</strong></span> <span class='ocrx_word' id='word_1_74' title='bbox 1863 1230 1915 1298; x_wconf 90' lang='lat' dir='ltr'><strong>si</strong></span> <span class='ocrx_word' id='word_1_75' title='bbox 1954 1228 2072 1322; x_wconf 92' lang='lat' dir='ltr'><strong>qui</strong></span> <span class='ocrx_word' id='word_1_76' title='bbox 2100 1227 2275 1297; x_wconf 89' lang='lat' dir='ltr'><strong>forte</strong></span> <span class='ocrx_word' id='word_1_77' title='bbox 2315 1229 2386 1296; x_wconf 88' lang='lat' dir='ltr'><strong>in</strong></span> <span class='ocrx_word' id='word_1_78' title='bbox 2427 1226 2632 1297; x_wconf 82' lang='lat' dir='ltr'><strong>simili</strong></span> 
     </span>
     <span class='ocr_line' id='line_1_10' title="bbox 498 1335 2630 1424; baseline -0 -16"><span class='ocrx_word' id='word_1_79' title='bbox 498 1335 885 1408; x_wconf 86' lang='lat' dir='ltr'><strong>conditione</strong></span> <span class='ocrx_word' id='word_1_80' title='bbox 912 1337 1393 1406; x_wconf 82' lang='lat' dir='ltr'><strong>invenirentur.</strong></span> <span class='ocrx_word' id='word_1_81' title='bbox 1422 1339 1786 1408; x_wconf 81' lang='lat' dir='ltr'><strong>Decretum</strong></span> <span class='ocrx_word' id='word_1_82' title='bbox 1809 1337 1998 1408; x_wconf 87' lang='lat' dir='ltr'><strong>Calvi</strong></span> <span class='ocrx_word' id='word_1_83' title='bbox 2031 1352 2096 1406; x_wconf 88' lang='lat' dir='ltr'><strong>et</strong></span> <span class='ocrx_word' id='word_1_84' title='bbox 2128 1337 2442 1424; x_wconf 84' lang='lat' dir='ltr'><strong>edictum,</strong></span> <span class='ocrx_word' id='word_1_85' title='bbox 2469 1340 2630 1408; x_wconf 78' lang='lat' dir='ltr'><strong>item</strong></span> 
     </span>
    </p>
   </div>
   <div class='ocr_carea' id='block_1_3' title="bbox 497 1446 1768 1542">
    <p class='ocr_par' dir='ltr' id='par_1_3' title="bbox 497 1446 1768 1542">
     <span class='ocr_line' id='line_1_11' title="bbox 497 1446 1768 1542; baseline 0 -26"><span class='ocrx_word' id='word_1_86' title='bbox 497 1447 835 1518; x_wconf 88' lang='lat' dir='ltr'><strong>decretum</strong></span> <span class='ocrx_word' id='word_1_87' title='bbox 876 1447 1061 1516; x_wconf 84' lang='lat' dir='ltr'><strong>Bassi</strong></span> <span class='ocrx_word' id='word_1_88' title='bbox 1104 1447 1209 1516; x_wconf 90' lang='lat' dir='ltr'><strong>his</strong></span> <span class='ocrx_word' id='word_1_89' title='bbox 1242 1446 1452 1516; x_wconf 89' lang='lat' dir='ltr'><strong>literis</strong></span> <span class='ocrx_word' id='word_1_90' title='bbox 1492 1449 1768 1542; x_wconf 79' lang='lat' dir='ltr'><strong>subjeci.</strong></span> 
     </span>
    </p>
   </div>
   <div class='ocr_carea' id='block_1_4' title="bbox 494 1667 2633 2439">
    <p class='ocr_par' dir='ltr' id='par_1_4' title="bbox 496 1667 2632 2140">
     <span class='ocr_line' id='line_1_12' title="bbox 500 1667 2632 1742; baseline -0.001 -20"><span class='ocrx_word' id='word_1_91' title='bbox 500 1671 685 1723; x_wconf 72' lang='lat' dir='ltr'><strong>vinciis</strong></span> <span class='ocrx_word' id='word_1_92' title='bbox 702 1667 1072 1741; x_wconf 66' lang='lat' dir='ltr'><strong>&#39;conpar-andi.</strong></span> <span class='ocrx_word' id='word_1_93' title='bbox 1090 1694 1115 1714; x_wconf 70' lang='grc' dir='ltr'><strong><em>κ</em></strong></span> <span class='ocrx_word' id='word_1_94' title='bbox 1141 1669 1197 1722; x_wconf 92' lang='lat' dir='ltr'><strong>S.</strong></span> <span class='ocrx_word' id='word_1_95' title='bbox 1223 1699 1295 1709; x_wconf 91' lang='lat'><em>-</em></span> <span class='ocrx_word' id='word_1_96' title='bbox 1316 1674 1391 1720; x_wconf 83' lang='lat' dir='ltr'><strong>De</strong></span> <span class='ocrx_word' id='word_1_97' title='bbox 1416 1672 1506 1721; x_wconf 77' lang='lat' dir='ltr'><strong>lu&#39;s.</strong></span> <span class='ocrx_word' id='word_1_98' title='bbox 1607 1669 1798 1734; x_wconf 77' lang='lat' dir='ltr'><strong>habet,</strong></span> <span class='ocrx_word' id='word_1_99' title='bbox 1829 1687 1988 1742; x_wconf 70' lang='lat' dir='ltr'><strong>quam</strong></span> <span class='ocrx_word' id='word_1_100' title='bbox 2021 1669 2078 1722; x_wconf 85' lang='lat' dir='ltr'><strong>in</strong></span> <span class='ocrx_word' id='word_1_101' title='bbox 2106 1669 2197 1721; x_wconf 79' lang='lat' dir='ltr'><strong>illa</strong></span> <span class='ocrx_word' id='word_1_102' title='bbox 2227 1667 2457 1722; x_wconf 62' lang='lat' dir='ltr'><strong>hemula</strong></span> <span class='ocrx_word' id='word_1_103' title='bbox 2471 1707 2488 1734; x_wconf 90' lang='lat'><strong>,</strong></span> <span class='ocrx_word' id='word_1_104' title='bbox 2525 1685 2632 1739; x_wconf 71' lang='lat' dir='ltr'><strong>qua</strong></span> 
     </span>
     <span class='ocr_line' id='line_1_13' title="bbox 498 1745 2630 1822; baseline -0.001 -22"><span class='ocrx_word' id='word_1_105' title='bbox 498 1749 581 1802; x_wconf 83' lang='lat' dir='ltr'><strong>Ita</strong></span> <span class='ocrx_word' id='word_1_106' title='bbox 607 1751 907 1822; x_wconf 81' lang='lat' dir='ltr'><strong>frequenter</strong></span> <span class='ocrx_word' id='word_1_107' title='bbox 937 1753 1012 1800; x_wconf 72' lang='lat' dir='ltr'><strong>leis</strong></span> <span class='ocrx_word' id='word_1_108' title='bbox 1036 1760 1088 1800; x_wconf 85' lang='lat' dir='ltr'><strong>et</strong></span> <span class='ocrx_word' id='word_1_109' title='bbox 1114 1751 1174 1800; x_wconf 78' lang='lat' dir='ltr'><strong>iis</strong></span> <span class='ocrx_word' id='word_1_110' title='bbox 1200 1749 1422 1801; x_wconf 72' lang='lat' dir='ltr'><strong>miscent</strong></span> <span class='ocrx_word' id='word_1_111' title='bbox 1447 1747 1511 1800; x_wconf 83' lang='lat' dir='ltr'><strong>li·</strong></span> <span class='ocrx_word' id='word_1_112' title='bbox 1607 1749 1834 1820; x_wconf 79' lang='lat' dir='ltr'><strong>litigator</strong></span> <span class='ocrx_word' id='word_1_113' title='bbox 1852 1759 2132 1820; x_wconf 83' lang='lat' dir='ltr'><strong>patronum</strong></span> <span class='ocrx_word' id='word_1_114' title='bbox 2151 1767 2377 1800; x_wconf 77' lang='lat' dir='ltr'><strong>caussam</strong></span> <span class='ocrx_word' id='word_1_115' title='bbox 2397 1745 2630 1799; x_wconf 79' lang='lat' dir='ltr'><strong>docet.G.</strong></span> 
     </span>
     <span class='ocr_line' id='line_1_14' title="bbox 498 1825 2630 1892; baseline -0.002 -10"><span class='ocrx_word' id='word_1_116' title='bbox 498 1826 686 1892; x_wconf 84' lang='lat' dir='ltr'><strong>brarii&#39;,</strong></span> <span class='ocrx_word' id='word_1_117' title='bbox 708 1841 766 1881; x_wconf 88' lang='lat' dir='ltr'><strong>ut</strong></span> <span class='ocrx_word' id='word_1_118' title='bbox 796 1847 905 1881; x_wconf 88' lang='lat' dir='ltr'><strong>non</strong></span> <span class='ocrx_word' id='word_1_119' title='bbox 936 1829 1163 1886; x_wconf 82' lang='lat' dir='ltr'><strong>multum</strong></span> <span class='ocrx_word' id='word_1_120' title='bbox 1202 1828 1513 1881; x_wconf 80' lang='lat' dir='ltr'><strong>auctoritate</strong></span> <span class='ocrx_word' id='word_1_121' title='bbox 1681 1831 1732 1883; x_wconf 86' lang='lat'><strong>5.</strong></span> <span class='ocrx_word' id='word_1_122' title='bbox 1765 1831 2080 1880; x_wconf 74' lang='lat' dir='ltr'><strong>Reddendum</strong></span> <span class='ocrx_word' id='word_1_123' title='bbox 2115 1847 2240 1878; x_wconf 82' lang='lat' dir='ltr'><strong>eum.</strong></span> <span class='ocrx_word' id='word_1_124' title='bbox 2273 1825 2358 1880; x_wconf 79' lang='lat' dir='ltr'><strong>sic</strong></span> <span class='ocrx_word' id='word_1_125' title='bbox 2391 1837 2538 1879; x_wconf 85' lang='lat' dir='ltr'><strong>recte</strong></span> <span class='ocrx_word' id='word_1_126' title='bbox 2569 1843 2630 1877; x_wconf 86' lang='lat' dir='ltr'><strong>ex</strong></span> 
     </span>
     <span class='ocr_line' id='line_1_15' title="bbox 498 1905 2630 1980; baseline -0.002 -19"><span class='ocrx_word' id='word_1_127' title='bbox 498 1927 633 1980; x_wconf 74' lang='lat' dir='ltr'><strong>opus</strong></span> <span class='ocrx_word' id='word_1_128' title='bbox 650 1909 717 1962; x_wconf 72' lang='lat' dir='ltr'><strong>sit</strong></span> <span class='ocrx_word' id='word_1_129' title='bbox 732 1947 747 1975; x_wconf 90' lang='lat'>,</span> <span class='ocrx_word' id='word_1_130' title='bbox 768 1907 811 1960; x_wconf 78' lang='lat' dir='ltr'><strong>si</strong></span> <span class='ocrx_word' id='word_1_131' title='bbox 830 1908 1055 1963; x_wconf 77' lang='lat' dir='ltr'><strong>alterum</strong></span> <span class='ocrx_word' id='word_1_132' title='bbox 1078 1926 1177 1979; x_wconf 82' lang='lat' dir='ltr'><strong>pro</strong></span> <span class='ocrx_word' id='word_1_133' title='bbox 1196 1908 1363 1961; x_wconf 80' lang='lat' dir='ltr'><strong>altero</strong></span> <span class='ocrx_word' id='word_1_134' title='bbox 1380 1906 1513 1960; x_wconf 78' lang='lat' dir='ltr'><strong>velis</strong></span> <span class='ocrx_word' id='word_1_135' title='bbox 1607 1907 1820 1980; x_wconf 77' lang='lat' dir='ltr'><strong>optimis</strong></span> <span class='ocrx_word' id='word_1_136' title='bbox 1839 1907 1990 1960; x_wconf 71' lang='lat' dir='ltr'><strong>libris</strong></span> <span class='ocrx_word' id='word_1_137' title='bbox 2007 1907 2304 1960; x_wconf 75' lang='lat' dir='ltr'><strong>restitutum</strong></span> <span class='ocrx_word' id='word_1_138' title='bbox 2319 1943 2334 1968; x_wconf 89' lang='lat'><strong>,</strong></span> <span class='ocrx_word' id='word_1_139' title='bbox 2357 1905 2630 1974; x_wconf 65' lang='grc' dir='ltr'><strong>αωίιοιτῇ</strong></span> 
     </span>
     <span class='ocr_line' id='line_1_16' title="bbox 498 1985 2630 2062; baseline -0.001 -22"><span class='ocrx_word' id='word_1_140' title='bbox 498 2007 774 2062; x_wconf 83' lang='lat' dir='ltr'><strong>reponere.</strong></span> <span class='ocrx_word' id='word_1_141' title='bbox 812 1988 877 2040; x_wconf 87' lang='lat' dir='ltr'><strong>Et</strong></span> <span class='ocrx_word' id='word_1_142' title='bbox 908 2000 1030 2040; x_wconf 86' lang='lat' dir='ltr'><strong>sunt</strong></span> <span class='ocrx_word' id='word_1_143' title='bbox 1062 2000 1238 2041; x_wconf 85' lang='lat' dir='ltr'><strong>tamen</strong></span> <span class='ocrx_word' id='word_1_144' title='bbox 1268 1986 1358 2040; x_wconf 88' lang='lat' dir='ltr'><strong>hic</strong></span> <span class='ocrx_word' id='word_1_145' title='bbox 1372 2028 1387 2054; x_wconf 90' lang='lat'><strong>,</strong></span> <span class='ocrx_word' id='word_1_146' title='bbox 1422 1986 1512 2060; x_wconf 88' lang='lat' dir='ltr'><strong>qui</strong></span> <span class='ocrx_word' id='word_1_147' title='bbox 1613 2008 1680 2040; x_wconf 76' lang='lat' dir='ltr'><strong>an</strong></span> <span class='ocrx_word' id='word_1_148' title='bbox 1707 2000 1831 2040; x_wconf 87' lang='lat' dir='ltr'><strong>ante</strong></span> <span class='ocrx_word' id='word_1_149' title='bbox 1857 1989 2156 2039; x_wconf 77' lang='lat' dir='ltr'><strong>reddendmn</strong></span> <span class='ocrx_word' id='word_1_150' title='bbox 2175 2007 2196 2037; x_wconf 95' lang='lat'><strong>.·</strong></span> <span class='ocrx_word' id='word_1_151' title='bbox 2219 2003 2336 2057; x_wconf 78' lang='lat' dir='ltr'><strong>quae</strong></span> <span class='ocrx_word' id='word_1_152' title='bbox 2373 1985 2630 2056; x_wconf 79' lang='lat' dir='ltr'><strong>particula</strong></span> 
     </span>
     <span class='ocr_line' id='line_1_17' title="bbox 496 2063 2629 2140; baseline -0.001 -22"><span class='ocrx_word' id='word_1_153' title='bbox 496 2070 597 2129; x_wconf 75' lang='lat' dir='ltr'><strong>his,</strong></span> <span class='ocrx_word' id='word_1_154' title='bbox 620 2085 727 2120; x_wconf 85' lang='lat' dir='ltr'><strong>non</strong></span> <span class='ocrx_word' id='word_1_155' title='bbox 749 2071 832 2129; x_wconf 77' lang='lat' dir='ltr'><strong>iis,</strong></span> <span class='ocrx_word' id='word_1_156' title='bbox 860 2080 1171 2138; x_wconf 73' lang='lat' dir='ltr'><strong>agnoscunt.</strong></span> <span class='ocrx_word' id='word_1_157' title='bbox 1195 2065 1264 2119; x_wconf 89' lang='lat' dir='ltr'><strong>G.</strong></span> <span class='ocrx_word' id='word_1_158' title='bbox 1287 2099 1291 2104; x_wconf 95' lang='lat'><em>-</em></span> <span class='ocrx_word' id='word_1_159' title='bbox 1611 2067 1768 2120; x_wconf 83' lang='lat' dir='ltr'><strong>etiam</strong></span> <span class='ocrx_word' id='word_1_160' title='bbox 1782 2064 2151 2140; x_wconf 82' lang='lat' dir='ltr'><strong>expungenda,</strong></span> <span class='ocrx_word' id='word_1_161' title='bbox 2165 2077 2414 2117; x_wconf 82' lang='lat' dir='ltr'><strong>monente</strong></span> <span class='ocrx_word' id='word_1_162' title='bbox 2426 2063 2629 2125; x_wconf 79' lang='lat' dir='ltr'><strong>Cottio,</strong></span> 
     </span>
    </p>

    <p class='ocr_par' dir='ltr' id='par_1_5' title="bbox 494 2141 2633 2439">
     <span class='ocr_line' id='line_1_18' title="bbox 567 2141 2630 2218; baseline -0.002 -18"><span class='ocrx_word' id='word_1_163' title='bbox 567 2144 1067 2217; x_wconf 67' lang='lat' dir='ltr'><strong>4.Aeta.Quidquid</strong></span> <span class='ocrx_word' id='word_1_164' title='bbox 1082 2145 1411 2217; x_wconf 81' lang='lat' dir='ltr'><strong>magistratus</strong></span> <span class='ocrx_word' id='word_1_165' title='bbox 1422 2145 1518 2198; x_wconf 63' lang='lat' dir='ltr'><strong>hli-</strong></span> <span class='ocrx_word' id='word_1_166' title='bbox 1611 2147 1784 2200; x_wconf 70' lang='lat' dir='ltr'><strong>fuerat</strong></span> <span class='ocrx_word' id='word_1_167' title='bbox 1815 2164 1975 2218; x_wconf 71' lang='lat' dir='ltr'><strong>supra</strong></span> <span class='ocrx_word' id='word_1_168' title='bbox 1995 2145 2076 2197; x_wconf 85' lang='lat' dir='ltr'><strong>Vl·</strong></span> <span class='ocrx_word' id='word_1_169' title='bbox 2091 2185 2106 2210; x_wconf 90' lang='lat'>,</span> <span class='ocrx_word' id='word_1_170' title='bbox 2137 2145 2224 2208; x_wconf 78' lang='lat'><strong>16,</strong></span> <span class='ocrx_word' id='word_1_171' title='bbox 2253 2141 2339 2206; x_wconf 77' lang='lat'><strong>15,</strong></span> <span class='ocrx_word' id='word_1_172' title='bbox 2373 2143 2470 2196; x_wconf 69' lang='lat' dir='ltr'><strong>uhi</strong></span> <span class='ocrx_word' id='word_1_173' title='bbox 2505 2142 2630 2196; x_wconf 82' lang='lat' dir='ltr'><strong>dor·</strong></span> 
     </span>
     <span class='ocr_line' id='line_1_19' title="bbox 494 2223 2633 2298; baseline -0.002 -18"><span class='ocrx_word' id='word_1_174' title='bbox 494 2226 613 2298; x_wconf 80' lang='lat' dir='ltr'><strong>quis</strong></span> <span class='ocrx_word' id='word_1_175' title='bbox 636 2226 847 2296; x_wconf 84' lang='lat' dir='ltr'><strong>publice</strong></span> <span class='ocrx_word' id='word_1_176' title='bbox 877 2225 1101 2279; x_wconf 74' lang='lat' dir='ltr'><strong>instituit</strong></span> <span class='ocrx_word' id='word_1_177' title='bbox 1129 2226 1374 2298; x_wconf 79' lang='lat' dir='ltr'><strong>fecitque.</strong></span> <span class='ocrx_word' id='word_1_178' title='bbox 1408 2225 1511 2277; x_wconf 69' lang='lat' dir='ltr'><strong>En.</strong></span> <span class='ocrx_word' id='word_1_179' title='bbox 1609 2226 1932 2281; x_wconf 68' lang='lat' dir='ltr'><strong>minvimus.</strong></span> <span class='ocrx_word' id='word_1_180' title='bbox 1951 2225 2020 2278; x_wconf 88' lang='lat' dir='ltr'><strong>G.</strong></span> <span class='ocrx_word' id='word_1_181' title='bbox 2032 2255 2102 2266; x_wconf 90' lang='lat'><strong>--</strong></span> <span class='ocrx_word' id='word_1_182' title='bbox 2115 2230 2372 2276; x_wconf 72' lang='lat' dir='ltr'><strong>Decretum</strong></span> <span class='ocrx_word' id='word_1_183' title='bbox 2387 2243 2502 2296; x_wconf 77' lang='lat' dir='ltr'><strong>quo</strong></span> <span class='ocrx_word' id='word_1_184' title='bbox 2515 2223 2633 2295; x_wconf 71' lang='lat' dir='ltr'><strong>quin</strong></span> 
     </span>
     <span class='ocr_line' id='line_1_20' title="bbox 494 2302 2632 2375; baseline -0 -19"><span class='ocrx_word' id='word_1_185' title='bbox 494 2308 921 2373; x_wconf 78' lang='lat' dir='ltr'><strong>-Docm‘ssetque</strong></span> <span class='ocrx_word' id='word_1_186' title='bbox 932 2309 1287 2373; x_wconf 77' lang='lat' dir='ltr'><strong>proconsulem.</strong></span> <span class='ocrx_word' id='word_1_187' title='bbox 1308 2305 1519 2359; x_wconf 77' lang='lat' dir='ltr'><strong>Succes·</strong></span> <span class='ocrx_word' id='word_1_188' title='bbox 1613 2305 2033 2369; x_wconf 61' lang='lat' dir='ltr'><strong>condemnatum</strong></span> <span class='ocrx_word' id='word_1_189' title='bbox 2087 2305 2300 2356; x_wconf 76' lang='lat' dir='ltr'><strong>edictum</strong></span> <span class='ocrx_word' id='word_1_190' title='bbox 2335 2321 2446 2375; x_wconf 86' lang='lat' dir='ltr'><strong>quo</strong></span> <span class='ocrx_word' id='word_1_191' title='bbox 2479 2302 2632 2357; x_wconf 79' lang='lat' dir='ltr'><strong>resti-</strong></span> 
     </span>
     <span class='ocr_line' id='line_1_21' title="bbox 494 2384 1923 2439; baseline 0 -2"><span class='ocrx_word' id='word_1_192' title='bbox 494 2402 665 2437; x_wconf 82' lang='lat' dir='ltr'><strong>sorem</strong></span> <span class='ocrx_word' id='word_1_193' title='bbox 679 2384 845 2437; x_wconf 76' lang='lat' dir='ltr'><strong>Bassi.</strong></span> <span class='ocrx_word' id='word_1_194' title='bbox 860 2390 1044 2435; x_wconf 78' lang='lat' dir='ltr'><strong>Docere</strong></span> <span class='ocrx_word' id='word_1_195' title='bbox 1054 2384 1143 2437; x_wconf 83' lang='lat' dir='ltr'><strong>hie</strong></span> <span class='ocrx_word' id='word_1_196' title='bbox 1154 2404 1269 2439; x_wconf 82' lang='lat' dir='ltr'><strong>eam</strong></span> <span class='ocrx_word' id='word_1_197' title='bbox 1286 2386 1395 2439; x_wconf 78' lang='lat' dir='ltr'><strong>sere</strong></span> <span class='ocrx_word' id='word_1_198' title='bbox 1411 2385 1518 2439; x_wconf 85' lang='lat' dir='ltr'><strong>vim</strong></span> <span class='ocrx_word' id='word_1_199' title='bbox 1613 2386 1798 2439; x_wconf 82' lang='lat' dir='ltr'><strong>tuitur.</strong></span> <span class='ocrx_word' id='word_1_200' title='bbox 1821 2384 1923 2438; x_wconf 84' lang='lat' dir='ltr'><strong>En.</strong></span> 
     </span>
    </p>
   </div>
   <div class='ocr_carea' id='block_1_5' title="bbox 2267 2596 2638 2619">
    <p class='ocr_par' dir='ltr' id='par_1_6' title="bbox 2267 2596 2638 2619">
     <span class='ocr_line' id='line_1_22' title="bbox 2267 2596 2638 2619; baseline -0.003 0"><span class='ocrx_word' id='word_1_201' title='bbox 2267 2596 2638 2619; x_wconf 56' lang='lat' dir='ltr'><strong>mmmm</strong></span> 
     </span>
    </p>
   </div>
   <div class='ocr_carea' id='block_1_6' title="bbox 1901 2598 2265 2621">
    <p class='ocr_par' dir='ltr' id='par_1_7' title="bbox 1901 2598 2265 2621">
     <span class='ocr_line' id='line_1_23' title="bbox 1901 2598 2265 2621; baseline 0 2069"><span class='ocrx_word' id='word_1_202' title='bbox 1901 2598 2265 2621; x_wconf 95' lang='lat' dir='ltr'><strong> </strong></span> 
     </span>
    </p>
   </div>
   <div class='ocr_carea' id='block_1_7' title="bbox 494 2597 1900 2623">
    <p class='ocr_par' dir='ltr' id='par_1_8' title="bbox 494 2597 1900 2623">
     <span class='ocr_line' id='line_1_24' title="bbox 494 2597 1900 2623; baseline 0.001 -4"><span class='ocrx_word' id='word_1_203' title='bbox 494 2597 1900 2623; x_wconf 56' lang='lat' dir='ltr'><strong>musmmmwummsmmffl</strong></span> 
     </span>
    </p>
   </div>
   <div class='ocr_carea' id='block_1_8' title="bbox 1208 2784 1929 2944">
    <p class='ocr_par' dir='ltr' id='par_1_9' title="bbox 1208 2784 1929 2944">
     <span class='ocr_line' id='line_1_25' title="bbox 1208 2784 1929 2944; baseline -0.003 -33"><span class='ocrx_word' id='word_1_204' title='bbox 1208 2824 1488 2912; x_wconf 82' lang='lat' dir='ltr'><strong>LXV.</strong></span> <span class='ocrx_word' id='word_1_205' title='bbox 1567 2784 1929 2944; x_wconf 74' lang='lat' dir='ltr'>(Lv‘11&#39;1)</span> 
     </span>
    </p>
   </div>
   <div class='ocr_carea' id='block_1_9' title="bbox 1107 3112 2018 3168">
    <p class='ocr_par' dir='ltr' id='par_1_10' title="bbox 1107 3112 2018 3168">
     <span class='ocr_line' id='line_1_26' title="bbox 1107 3112 2018 3168; baseline -0.003 -2"><span class='ocrx_word' id='word_1_206' title='bbox 1107 3120 1552 3168; x_wconf 71' lang='lat' dir='ltr'><strong>TRAJANUS</strong></span> <span class='ocrx_word' id='word_1_207' title='bbox 1603 3112 1911 3162; x_wconf 78' lang='lat' dir='ltr'>PLINIO</span> <span class='ocrx_word' id='word_1_208' title='bbox 1963 3116 2018 3159; x_wconf 86' lang='lat' dir='ltr'><strong>S·</strong></span> 
     </span>
    </p>
   </div>
   <div class='ocr_carea' id='block_1_10' title="bbox 441 3326 2642 4201">
    <p class='ocr_par' dir='ltr' id='par_1_11' title="bbox 502 3326 2640 3757">
     <span class='ocr_line' id='line_1_27' title="bbox 600 3326 2636 3428; baseline -0.007 -21"><span class='ocrx_word' id='word_1_209' title='bbox 600 3340 794 3425; x_wconf 83' lang='lat' dir='ltr'><strong>Qum</strong></span> <span class='ocrx_word' id='word_1_210' title='bbox 830 3336 897 3402; x_wconf 92' lang='lat' dir='ltr'><strong>in</strong></span> <span class='ocrx_word' id='word_1_211' title='bbox 923 3356 1277 3428; x_wconf 88' lang='lat' dir='ltr'><strong>personam</strong></span> <span class='ocrx_word' id='word_1_212' title='bbox 1311 3356 1543 3403; x_wconf 89' lang='lat' dir='ltr'><strong>eorum</strong></span> <span class='ocrx_word' id='word_1_213' title='bbox 1573 3328 1998 3401; x_wconf 84' lang='lat' dir='ltr'><strong>statuendum</strong></span> <span class='ocrx_word' id='word_1_214' title='bbox 2027 3331 2145 3414; x_wconf 86' lang='lat' dir='ltr'><strong>sit,</strong></span> <span class='ocrx_word' id='word_1_215' title='bbox 2181 3329 2296 3421; x_wconf 90' lang='lat' dir='ltr'><strong>qui</strong></span> <span class='ocrx_word' id='word_1_216' title='bbox 2326 3350 2363 3393; x_wconf 88' lang='lat' dir='ltr'><strong>a</strong></span> <span class='ocrx_word' id='word_1_217' title='bbox 2391 3326 2636 3395; x_wconf 86' lang='lat' dir='ltr'><strong>Publio</strong></span> 
     </span>
     <span class='ocr_line' id='line_1_28' title="bbox 502 3436 2638 3538; baseline -0.007 -22"><span class='ocrx_word' id='word_1_218' title='bbox 502 3445 781 3516; x_wconf 83' lang='lat' dir='ltr'><strong>Servilio</strong></span> <span class='ocrx_word' id='word_1_219' title='bbox 821 3442 1029 3516; x_wconf 91' lang='lat' dir='ltr'><strong>Calvo</strong></span> <span class='ocrx_word' id='word_1_220' title='bbox 1071 3440 1472 3538; x_wconf 90' lang='lat' dir='ltr'><strong>proconsule</strong></span> <span class='ocrx_word' id='word_1_221' title='bbox 1515 3440 1586 3509; x_wconf 89' lang='lat' dir='ltr'><strong>in</strong></span> <span class='ocrx_word' id='word_1_222' title='bbox 1619 3440 1986 3510; x_wconf 84' lang='lat' dir='ltr'><strong>triennium</strong></span> <span class='ocrx_word' id='word_1_223' title='bbox 2023 3436 2331 3530; x_wconf 82' lang='lat' dir='ltr'><strong>relegati,</strong></span> <span class='ocrx_word' id='word_1_224' title='bbox 2371 3450 2439 3502; x_wconf 90' lang='lat' dir='ltr'><strong>et</strong></span> <span class='ocrx_word' id='word_1_225' title='bbox 2480 3457 2638 3502; x_wconf 79' lang='lat' dir='ltr'><strong>mox</strong></span> 
     </span>
     <span class='ocr_line' id='line_1_29' title="bbox 502 3551 2638 3649; baseline -0.006 -25"><span class='ocrx_word' id='word_1_226' title='bbox 502 3554 793 3649; x_wconf 88' lang='lat' dir='ltr'><strong>ejusdem</strong></span> <span class='ocrx_word' id='word_1_227' title='bbox 828 3553 1045 3623; x_wconf 88' lang='lat' dir='ltr'><strong>edicto</strong></span> <span class='ocrx_word' id='word_1_228' title='bbox 1088 3553 1379 3622; x_wconf 85' lang='lat' dir='ltr'><strong>restituti</strong></span> <span class='ocrx_word' id='word_1_229' title='bbox 1426 3551 1498 3619; x_wconf 89' lang='lat' dir='ltr'><strong>in</strong></span> <span class='ocrx_word' id='word_1_230' title='bbox 1538 3551 1882 3645; x_wconf 84' lang='lat' dir='ltr'><strong>provincia</strong></span> <span class='ocrx_word' id='word_1_231' title='bbox 1919 3560 2384 3617; x_wconf 86' lang='lat' dir='ltr'><strong>remanserunt</strong></span> <span class='ocrx_word' id='word_1_232' title='bbox 2405 3596 2427 3631; x_wconf 90' lang='lat'><strong>,</strong></span> <span class='ocrx_word' id='word_1_233' title='bbox 2475 3566 2638 3639; x_wconf 90' lang='lat' dir='ltr'><strong>pro-</strong></span> 
     </span>
     <span class='ocr_line' id='line_1_30' title="bbox 504 3653 2640 3757; baseline -0.007 -23"><span class='ocrx_word' id='word_1_234' title='bbox 504 3668 680 3734; x_wconf 83' lang='lat' dir='ltr'><strong>xime</strong></span> <span class='ocrx_word' id='word_1_235' title='bbox 732 3666 854 3734; x_wconf 87' lang='lat' dir='ltr'><strong>tibi</strong></span> <span class='ocrx_word' id='word_1_236' title='bbox 910 3665 1309 3749; x_wconf 85' lang='lat' dir='ltr'><strong>rescribam,</strong></span> <span class='ocrx_word' id='word_1_237' title='bbox 1344 3686 1556 3757; x_wconf 90' lang='lat' dir='ltr'><strong>quum</strong></span> <span class='ocrx_word' id='word_1_238' title='bbox 1596 3684 1861 3730; x_wconf 89' lang='lat' dir='ltr'><strong>caussas</strong></span> <span class='ocrx_word' id='word_1_239' title='bbox 1901 3658 2102 3752; x_wconf 87' lang='lat' dir='ltr'><strong>hujus</strong></span> <span class='ocrx_word' id='word_1_240' title='bbox 2140 3654 2295 3724; x_wconf 89' lang='lat' dir='ltr'><strong>facti</strong></span> <span class='ocrx_word' id='word_1_241' title='bbox 2341 3680 2381 3723; x_wconf 91' lang='lat' dir='ltr'><strong>a</strong></span> <span class='ocrx_word' id='word_1_242' title='bbox 2429 3653 2640 3723; x_wconf 82' lang='lat' dir='ltr'><strong>Calvo</strong></span> 
     </span>
    </p>

    <p class='ocr_par' dir='ltr' id='par_1_12' title="bbox 441 3764 2642 4201">
     <span class='ocr_line' id='line_1_31' title="bbox 441 3764 2642 3869; baseline -0.007 -24"><span class='ocrx_word' id='word_1_243' title='bbox 441 3811 471 3845; x_wconf 63' lang='grc' dir='ltr'><em>η</em></span> <span class='ocrx_word' id='word_1_244' title='bbox 506 3776 887 3869; x_wconf 89' lang='lat' dir='ltr'><strong>requisiero.</strong></span> <span class='ocrx_word' id='word_1_245' title='bbox 926 3776 1067 3864; x_wconf 90' lang='lat' dir='ltr'><strong>Qui</strong></span> <span class='ocrx_word' id='word_1_246' title='bbox 1102 3800 1141 3845; x_wconf 92' lang='lat' dir='ltr'><strong>a</strong></span> <span class='ocrx_word' id='word_1_247' title='bbox 1166 3778 1203 3843; x_wconf 86' lang='lat' dir='ltr'>J</span> <span class='ocrx_word' id='word_1_248' title='bbox 1210 3774 1345 3843; x_wconf 86' lang='lat' dir='ltr'><strong>ulio</strong></span> <span class='ocrx_word' id='word_1_249' title='bbox 1374 3777 1576 3841; x_wconf 88' lang='lat' dir='ltr'><strong>Basso</strong></span> <span class='ocrx_word' id='word_1_250' title='bbox 1614 3772 1684 3839; x_wconf 89' lang='lat' dir='ltr'><strong>in</strong></span> <span class='ocrx_word' id='word_1_251' title='bbox 1713 3782 2110 3864; x_wconf 87' lang='lat' dir='ltr'><strong>perpetuum</strong></span> <span class='ocrx_word' id='word_1_252' title='bbox 2133 3764 2466 3859; x_wconf 84' lang='lat' dir='ltr'><strong>relegatus</strong></span> <span class='ocrx_word' id='word_1_253' title='bbox 2501 3778 2642 3849; x_wconf 88' lang='lat' dir='ltr'><strong>est,</strong></span> 
     </span>
     <span class='ocr_line' id='line_1_32' title="bbox 506 3874 2638 3981; baseline -0.007 -26"><span class='ocrx_word' id='word_1_254' title='bbox 506 3910 715 3981; x_wconf 91' lang='lat' dir='ltr'><strong>quum</strong></span> <span class='ocrx_word' id='word_1_255' title='bbox 751 3910 871 3979; x_wconf 92' lang='lat' dir='ltr'><strong>per</strong></span> <span class='ocrx_word' id='word_1_256' title='bbox 908 3886 1253 3955; x_wconf 89' lang='lat' dir='ltr'><strong>biennium</strong></span> <span class='ocrx_word' id='word_1_257' title='bbox 1298 3882 1539 3979; x_wconf 87' lang='lat' dir='ltr'><strong>agendi</strong></span> <span class='ocrx_word' id='word_1_258' title='bbox 1587 3878 1971 3950; x_wconf 80' lang='lat' dir='ltr'><strong>facultatem</strong></span> <span class='ocrx_word' id='word_1_259' title='bbox 2005 3877 2351 3961; x_wconf 86' lang='lat' dir='ltr'><strong>habuerit,</strong></span> <span class='ocrx_word' id='word_1_260' title='bbox 2393 3876 2444 3943; x_wconf 89' lang='lat' dir='ltr'><strong>si</strong></span> <span class='ocrx_word' id='word_1_261' title='bbox 2495 3874 2638 3942; x_wconf 82' lang='lat' dir='ltr'><strong>exi-</strong></span> 
     </span>
     <span class='ocr_line' id='line_1_33' title="bbox 509 3984 2638 4090; baseline -0.008 -23"><span class='ocrx_word' id='word_1_262' title='bbox 509 3997 821 4067; x_wconf 87' lang='lat' dir='ltr'><strong>stimabat</strong></span> <span class='ocrx_word' id='word_1_263' title='bbox 856 4020 923 4064; x_wconf 88' lang='lat' dir='ltr'><strong>se</strong></span> <span class='ocrx_word' id='word_1_264' title='bbox 960 3995 1205 4090; x_wconf 87' lang='lat' dir='ltr'><strong>injuria</strong></span> <span class='ocrx_word' id='word_1_265' title='bbox 1242 3994 1644 4090; x_wconf 83' lang='lat' dir='ltr'><strong>relegatum,</strong></span> <span class='ocrx_word' id='word_1_266' title='bbox 1672 4016 1887 4087; x_wconf 88' lang='lat' dir='ltr'><strong>neque</strong></span> <span class='ocrx_word' id='word_1_267' title='bbox 1919 3991 1988 4059; x_wconf 90' lang='lat' dir='ltr'><strong>id</strong></span> <span class='ocrx_word' id='word_1_268' title='bbox 2028 3988 2290 4072; x_wconf 83' lang='lat' dir='ltr'><strong>fecerit,</strong></span> <span class='ocrx_word' id='word_1_269' title='bbox 2326 4000 2530 4080; x_wconf 86' lang='lat' dir='ltr'><strong>atque</strong></span> <span class='ocrx_word' id='word_1_270' title='bbox 2570 3984 2638 4052; x_wconf 90' lang='lat' dir='ltr'><strong>in</strong></span> 
     </span>
     <span class='ocr_line' id='line_1_34' title="bbox 509 4094 2638 4201; baseline -0.007 -25"><span class='ocrx_word' id='word_1_271' title='bbox 509 4108 845 4201; x_wconf 83' lang='lat' dir='ltr'><strong>provincia</strong></span> <span class='ocrx_word' id='word_1_272' title='bbox 870 4108 1113 4174; x_wconf 84' lang='lat' dir='ltr'><strong>morari</strong></span> <span class='ocrx_word' id='word_1_273' title='bbox 1148 4104 1683 4199; x_wconf 59' lang='lat' dir='ltr'><strong>perseveraverit,</strong></span> <span class='ocrx_word' id='word_1_274' title='bbox 1699 4104 1962 4171; x_wconf 84' lang='lat' dir='ltr'><strong>vinctus</strong></span> <span class='ocrx_word' id='word_1_275' title='bbox 1985 4101 2160 4169; x_wconf 86' lang='lat' dir='ltr'><strong>mitti</strong></span> <span class='ocrx_word' id='word_1_276' title='bbox 2187 4097 2269 4167; x_wconf 89' lang='lat' dir='ltr'><strong>ad</strong></span> <span class='ocrx_word' id='word_1_277' title='bbox 2295 4094 2638 4190; x_wconf 69' lang='lat' dir='ltr'><strong>praefectos</strong></span> 
     </span>
    </p>
   </div>
  </div>
 </body>
</html>
