2857 4690
904 395 1039 461 DE
1096 395 1171 460 C.
1230 393 1631 462 PLINIO.
2185 395 2322 481 431

314 527 537 598 1601.
581 529 901 610 Parisiis,
961 549 1069 593 ια.
1110 523 1367 592 Claudii
1397 529 1656 593 Minois
1688 527 1770 593 11.

312 659 337 702 ι
356 633 536 720 604.
584 635 1025 726 Antverpioe,
1092 634 1158 716 4.
1209 633 1389 698 Iusti
1435 635 1660 725 Lipsii
1710 634 2336 703 Dissertatiuneala

190 740 399 836 apud
432 743 833 834 Pn‘nczpes:
865 743 1023 806 item
1074 739 1142 808 C.
1183 739 1395 805 Plinii
1431 740 1900 831 Panegyricus
1939 737 2109 808 libet·
2160 743 2239 809 Τι
2241 765 2333 809 ·-a

171 848 365 938 jano
404 846 665 930 diem-5,
703 869 853 913 cum
886 843 1182 935 eficsdeni
1218 845 1440 940 LzPsii
1451 861 1791 939 perpetuo
1831 851 2332 916 commentario.

194 951 441 1022 Editio
472 951 816 1036 secwzda‚
862 965 1075 1018 aucta
1116 965 1191 1018 et
1224 949 1608 1019 emendata.
1637 953 2069 1046 Antverpe'oe,
2112 976 2204 1021 ex
2234 953 2340 1045 <ff

180 1061 415 1150 βάτια
453 1060 911 1128 Flaminiana
924 1109 947 1142 ,
987 1055 1185 1151 apud
1204 1058 1540 1125 Ioannem
1578 1060 1943 1126 Mor-etum.

318 1162 539 1250 1604.
570 1163 829 1234 Insulae
844 1215 867 1250 ,
902 1164 969 1248 4.
991 1163 1192 1232 Conr.
1226 1161 1658 1232 Ritterskmii
1686 1161 1972 1257 reliquiae
1997 1165 2331 1258 conjectu·

197 1293 427 1339 rarum
470 1272 539 1338 in
574 1270 1011 1364 Panegyricos
1044 1281 1315 1338 veteres,
1354 1268 1458 1337 Ad
1496 1268 1740 1338 calcem
1781 1271 2332 1363 paraeneticorum

200 1390 507 1464 veterum
546 1375 864 1445 Goldasti.

321 1480 540 1568 1604.
564 1485 780 1550 Henr.
807 1479 1174 1575 Stephani,
1224 1504 1332 1549 12.
1380 1481 1458 1550 C.
1503 1479 1694 1552 Plinii
1738 1483 1880 1552 Sec.
1918 1485 2087 1577 Epp.
2130 1484 2335 1577 ejusd.

202 1602 272 1656 et
304 1589 575 1682 Trajani
611 1587 941 1656 amoebeae.
985 1585 1210 1680 Ejusd.
1252 1585 1442 1655 Plinii
1484 1601 1550 1655 et
1583 1588 1804 1656 Pacati
1833 1639 1852 1670 ,
1904 1589 2281 1659 Mamertini
2315 1645 2336 1676 ,

202 1694 468 1762 Nazarii
504 1694 789 1788 Panegg.
834 1694 907 1761 it.
947 1691 1292 1761 Claudiani
1346 1695 1584 1787 Paneg.
1624 1692 1768 1786 Adj.
1803 1695 1892 1762 Is.
1944 1697 2342 1767 Casauboni

204 1815 401 1869 notae.
427 1799 623 1868 Conf.
655 1797 866 1868 Catal.
894 1796 1058 1867 Bibl.
1102 1796 1506 1868 Uffenbach.
1541 1813 1700 1867 torn.
1731 1802 1799 1880 Ι,
1839 1824 1982 1894 pag.
2017 1800 2180 1896 670.

328 1903 533 1976 1605.
566 1909 887 1988 Panisiis,
934 1906 1001 1989 4.
1041 1904 1348 1972 Eumenii
1390 1903 1671 1973 rhetoris
1722 1907 1936 1974 oratio
1981 1906 2205 1976 habita
2249 1909 2332 1977 ad

206 2014 292 2081 V.
330 2013 401 2080 P.
445 2011 797 2082 Praesidem
845 2007 1075 2081 Galliae
1126 2035 1251 2104 pro
1286 2010 1611 2078 Meuianis
1661 2010 2138 2101 Flaviensium,
2196 2015 2337 2082 sive

210 2117 903 2211 Augustodunensium
923 2171 942 2202 ,
964 2114 1203 2185 scholis
1240 2117 1700 2185 instaurandis,
1739 2119 1941 2185 Paris,
1973 2143 2078 2213 ap.
2107 2121 2334 2215 steph.

209 2227 644 2292 Prevosteau.
683 2223 835 2292 vid.
882 2227 1029 2294 Cat.
1063 2222 1151 2292 de
1182 2223 1259 2290 la
1297 2221 1472 2292 Bibl.
1509 2222 1604 2292 da
1634 2226 1711 2292 R.
1739 2225 1904 2292 Bell.
1939 2227 2144 2294 Letctz
2173 2241 2334 2296 tom.

212 2330 278 2417 Ι,
320 2354 468 2425 pag.
494 2325 693 2416 125,
735 2344 803 2400 et
832 2329 1263 2423 Hamberger.
1302 2342 1462 2398 tom.
1503 2329 1616 2415 Π,
1645 2354 1794 2425 pag.
1837 2327 2016 2418 664.

332 2460 357 2505 1
374 2434 548 2531 607.
585 2436 1037 2527 Francofwti
1048 2488 1069 2523 ,
1122 2459 1149 2504 1
1168 2460 1231 2504 α.
1271 2440 1686 2530 Ραηεὲφτιᾱ·
1713 2452 2012 2521 veteres,
2048 2438 2154 2509 ad
2173 2445 2342 2509 anti-

210 2566 423 2637 quam
486 2566 631 2636 qua
673 2542 1032 2613 editionem
1055 2596 1078 2628 ,
1138 2566 1282 2637 qua
1328 2548 1734 2638 scripturam
1754 2598 1775 2629 ,
1831 2546 2113 2639 infinitis
2176 2548 2345 2616 locis

212 2648 585 2737 emendati,
627 2656 857 2743 aucti:
900 2672 1118 2744 nuper
1140 2648 1409 2743 quidem
1439 2673 1572 2744 ope
1607 2651 1754 2719 Joh.
1797 2654 2121 2737 Livinez‘i3
2163 2678 2345 2723 nunc

212 2780 381 2825 vero
407 2779 624 2849 opera
649 2760 817 2824 lani
833 2758 1108 2823 Gruteri
1118 2780 1141 2821 .·
1150 2770 1420 2851 praeter
1437 2780 1720 2849 quorum
1753 2760 1986 2825 Notas
2011 2760 2345 2829 acceduszt

213 2866 423 2930 etiam
437 2863 846 2954 conjectum?
858 2862 1175 2930 Valentis
1183 2863 1261 2931 A
1260 2861 1500 2929 cidalii
1509 2877 1580 2930 et
1595 2863 2342 2934 Conradfflmemlzum:

218 2969 556 3056 Francqfi
568 3008 670 3020 -
688 2970 847 3037 Haec
891 2966 1090 3035 editio
1133 2965 1413 3034 debetur
1449 2968 1742 3036 Grutero
1765 3020 1785 3052 ‚
1826 2970 1940 3061 qui
1975 2992 2121 3037 eam
2163 2968 2341 3039 dedi-

218 3074 399 3143 cavit
439 3076 542 3142 Jo.
582 3071 966 3167 Christoph.
1026 3074 1221 3142 Grun
1264 3072 1334 3139 in
1374 3072 1758 3169 Weirsberg
1786 3125 1806 3158 ‚
1845 3075 1980 3142 Ser.
2029 3074 2349 3144 Electoris

224 3177 497 3249 Palatini
535 3178 616 3247 ad
654 3178 963 3249 Rhenum·
1006 3176 1444 3247 cancellario:
1477 3178 1544 3247 in
1574 3202 1704 3272 qua
1746 3204 1909 3248 vero
1944 3177 2352 3250 dedicatione

222 3310 359 3355 non
398 3286 683 3371 indicat,
734 3299 973 3379 praeter
1014 3282 1172 3371 illa,
1212 3308 1359 3377 quae
1408 3284 1478 3352 in
1522 3284 1716 3354 titulo
1753 3287 2158 3371 nominavit,
2198 3288 2349 3356 sub·

222 3392 434 3479 sidia,
477 3391 713 3486 quibus
747 3415 906 3460 usus
940 3392 1042 3459 sit.
1069 3392 1159 3458 At
1213 3391 1282 3458 in
1332 3392 1538 3479 notiS,
1581 3405 1648 3459 et
1689 3390 1953 3485 quidem
2003 3394 2220 3461 statim
2271 3394 2354 3461 ad

222 3524 368 3593 cap.
406 3523 470 3584 ι,
504 3512 573 3567 et
612 3497 847 3567 deinde
885 3482 1271 3617 aliquoties,
1308 3493 1534 3566 laudat
1573 3496 1890 3591 quasdam
1932 3499 2164 3568 Jacobi
2195 3502 2362 3568 Bon·

226 3606 424 3699 garsii
474 3605 931 3673 annotationes
980 3616 1046 3672 et
1100 3603 1535 3696 conjecturas.
1579 3605 1725 3672 Nec
1767 3602 2031 3672 videtur
2086 3604 2359 3674 destitu-

224 3726 334 3780 tus
372 3710 569 3779 fuisse
606 3710 941 3779 codicibus
973 3710 1473 3804 manuscriptis,
1504 3734 1708 3803 quum
1741 3708 1824 3777 ad
1857 3734 1998 3805 cap.
2027 3714 2126 3796 44
2161 3728 2228 3781 et
2259 3710 2360 3808 69

226 3816 315 3885 ad
356 3814 521 3886 tales
558 3830 921 3911 provocet.
968 3816 1192 3905 Quam
1242 3829 1463 3885 autem
1504 3830 1729 3884 curate
1760 3869 1780 3900 ‚
1817 3832 2012 3909 quam
2067 3817 2367 3914 religiose

231 3926 563 3993 Gruterus
596 3936 894 3991 versatus
928 3921 1129 3991 fuerit
1164 3922 1232 3990 in
1268 3921 1536 3991 edendis
1574 3922 2012 4016 scriptoribus
2049 3927 2368 4019 antiquiS‚

229 4032 370 4126 ipse
411 4028 705 4098 declarat
734 4029 799 4095 in
840 4030 1013 4098 notis
1058 4028 1141 4097 ad
1178 4052 1321 4123 cap.
1360 4054 1399 4098 2
1445 4030 1684 4123 Paneg.
1712 4026 1924 4098 Plinii.
1967 4032 2132 4099 Non
2161 4054 2372 4101 azanes
