2857 4690
500 398 641 468 310
1068 399 1143 466 C.
1198 397 1539 466 PLINII
1591 393 2066 465 SECUNDI

496 545 696 616 quam
754 519 1211 614 dignationem
1268 519 1608 613 sapientiae
1657 515 2048 585 doctoribus
2089 513 2342 584 habes!
2383 529 2458 582 ut
2507 516 2638 583 sub

498 646 565 700 te
602 631 916 725 spiritum
950 645 1017 700 et
1052 631 1442 725 sanguinem
1487 643 1554 698 et
1591 629 1879 723 patriam
1917 639 2316 720 receperunt
2361 625 2583 694 studia
2615 623 2631 694 !

494 765 644 837 quae
707 741 1011 835 priorum
1072 755 1454 834 temporum
1521 738 1900 808 immanitas
1961 735 2206 806 exsiliis
2265 735 2592 830 puniebat
2615 789 2638 820 ‚

496 877 708 947 quum
757 852 883 922 sibi
920 853 1237 921 vitiorum
1280 851 1587 920 omnium
1631 850 1936 918 conscius
1973 848 2286 942 princeps
2329 845 2637 915 inimicas

496 963 675 1034 vitiis
725 977 901 1032 artes
934 987 1073 1031 non
1110 961 1267 1030 odio
1304 963 1552 1056 magis,
1592 983 1797 1055 quam
1844 957 2250 1043 reverentia,
2285 953 2633 1050 relegaret.

430 1103 461 1138 2
499 1077 587 1143 At
631 1087 706 1142 tu
745 1071 1009 1142 easdem
1048 1085 1225 1142 artes
1268 1072 1339 1140 in
1380 1069 1766 1165 complexu,
1795 1067 2043 1154 oculis,
2085 1069 2360 1138 auribus
2395 1067 2628 1137 habes.

499 1197 771 1276 praestas
816 1183 997 1251 enim
1022 1237 1043 1269 ‚
1098 1205 1515 1276 quaecunque
1561 1180 1960 1276 praecipiunt
1993 1232 2011 1263 ‚
2069 1193 2474 1272 tantumque
2519 1201 2632 1247 eas

426 1305 462 1359 3
500 1289 765 1384 diligis,
806 1305 1135 1385 quantum
1184 1292 1270 1360 ab
1324 1291 1454 1361 illis
1494 1292 1818 1388 probaris.
1851 1294 1956 1359 An
1999 1290 2352 1385 quisquam
2411 1287 2634 1360 studia

503 1401 938 1471 humanitatis
977 1401 1345 1497 professu3‚
1376 1427 1514 1470 non
1553 1425 1760 1496 quum
1801 1401 2029 1469 omnia
2051 1415 2206 1480 tua,
2247 1413 2392 1468 tum
2418 1397 2526 1466 vel
2563 1399 2633 1465 in

503 1511 735 1606 primis
782 1511 1089 1582 laudibus
1134 1511 1305 1582 ferat
1359 1511 1838 1582 admissionum
1881 1526 2149 1580 tuarum
2201 1506 2640 1586 facilitatem?

432 1644 461 1700 4
502 1624 755 1716 Magno
806 1623 1075 1718 quidem
1128 1625 1355 1693 animo
1392 1645 1636 1718 parens
1681 1637 1836 1691 tuus
1886 1623 2060 1691 hanc
2103 1635 2260 1689 ante
2293 1644 2412 1688 vos
2448 1620 2634 1714 prin-

502 1732 683 1826 cipes
732 1757 951 1801 arcem
1000 1757 1458 1805 Ponticum!
1515 1757 1762 1804 AEmtm
1821 1732 2094 1800 nomine
2149 1729 2634 1824 inscripserat3

502 1842 749 1912 frustra
793 1858 1053 1930 tamen,
1103 1846 1227 1915 nisi
1271 1846 1650 1940 adoptasset
1675 1898 1694 1931 ,
1737 1843 1853 1937 qui
1893 1840 2232 1926 habitare,
2272 1854 2350 1908 ut
2393 1842 2465 1909 in
2507 1863 2638 1935 pu-

434 1961 465 2014 5
504 1952 733 2038 blicis,
780 1969 1026 2048 posset.
1079 1957 1304 2045 Quam
1350 1957 1522 2024 hene
1559 1979 1710 2024 cum
1758 1951 1954 2022 titulo
1994 1954 2123 2022 isto
2167 1951 2465 2021 moribus
2507 1952 2642 2020 tuis

504 2062 854 2134 convenit!
893 2090 1229 2160 quamque
1273 2067 1497 2134 omnia
1551 2067 1646 2133 sic
1694 2062 1855 2133 facis
1879 2116 1898 2149 ‚
1935 2077 2254 2158 tanquam
2289 2085 2428 2131 non
2465 2059 2640 2130 alius

507 2173 958 2270 inscripserit!
1006 2176 1187 2270 quod
1242 2176 1421 2244 enim
1480 2175 1739 2261 forum,
1795 2199 1944 2268 quae
2021 2171 2270 2268 templa
2333 2186 2466 2240 tam
2533 2195 2636 2239 re-

508 2283 781 2354 serata?
826 2309 964 2354 non
1032 2283 1441 2381 Capitolium
1476 2340 1495 2373 ‚
1555 2285 1831 2380 ipsaque
1897 2281 2007 2353 illa
2069 2280 2452 2377 adoptionis
2505 2295 2640 2351 tuae

506 2394 691 2465 sedes
731 2398 943 2491 magis
972 2396 1241 2490 publica
1264 2451 1282 2482 ‚
1318 2398 1534 2492 magis
1575 2397 1901 2465 omnium.
1936 2392 2154 2465 Nunae
2189 2394 2440 2478 obiceS‚
2470 2390 2640 2461 nulli

506 2600 565 2635 re
596 2582 815 2635 Sueton.
842 2581 909 2633 X.
942 2582 1131 2653 Itaque
1168 2600 1333 2653 quum
1372 2602 1524 2637 exsu-
1611 2585 1748 2632 noles
1775 2582 1860 2632 vel
1885 2583 1952 2630 ab
1981 2581 2358 2631 amissionibus
2383 2575 2512 2629 dicti
2531 2614 2547 2639 ,
2575 2573 2644 2629 de

496 2662 677 2713 ’latent
712 2670 864 2722 ante,
904 2661 1005 2713 sub
1040 2662 1275 2737 Trojano
1299 2652 1526 2731 patriam
1611 2660 1804 2735 quibus
1828 2669 1951 2731 post
1971 2658 2114 2731 Lips.
2129 2654 2200 2710 ad
2211 2658 2343 2709 Tac.
2365 2658 2426 2708 A„
2441 2658 2520 2708 vl
2542 2694 2557 2721 ,
2577 2676 2610 2725 9
2627 2692 2642 2717 ,

506 2738 1061 2805 reeepmneseudiafi.
1075 2770 1145 2781 -—
1160 2744 1524 2811 Dignationem.
1611 2738 1833 2792 Guther.
1866 2737 1935 2791 de
1953 2738 2053 2791 off.
2078 2738 2236 2791 Dom.
2257 2740 2395 2809 Aug.
2415 2736 2499 2790 111
2516 2777 2532 2803 ‚
2563 2756 2584 2791 ι
2597 2756 2645 2807 ι,

504 2816 752 2887 Reposuit
776 2814 880 2871 hoc
906 2836 1101 2873 nomen
1130 2838 1195 2873 ex
1226 2820 1375 2874 libris
1408 2824 1526 2895 plu·
1615 2819 1724 2873 vid.
1755 2838 1897 2873 mox.
1925 2818 1993 2873 ad
2015 2822 2046 2887 5
2065 2820 2164 2871 vl.
2184 2817 2253 2871 G.

506 2895 653 2950 ribus
673 2897 742 2951 el.
766 2896 1091 2952 Schwarzius
1110 2918 1211 2971 pro
1230 2900 1440 2973 vulgato
1457 2906 1532 2954 di·-
1689 2908 1740 2964 4.
1773 2906 1952 2951 Arcem
1989 2903 2324 2952 Publicarum.
2361 2900 2498 2952 Ante
2543 2900 2642 2953 ruit

502 2977 762 3043 gnitacem.
784 2978 941 3030 Cous.
968 2978 1224 3033 LXXVII
1237 3019 1253 3045 ,
1274 2982 1329 3034 5.
1350 2982 1419 3035 G.

1617 2999 1715 3031 arx
1729 3017 1747 3040 ‚
1771 2976 1827 3030 id
1851 2990 1929 3032 est
1943 3018 1960 3040 ,
1991 2979 2140 3031 locus
2159 2978 2397 3032 munitus
2415 3020 2430 3045 ,
2464 2992 2644 3052 tyran·

582 3075 631 3109 2.
660 3062 723 3107 In
756 3062 1039 3125 complexu.
1060 3096 1073 3109 .
1096 3061 1287 3112 diabes.
1316 3061 1440 3115 Hoec
1469 3082 1533 3115 ex

506 3134 757 3207 oppositis
780 3135 1105 3207 explicanda.
1136 3140 1338 3193 Priores
1361 3140 1530 3214 impe-

504 3228 709 3269 ratores
727 3226 863 3269 artes
880 3220 1065 3269 exsiliis
1077 3223 1382 3285 puniebant,
1412 3226 1533 3273 relo-

500 3290 712 3355 gabant.
738 3286 825 3339 Tu
857 3306 945 3341 eas
974 3291 1025 3339 in
1056 3293 1314 3357 complexu
1342 3294 1492 3343 habes
1511 3330 1528 3353 ,

508 3366 653 3419 foves
672 3378 725 3419 et
741 3366 875 3420 colis
896 3367 1219 3440 propinquas
1238 3388 1255 3435 ς
1276 3372 1329 3420 in
1348 3376 1528 3432 oeulis,

506 3444 683 3516 legens
707 3483 722 3509 ,
759 3457 998 3517 spectans
1030 3466 1153 3501 oum
1186 3447 1533 3505 delectatione

505 3542 667 3595 opera
686 3526 814 3579 artis
834 3538 886 3579 et
908 3524 1178 3579 literarum
1201 3548 1216 3595 ;
1238 3531 1291 3579 in
1306 3532 1532 3594 aur-ibus,

414 3674 421 3679 Ι
506 3603 725 3658 audiens
758 3622 881 3659 cum
914 3606 1183 3679 voluptate
1224 3608 1502 3663 recitantes
1517 3648 1533 3673 ,

506 3683 785 3754 scriptores
809 3721 826 3746 ,
854 3696 906 3736 et
932 3696 1129 3754 poetas.
1166 3687 1322 3740 Gonf.
1351 3689 1532 3742 Aurel.

506 3764 649 3815 Vict.
672 3762 807 3815 XIII
830 3800 847 3824 ,
876 3765 907 3816 8
928 3780 945 3825 3
972 3764 1217 3819 Juvenal.
1250 3766 1361 3819 Sat.
1386 3767 1493 3823 vn
1517 3808 1533 3833 ‚

512 3860 531 3891 ι
542 3840 847 3911 62;xiphil.
862 3840 1391 3918 eDiouevam,p.
1406 3864 1534 3919 772,

508 3919 601 3971 ubi
611 3931 932 3973 memoratur
942 3922 1049 3975 Tra
1048 3924 1206 3995 janus
1217 3939 1401 3997 poetas
1420 3946 1535 3980 mu-

506 3995 723 4050 neribus
754 3998 1015 4055 affecisse.
1042 4002 1107 4055 E.

579 4077 633 4130 3.
654 4080 1019 4131 Ades-issimus„
1043 4096 1260 4137 enarum.
1288 4084 1384 4137 Hi·
1407 4102 1535 4157 pro-

505 4166 654 4209 erant
696 4156 748 4209 in
784 4156 904 4211 aula
923 4196 940 4221 ,
982 4162 1075 4231 qui
1104 4160 1231 4216 inde
1268 4166 1536 4217 Adminio-

1615 3057 1756 3110 nidis
1799 3058 2262 3130 propugnaculum
2302 3074 2317 3109 ε
2362 3061 2476 3129 jam
2519 3072 2644 3112 sunt

1620 3154 1760 3191 noas
1785 3154 2030 3190 rusticae
2049 3156 2159 3190 non
2183 3138 2348 3191 modo
2365 3156 2430 3190 eo
2453 3158 2612 3193 sensu
2627 3178 2642 3199 .

1617 3216 1688 3269 de
1722 3236 1831 3289 quo
1871 3227 2057 3291 argute
2090 3215 2178 3270 hic
2204 3216 2517 3285 secundm,
2551 3218 2643 3272 sed

1617 3297 1780 3349 veteri
1811 3295 2049 3349 instituto
2075 3296 2337 3369 Augusti,
2365 3298 2419 3349 in
2453 3299 2645 3371 quibus

1617 3375 1882 3429 habitaret
1908 3380 2142 3446 Pontifex
2167 3381 2424 3429 Maximus
2443 3417 2458 3442 ,
2487 3398 2643 3451 quem

1620 3460 1672 3507 in
1691 3458 1892 3523 publico
1911 3458 2138 3507 habitare
2155 3468 2441 3529 oporteret.
2456 3458 2648 3511 Probat

1619 3556 1650 3588 e
1679 3533 1846 3595 Dione
1865 3534 2073 3606 Lipsius
2092 3573 2108 3599 ,
2127 3536 2222 3607 qui
2243 3554 2292 3589 v·
2322 3556 2382 3607 g.
2407 3538 2471 3590 L.
2498 3536 2646 3601 LIV,

1621 3635 1679 3687 p.
1702 3617 1800 3679 Βάκ
1825 3652 1840 3678 ,
1862 3616 1928 3667 Α.
1953 3614 2020 3667 de
2051 3616 2288 3688 Augusto
2307 3654 2322 3679 ‚
2358 3620 2462 3671 οὔτ’
2493 3620 2644 3672 οἰκίαν

1622 3696 1734 3750 τινὰ
1759 3692 2007 3773 δημοσίαν
2035 3696 2208 3750 naen
2225 3736 2241 3763 ,
2269 3698 2396 3751 ἀλλὰ
2427 3702 2570 3769 μέρος
2603 3700 2645 3753 τὶ

1624 3782 1712 3839 τῆς
1743 3780 1946 3842 ὅαυτοῦ,
1971 3777 2046 3829 ὅτι
2071 3779 2153 3830 τὸν
2176 3769 2415 3850 Ᾱρχιερέα.
2436 3781 2484 3832 ἂν
2507 3786 2647 3849 κοινῷ

1623 3857 1822 3918 πάντως
1849 3858 1992 3910 οἰκεῖν
2017 3859 2157 3930 ὶχρῆν
2181 3896 2196 3923 ,
2221 3854 2472 3930 {thipasam
2499 3858 2568 3911 G.

1695 3934 1748 3985 5.
1779 3940 1992 4002 Ipsaque
2011 3936 2117 3985 illa.
2133 3972 2144 3985 .
2167 3936 2346 3986 ,sedes.
2363 3934 2644 4007 Templum

1625 4012 1772 4065 Jovis
1784 4012 2062 4085 Capitolini
2075 4052 2093 4075 ,
2113 4032 2236 4085 pars
2253 4012 2520 4086 Capitolii.
2545 4014 2646 4067 Ita-

1625 4110 1727 4163 que
1767 4110 2045 4167 perperam
2083 4092 2388 4165 Gierigiana
2409 4132 2426 4159 ,
2467 4095 2646 4148 nescio

1623 4189 1731 4242 quo
1759 4182 2003 4224 auctore:
2031 4176 2138 4240 ipsa
2156 4176 2268 4225 illa.
2293 4211 2304 4223 .
2327 4178 2508 4227 .sedes.
2521 4172 2572 4225 S.
