2857 4690
491 280 629 366 344
1050 286 1125 353 c.
1180 286 1517 353 PL1N11
1569 284 2041 353 sssctmm

423 442 449 473 2
492 406 677 489 teris»,
715 431 855 473 non
894 404 1071 477 lieet.
1110 410 1303 477 Juvat
1338 410 1407 475 in
1445 409 1656 503 legem
1695 407 2194 477 attendentibus
2233 406 2402 493 diis3
2447 430 2622 476 nam

488 514 598 584 cui
652 517 863 611 magis
909 541 1109 611 quam
1150 520 1393 613 Caesari
1441 517 1830 587 attendant?
1867 518 2054 610 jurat
2093 517 2628 587 observantibus

488 625 627 708 his,
657 626 899 719 quibus
928 626 1105 696 idem
1125 628 1491 722 jurandum
1525 643 1624 697 est
1654 655 1671 698 z
1706 654 1844 697 non
1878 628 2152 723 ignarus
2181 628 2472 722 alioqui,
2497 652 2625 697 ne·

490 736 655 805 mini
713 736 1119 832 religiosius,
1172 740 1355 836 quod
1404 742 1763 835 juraverit,
1813 738 2358 823 custodiendum,
2411 762 2626 832 quam

490 848 681 942 cujus
716 850 998 917 maxime
1037 850 1345 939 interest,
1384 876 1522 919 non
1559 850 1890 945 pejerari:
1936 848 2162 942 itaque
2197 860 2270 915 et
2315 847 2632 916 abiturus

492 954 839 1039 consulatu
866 958 1145 1050 jurasti,
1189 974 1257 1029 te
1296 959 1466 1029 nihil
1495 974 1732 1029 contra
1771 958 1950 1053 leges
1987 958 2251 1027 fecisse:
2291 980 2624 1051 maguum

495 1066 623 1134 hoc
648 1081 821 1155 erat,
849 1093 1056 1162 quum
1086 1072 1542 1164 promitteres3
1570 1070 1822 1164 majus,
1849 1084 2205 1164 postquam
2235 1068 2626 1162 praestitisti.

428 1190 459 1243 3
494 1180 641 1245 Jam
675 1178 869 1247 toties
900 1178 1263 1273 procedere
1286 1182 1355 1249 in
1384 1195 1630 1267 rostra,
1663 1179 2258 1271 inadseensurnque
2283 1175 2474 1246 illum
2505 1202 2630 1245 su-

497 1288 743 1380 perhiae
784 1288 1166 1383 principum
1218 1289 1436 1361 locum
1489 1306 1740 1377 terere,
1780 1288 1892 1357 hic
1931 1289 2298 1381 suscipere,
2337 1286 2452 1353 hic
2497 1310 2632 1379 po·-

498 1421 655 1468 nere
696 1398 1163 1491 magistratus,
1200 1426 1405 1495 quam
1447 1400 1728 1495 dignum
1773 1414 1872 1488 te,
1913 1422 2252 1494 quamque
2285 1396 2630 1465 diversum

500 1506 981 1577 consuetudine
1008 1508 1308 1596 illorum,
1340 1511 1456 1604 qui
1489 1510 1792 1604 pauculis
1823 1510 2054 1579 diebus
2091 1522 2351 1603 gestum
2387 1532 2630 1576 consu·

434 1650 461 1697 ι,
504 1615 709 1687 latum
728 1668 749 1703 ,
782 1618 988 1687 immo
1024 1644 1161 1689 non
1194 1634 1452 1715 gestum
1473 1675 1494 1707 ,
1523 1620 1928 1716 abjiciebant
1961 1645 2084 1715 per
2114 1614 2442 1687 edictum!
2479 1620 2632 1685 Hoc

504 1752 628 1820 pro
668 1730 1028 1817 concione,
1064 1755 1191 1825 pro
1226 1732 1459 1801 rostris
1486 1785 1505 1819 ,
1547 1755 1674 1825 pro
1715 1729 2156 1825 jurejurando
2196 1754 2212 1797 ε
2255 1726 2511 1797 scilicet
2555 1744 2634 1795 ut

505 1838 735 1929 primis
786 1854 1081 1909 extrema
1129 1855 1618 1935 congruerent;
1671 1855 1879 1936 utque
1929 1840 2057 1909 hoc
2111 1837 2253 1907 solo
2305 1836 2630 1931 intellige-

508 1961 741 2016 rentur
779 1948 903 2043 ipsi
947 1949 1251 2020 consules
1294 1949 1532 2037 fuisse,
1569 1950 1756 2044 quod
1797 1949 1910 2019 alii
1952 1974 2088 2019 non
2129 1946 2434 2015 fuissent.

628 2060 874 2128 LXVI.
926 2060 1085 2131 Non
1137 2059 1460 2129 transilivi
1486 2114 1505 2145 ‚
1551 2063 1780 2130 Patres
1821 2060 2203 2152 Conscripti
2239 2112 2258 2143 ‚
2309 2058 2638 2151 principis

510 2168 721 2237 nostri
742 2170 1199 2258 consulatum3
1243 2170 1355 2240 sed
1394 2170 1704 2239 eumdem
1743 2172 1814 2239 in
1853 2168 2073 2238 locum
2115 2166 2406 2252 contuli,
2435 2168 2636 2261 quid-

512 2276 677 2370 quid
712 2277 793 2348 de
819 2279 1257 2374 jurejurando
1294 2280 1652 2352 dicendum
1689 2296 1878 2352 erat:
1919 2304 2136 2375 neque
2173 2280 2395 2363 enim,
2447 2292 2522 2348 ut
2567 2279 2636 2348 in

514 2388 718 2457 sterili
739 2389 1100 2485 jejunaque
1124 2393 1423 2479 materia,
1449 2391 1744 2460 emndem
1775 2392 2060 2485 speciem
2087 2388 2300 2458 laudis
2329 2388 2642 2456 diducere

448 2545 477 2576 2
516 2522 592 2566 ac
623 2521 970 2592 spargere,
1002 2513 1201 2593 atque
1238 2499 1602 2570 identidem
1637 2515 1924 2570 tractare
1950 2499 2287 2570 debemuS.
2321 2493 2638 2566 Illuxerat

517 2609 771 2700 primus
794 2607 1175 2678 consulatus
1203 2611 1303 2679 tui
1331 2610 1504 2697 dies,
1529 2636 1668 2705 quo
1688 2626 1762 2680 tu
1791 2611 2046 2680 curiam
2071 2611 2436 2703 ingressae,
2461 2634 2638 2677 nunc

518 2715 812 2810 singulos
831 2770 850 2803 ‚
888 2743 1067 2788 nunc
1100 2721 1443 2790 universos
1474 2720 1866 2790 adhortatus
1903 2745 1972 2790 es
2007 2733 2341 2788 resumere
2377 2715 2635 2785 liberta-

522 2841 689 2911 tem,
725 2853 1063 2924 capessere
1094 2831 1285 2925 quasi
1319 2831 1692 2901 communis
1733 2829 1998 2926 imperii
2035 2821 2264 2914 duras,
2297 2825 2636 2920 invigilare

614 3033 663 3065 2.
686 3018 746 3064 1η
766 3017 935 3082 legem.
959 3012 1163 3084 Opinoi·
1182 3014 1464 3088 legendum
1483 3018 1538 3068 in
1623 3013 1854 3068 edictum
1875 3013 2046 3067 vicem
2073 3022 2322 3083 prostare
2347 3009 2635 3064 debebatis:

523 3096 665 3161 leges.
684 3091 740 3146 S.
1623 3093 1722 3146 illis
1733 3091 2150 3165 Imperator-ibus
2161 3090 2402 3144 omnium
2415 3088 2638 3159 reliquo-

590 3201 663 3212 -
683 3173 827 3240 Cujus
844 3173 1060 3222 maxime
1084 3174 1293 3224 interese.
1314 3171 1540 3242 Compa—
1621 3191 1748 3226 rum
1767 3171 2084 3226 solennium.
2103 3170 2172 3223 G.

524 3269 643 3304 rare
667 3252 820 3322 juvat
845 3249 981 3314 hoc,
1006 3253 1233 3312 interese,
1272 3270 1395 3304 cum
1420 3251 1540 3304 loco
1711 3252 1906 3305 val.
1953 3269 2001 3304 1.
2043 3255 2160 3302 Non
2198 3251 2454 3302 transilivi.
2491 3247 2635 3300 Parat

526 3329 693 3382 Taciti
708 3368 727 3394 ‚
746 3348 905 3401 quem
920 3327 1251 3396 laudavimus
1268 3327 1338 3382 ad
1346 3331 1536 3384 Amal.
1623 3331 1724 3384 sihi
1759 3343 1945 3385 &unctor
1979 3329 2257 3384 transitum
2277 3363 2298 3390 ‚
2331 3345 2378 3381 ο.
2416 3326 2631 3380 reditum

526 3407 601 3462 XI
616 3447 633 3472 ,
650 3410 697 3463 3.
719 3409 787 3462 G.
1624 3410 1800 3482 potius
1817 3409 1890 3464 ad
1905 3420 2022 3462 acta
2038 3407 2175 3460 tertii
2193 3404 2498 3462 consulatus
2513 3406 2634 3458 Tra·

599 3488 651 3542 3.
677 3495 831 3541 Immo
866 3510 967 3542 non
999 3504 1207 3558 gustum.
1240 3487 1311 3540 Ut
1334 3487 1391 3540 in
1434 3507 1544 3559 quo
1617 3489 1735 3563 jani
1755 3491 1859 3543 hoc
1873 3487 2054 3542 modo.
2074 3487 2190 3540 Dixi
2215 3485 2284 3539 de
2303 3483 2634 3558 jurejurando

530 3567 659 3620 nihil
686 3567 1025 3622 memorabile
1053 3567 1314 3630 feceraut5
1338 3571 1544 3638 abjicie-
1629 3569 1904 3640 principis,
1914 3585 2022 3639 quo
2035 3563 2630 3634 comulatamdeposuit,

530 3651 647 3700 banc
668 3685 685 3707 ,
714 3644 885 3700 edicto
912 3645 1252 3700 declarabant
1268 3684 1287 3712 ,
1314 3665 1371 3700 se
1398 3647 1548 3700 abire
1633 3647 1890 3701 invitante
1901 3665 1988 3700 me
1997 3644 2364 3718 jurejurando,
2377 3643 2632 3714 quoillum

531 3723 811 3778 consulatu
831 3744 847 3788 ς
873 3724 966 3778 sed
996 3726 1129 3778 hene
1161 3729 1389 3796 abjecisse
1426 3725 1548 3780 illos
1634 3726 1856 3796 suscepit
1879 3743 1894 3778 ε
1917 3725 2008 3780 sed
2035 3745 2134 3776 non
2156 3721 2276 3776 ideo
2294 3721 2501 3776 silentio
2518 3739 2633 3791 με·

532 3804 889 3874 magistratum
923 3803 1053 3859 dixit
1068 3843 1087 3868 ,
1110 3824 1269 3876 quem
1308 3818 1548 3860 contem-
1635 3805 1750 3860 terii
1777 3816 1829 3858 ot
1854 3807 2093 3856 wansih'm'
2113 3804 2284 3875 ipsum
2313 3805 2633 3854 cons-laum.-

532 3882 754 3945 nebant,
778 3902 937 3954 (μου
960 3903 1065 3938 non
1089 3885 1215 3938 tenti
1236 3887 1503 3940 habebant
1527 3922 1544 3949 ,
1633 3886 1764 3956 quin
1779 3901 1923 3938 nune
1940 3897 2054 3938 acta
2073 3882 2214 3936 illius
2225 3880 2558 3952 percensebo.
2573 3878 2632 3930 G.

534 3972 591 4014 ut
608 3959 803 4014 diutim
814 3975 1071 4032 gererent.
1093 3963 1157 4016 E.
1705 3993 1772 4005 --
1784 3968 1994 4032 Speciem
2013 3965 2173 4016 laedis
2185 3964 2430 4014 diducen.
2445 3957 2634 4016 Laudes

608 4047 659 4103 4.
682 4045 791 4094 Hoc
810 4061 906 4108 pro
944 4045 1189 4096 concione.
1226 4043 1339 4100 Hoc
1362 4045 1534 4100 nolum
1640 4042 1876 4115 ejusdem
1913 4042 2114 4113 generis
2143 4039 2356 4094 diversis
2381 4037 2510 4094 locis
2543 4050 2634 4090 tra-
