2857 4690
465 275 604 344 328

1023 275 1101 340 C.
1156 268 1498 340 PLINII
1549 276 2018 358 SECUNDI

462 396 709 489 cespite
773 409 1226 478 exstructum,
1286 420 1409 464 nec
1453 395 1730 466 fascium
1784 413 2046 468 tantum
2079 451 2099 484 ‚
2140 398 2251 468 sed
2301 397 2600 493 pilorum

462 507 944 601 signorumque
962 505 1218 574 honore
1255 505 1764 576 circumdatum.
1792 507 2146 602 Augebant
2182 508 2596 600 majestatem

463 615 905 710 praesidenti3‚
925 601 1166 685 diversi
1180 614 1661 710 postulantium
1685 618 1978 702 habitus,
1989 643 2069 687 ac
2082 618 2364 688 dissonae
2379 643 2597 703 voces,

394 749 427 801 7
466 751 745 822 raraque
764 728 906 794 sine
927 728 1289 820 interprete
1306 728 1543 796 orati0.
1561 729 2000 821 Magnificum
2019 743 2118 796 est
2133 727 2394 798 civibus
2415 729 2600 821 jura3

465 837 628 933 quid
682 837 983 906 hostibus
1024 837 1347 907 reddere?
1396 840 1770 932 speciosum
1820 854 2070 909 certam
2115 839 2242 908 fori
2297 852 2600 933 partem3

471 947 637 1042 quid
694 949 1019 1016 immanes
1081 973 1351 1042 campos
1400 947 1561 1016 sella
1614 947 1830 1017 curuli
1873 950 2273 1042 victorisque
2319 948 2604 1042 vestigio

470 1056 818 1153 premere?
860 1059 1205 1127 imminere
1243 1057 1616 1127 minacibus
1657 1058 1819 1152 ripis
1864 1073 2084 1128 tutum
2117 1059 2602 1151 quietumque3

472 1167 637 1262 quid
678 1193 987 1262 spernere
1029 1167 1351 1238 barbaros
1385 1167 1718 1254 fremituS‚
1753 1168 2196 1262 hostilemque
2235 1157 2562 1238 terrorem
2587 1219 2606 1250 ‚

472 1303 611 1346 non
654 1301 994 1346 armorum
1036 1278 1245 1372 magis
1272 1331 1291 1366 ,
1332 1303 1532 1372 quam
1573 1292 1880 1373 togarum
1921 1279 2366 1348 ostentatione
2411 1301 2603 1345 com-

408 1401 439 1452 8
476 1411 739 1480 pescere
752 1386 779 1454 ἶ)
792 1391 1025 1480 Itaque
1038 1413 1173 1454 non
1197 1401 1261 1455 te
1274 1386 1456 1480 apud
1469 1388 1792 1482 imagines
1809 1441 1829 1474 ‚
1849 1388 1962 1457 sed
1981 1390 2199 1483 ipqun
2213 1401 2606 1480 praesentem

479 1497 991 1593 audientemque
1044 1498 1555 1568 consalutabant
1610 1503 2087 1594 Imperatorem
2123 1526 2144 1586 ς
2187 1523 2610 1592 nomenque,

464 1599 662 1704 ⁴quod
690 1609 801 1678 alii
840 1609 1109 1679 domitis
1144 1609 1580 1698 l1ostibus‚tu
1615 1611 2014 1706 contemptis
2049 1607 2413 1678 merebare.

575 1723 792 1790 LVII.
857 1723 1012 1789 Haec
1077 1719 1219 1789 laus
1250 1741 1255 1747 ·
1282 1721 1412 1789 acti
1483 1719 1904 1808 consulatus;
1959 1718 2072 1788 illa
2135 1717 2376 1804 dilati,
2429 1717 2611 1812 quod

483 1829 701 1900 adhuc
742 1831 935 1898 initio
978 1831 1434 1924 principatus,
1473 1844 1549 1899 ut
1576 1831 1718 1922 jam
1759 1843 2108 1898 excusatus
2140 1827 2516 1897 honoribus
2547 1840 2612 1894 et

468 2080 593 2114 ·non
625 2061 853 2114 consulis
872 2100 887 2125 ‚
920 2059 1009 2114 sed
1062 2060 1223 2128 totius
1266 2061 1373 2113 loci
1410 2059 1504 2114 de-

486 2139 764 2205 scribitur-3
791 2140 845 2192 2⁰
864 2141 1109 2210 quianon
1130 2139 1381 2192 credibile
1400 2150 1477 2192 est
1491 2179 1506 2204 ,

488 2221 653 2272 multa
697 2231 812 2289 post
848 2218 1035 2271 saecula
1074 2218 1279 2271 nullum
1319 2216 1508 2272 ducem

489 2299 639 2351 Rom.
689 2317 718 2351 e
756 2297 1006 2353 tribunali
1053 2291 1311 2371 cespititio
1350 2301 1512 2353 verba

440 2372 445 2381 ’
494 2378 709 2442 fecisse3
745 2377 837 2431 sed
864 2382 1073 2429 consulis
1099 2378 1329 2431 tribunal
1366 2398 1430 2431 ex
1453 2398 1510 2431 ea

490 2457 709 2509 materia
726 2470 843 2527 post
858 2457 1027 2509 multa
1050 2458 1237 2510 saecula
1261 2476 1417 2511 nemo
1435 2458 1512 2509 vi-

494 2536 666 2590 derat.
684 2560 705 2581 ·
727 2537 780 2589 S.

566 2646 635 2655 -—
657 2617 891 2667 Tribunal
906 2619 1062 2667 viridi
1076 2618 1516 2683 cespite-,Illustrat

494 2695 640 2765 Lips.
662 2693 731 2747 ad
746 2696 875 2747 Tac.
894 2696 1033 2747 Anu.
1054 2696 1107 2759 1,
1132 2696 1212 2748 18.
1232 2696 1299 2759 G.

566 2804 634 2814 -—
663 2778 892 2841 Raraque
914 2777 1019 2825 sine
1050 2778 1308 2844 interprete
1330 2770 1512 2827 oratioss

498 2851 747 2925 quodque
764 2871 888 2905 raro
904 2852 1019 2906 uine
1040 2854 1320 2924 interprete
1342 2865 1517 2925 postu-

497 2934 719 2985 lantium
756 2931 923 2985 oratio
944 2934 1333 3006 intelligeretur.
1353 2933 1517 2985 Aliter

498 3012 757 3084 Gierigius
776 3050 793 3075 ,
817 3012 1172 3068 Mithridatica
1191 3016 1391 3067 bonum
1415 3014 1519 3064 Im·

500 3105 797 3164 peratorem
815 3098 1159 3166 πολυγλωττίᾳ
1179 3096 1359 3147 beans.
1378 3093 1432 3145 S.

573 3192 626 3242 7.
660 3176 853 3225 Certum
864 3176 978 3242 fiiri
994 3190 1207 3241 partem.
1236 3174 1313 3225 Ne
1350 3182 1518 3225 totum

502 3252 715 3323 quidem
747 3253 951 3305 forum:
980 3254 1056 3307 sic
1083 3252 1362 3325 opponitur
1385 3267 1520 3301 cam·

496 3335 578 3399 pis
596 3336 917 3394 immanibus,·
928 3332 981 3385 id
1000 3346 1079 3387 est
1094 3376 1109 3401 ,
1124 3329 1520 3385 latissimis.sed

503 3410 623 3463 libri
658 3412 767 3465 fere
804 3432 987 3485 omnes
1010 3431 1217 3481 pacem.-
1243 3411 1319 3463 sic
1352 3428 1522 3481 oppo-

504 3501 661 3544 netur
688 3497 871 3560 campis
906 3495 1195 3543 immanibus
1216 3528 1233 3553 ,
1272 3490 1374 3543 hoc
1411 3500 1490 3541 est
1506 3526 1521 3551 ,

504 3570 703 3625 infestis
726 3609 742 3635 ,
784 3583 836 3626 et
862 3571 1014 3624 hoste
1048 3569 1289 3641 oppletis.
1316 3568 1383 3621 Et
1419 3568 1523 3621 hoc

506 3668 673 3722 prope
696 3651 895 3703 malim.
920 3648 989 3701 G.
1014 3678 1085 3689 -—
1110 3650 1311 3721 Nempe
1331 3647 1525 3699 Gesne-

507 3748 601 3783 rus
622 3740 763 3783 recte
782 3726 915 3779 vidit
938 3764 954 3790 ,
974 3744 1156 3779 ceream
1174 3742 1369 3796 partem
1389 3727 1526 3779 male

510 3809 703 3881 opponi
736 3810 1025 3858 immanibus
1050 3810 1236 3877 canapis
1252 3844 1269 3867 ‚
1300 3816 1351 3858 et
1379 3805 1528 3861 illam

510 3886 817 3941 sententiam
837 3884 989 3939 valde
1006 3886 1271 3957 languere.
1289 3886 1399 3956 Ego
1426 3904 1525 3955 pu-

510 3979 565 4019 to
600 3964 785 4017 vitium
814 3982 923 4019 esse
950 3964 1007 4016 in
1040 3980 1257 4025 ceream,-
1283 3962 1527 4019 desidero

511 4058 699 4093 cur-cam
715 4080 730 4103 ,
760 4042 841 4093 vel
882 4042 1105 4097 similem
1141 4062 1321 4097 vocem
1354 4082 1369 4107 ‚
1413 4062 1527 4114 quae

1596 2060 1670 2112 illi
1691 2064 1984 2112 immanitati
1999 2060 2262 2114 contraria
2289 2059 2376 2113 sit.
2395 2059 2534 2113 Nam
2567 2071 2616 2111 et

1595 2138 1726 2192 illud
1751 2141 1914 2213 quaeri
1939 2152 2106 2211 potest
2127 2178 2142 2203 ,
2170 2143 2406 2191 immanes
2418 2157 2619 2206 campos

1595 2232 1772 2272 utrum
1798 2219 2032 2289 ingentes
2057 2219 2229 2290 potius
2257 2257 2271 2281 ,
2301 2217 2371 2270 an
2399 2217 2617 2270 infestos

1595 2299 2000 2371 interpretemur
2024 2319 2038 2353 ε
2103 2300 2146 2351 si
2201 2299 2421 2356 infestos
2453 2335 2469 2361 ,
2519 2315 2617 2350 nec

1598 2394 1731 2445 certa
1759 2398 1862 2431 nec
1877 2396 2018 2431 curta
2035 2398 2156 2453 pars
2171 2378 2272 2432 fori
2297 2390 2444 2431 recte
2458 2396 2619 2451 oppo-

1598 2458 1761 2509 nitur.
1775 2458 1840 2511 E.
1851 2490 1922 2499 --—
1937 2463 2185 2511 Imminer.
2194 2498 2206 2511 .
2215 2462 2400 2525 ,αἱρέῃ
2425 2457 2620 2510 Admo-

1598 2556 1719 2589 vere
1745 2549 1911 2589 castra
1945 2538 2069 2609 ripis
2094 2536 2370 2590 hostilibus
2390 2577 2405 2602 ,
2427 2538 2482 2588 in
2504 2538 2620 2607 qui·

1599 2616 1699 2669 bus
1721 2614 1897 2669 hostes
1919 2617 2094 2687 praelia
2123 2617 2414 2669 minantur.
2439 2616 2620 2679 Quare

1600 2698 1734 2763 ripas
1775 2696 2100 2767 potissimum
2145 2706 2521 2754 commemoret
2543 2734 2558 2760 ,
2591 2708 2621 2745 e

1599 2792 1722 2846 cap.
1741 2774 1872 2827 XVI
1889 2812 1904 2838 ,
1941 2794 1968 2827 ει
1990 2811 2006 2837 ,
2035 2775 2232 2846 patebit
2256 2814 2272 2840 ,
2299 2774 2392 2827 ubi
2413 2788 2546 2825 seat-e
2569 2775 2620 2823 in

1603 2858 1824 2905 Danubii
1851 2858 1962 2922 ripa
1987 2854 2250 2927 Trnjanus
2289 2852 2620 2925 pmdieatur.

1601 2932 1728 2985 Mox
1781 2948 2003 3002 togarum
2043 2936 2304 2985 ostentatio
2347 2944 2428 2985 est
2465 2935 2580 3005 ejus
2606 2968 2620 2993 ‚

1603 3012 1697 3084 qui
1739 3012 1874 3064 inter
1905 3013 2117 3084 negotia
2149 3012 2322 3065 civilia
2359 3023 2620 3065 versatur.

1605 3093 1740 3145 Nam
1767 3092 1844 3145 sic
1872 3107 1989 3162 toga
2016 3092 2205 3163 sapiu(
2240 3090 2455 3143 dicitur.
2485 3092 2624 3142 Lau·

1605 3169 1736 3225 dant
1755 3172 1860 3225 viri
1879 3170 2022 3225 docti
2039 3172 2159 3225 Liv.
2184 3172 2337 3223 XXII
2353 3208 2368 3233 ,
2391 3174 2476 3233 26,
2493 3171 2622 3223 Tac.

1605 3252 1744 3304 Anu.
1767 3252 1845 3305 xl
1863 3292 1878 3317 ‚
1902 3270 1935 3321 7
1953 3290 1970 3317 ‚
1993 3262 2046 3305 et
2074 3250 2208 3304 Plin.
2239 3250 2406 3321 Epist.
2429 3253 2456 3304 1
2476 3288 2492 3313 ,
2523 3270 2584 3304 υ
2605 3286 2622 3311 ,

1605 3330 1698 3383 ubi
1719 3334 1774 3382 ⁴in
1799 3346 1917 3400 toga
1953 3334 2252 3401 negotiisque
2281 3333 2478 3381 versari
2503 3332 2626 3404 iun-

1607 3410 1769 3481 gitur.
1789 3412 1852 3463 E.
2175 3456 2182 3465 .

1679 3491 1732 3541 8.
1760 3492 1914 3558 Apud
1929 3492 2181 3559 imagines.
2209 3490 2272 3541 In
2303 3487 2461 3559 signis
2489 3486 2627 3537 mili-

1609 3570 1810 3623 taribus
1841 3570 2002 3640 vulgo
2049 3569 2307 3639 imagines
2335 3568 2627 3638 Imperato-

1611 3667 1731 3701 rum
1759 3668 1774 3701 :
1807 3646 2048 3701 videatur
2087 3648 2292 3719 Lipsius
2337 3644 2406 3697 de
2441 3644 2628 3699 militia

1611 3730 1867 3789 Romana,
1885 3727 1986 3789 IV,
2005 3726 2058 3790 5,
2071 3726 2166 3781 sed
2177 3726 2334 3779 etiam
2351 3724 2626 3795 separatim

1613 3828 1769 3859 aurea
1789 3823 1961 3860 statua
1981 3811 2034 3859 in
2061 3820 2286 3876 suggestu
2313 3821 2361 3855 ee
2382 3808 2506 3857 sella
2533 3808 2630 3855 eol·

1615 3890 1800 3941 locata.
1825 3886 2079 3941 Videatur
2092 3886 2300 3939 Tacitus
2321 3883 2392 3937 ad
2403 3884 2630 3937 Annales

1615 3964 1742 4031 XV,
1778 3986 1844 4033 ²9
1869 4005 1884 4030 ,
1921 3980 1976 4020 et
2009 3966 2078 4019 H.
2107 3966 2165 4029 1;
2200 3968 2299 4028 36,
2332 3962 2447 4018 vid.
2475 3982 2630 4035 supra

1615 4046 1664 4097 X
1692 4082 1706 4108 ,
1730 4047 1780 4098 3.
1803 4046 1870 4098 G.
