2857 4690
497 341 635 411 280
1060 344 1135 411 C.
1190 343 1536 412 PLINll
1585 343 2055 414 SECUNDI

492 462 605 531 ille
652 462 940 547 civilius,
985 490 1187 559 quam
1232 488 1472 559 parens
1511 478 1771 550 noster,
1811 466 2242 549 auctoritate,
2287 465 2574 535 consilio
2601 520 2623 551 ‚

491 572 623 641 fide
656 572 931 643 reclusit
962 576 1101 645 vias
1124 628 1143 661 ‚
1184 588 1418 669 portus
1439 573 1772 668 'patefecit
1801 628 1820 661 ‚
1863 575 2102 645 itinera
2141 576 2372 662 terris,
2407 574 2620 645 litori-

488 683 616 753 bus
665 708 886 783 φατε,
934 683 1131 755 litora
1176 686 1345 753 mari
1390 682 1680 753 reddidit
1709 737 1727 770 ‚
1778 683 2200 780 diversasque
2243 700 2474 781 gentes
2521 686 2618 754 ita

490 795 892 863 commercio
932 795 1197 865 miscuit
1218 848 1237 881 ‚
1273 808 1385 882 ut,
1424 794 1608 888 quod
1643 795 1945 889 genitum
1981 810 2156 865 esset
2187 820 2504 890 usquam,
2543 796 2616 864 id

418 914 451 967 3
488 902 669 996 apud
701 927 928 972 omnes
970 920 1204 973 natum
1232 929 1375 974 esse
1404 904 1762 974 videretur.
1797 906 2038 975 Nonne
2074 906 2616 992 cernei-edatur,

488 1025 565 1079 ut
592 1016 732 1082 sine
759 1012 960 1085 ullius
978 1016 1226 1108 injuria
1252 1016 1472 1083 omnis
1495 1014 1726 1084 usibus
1749 1016 1994 1083 nostris
2017 1040 2234 1085 annus
2255 1015 2616 1085 exuberet?

487 1125 736 1218 quippe
777 1149 913 1195 non
937 1179 955 1212 ‚
1001 1140 1079 1195 ut
1118 1150 1200 1194 ex
1234 1124 1494 1195 hostico
1525 1140 1731 1221 raptae
1767 1126 2211 1220 perituraeque
2255 1128 2322 1194 in
2361 1126 2616 1197 horreis

418 1240 452 1297 4
487 1258 765 1322 messeS,
806 1234 1260 1331 nequidquam
1302 1235 1781 1330 quiritantibus
1811 1236 2006 1307 sociis
2041 1236 2466 1305 auferuntur.
2494 1236 2620 1304 De·

484 1343 735 1413 vehunt
776 1346 943 1439 ipsi,
997 1345 1179 1439 quod
1214 1359 1393 1414 terra
1435 1344 1708 1439 genuit,
1751 1345 1934 1440 quod
1969 1345 2150 1416 sidus
2193 1345 2364 1415 aluit
2385 1400 2404 1433 ‚
2437 1346 2618 1441 quod

486 1478 704 1523 annus
740 1454 897 1523 tulit
926 1481 944 1525 τ
990 1480 1115 1524 nec
1148 1456 1339 1525 novis
1372 1456 1852 1525 indictionibus
1884 1458 2088 1549 pressi
2123 1452 2209 1525 ad
2241 1471 2470 1525 vetera
2501 1458 2615 1524 tri-

420 1558 449 1612 5
485 1562 645 1632 buta
689 1563 1031 1635 deficiunt.
1070 1566 1253 1633 Emit
1298 1565 1495 1635 fiscus
1515 1618 1534 1652 ,
1559 1566 1846 1659 quiquid
1873 1566 2136 1635 videtur
2177 1592 2434 1636 exuere:
2463 1564 2616 1635 inde

487 1674 729 1770 copiae}
758 1676 913 1745 inde
938 1699 1207 1746 annona
1226 1728 1247 1761 ‚
1274 1676 1357 1751 de
1388 1700 1524 1770 qua
1551 1676 1726 1744 inter
1755 1674 2063 1745 licentem
2092 1675 2618 1770 vendentemque

488 1786 843 1854 conveniat
874 1813 890 1854 :
923 1786 1077 1855 inde
1114 1785 1227 1857 hic
1263 1787 1564 1870 satietas,
1593 1811 1716 1855 nec
1743 1785 1952 1855 fames
1981 1808 2278 1880 usquam.

588 1900 808 1965 XXX.
834 1898 1158 1992 AEgyptus
1188 1896 1447 1967 alendis
1477 1896 1934 1993 augendisque
1969 1896 2335 2003 seminibus
2359 1898 2454 1965 ita
2481 1896 2612 1992 glo-

492 2008 659 2075 riata
702 2021 839 2093 est,
897 2022 973 2075 ut
1023 2006 1190 2076 nihil
1229 2008 1558 2076 imbribus
1597 2005 1890 2101 caeloque
1925 2005 2198 2075 deberet
2229 2033 2246 2073 :
2289 2006 2614 2101 siquidem

490 2117 767 2211 proprio
817 2143 1080 2213 semper
1118 2141 1313 2186 amne
1358 2118 1658 2212 perfusa,
1691 2142 1814 2187 nec
1851 2114 1982 2185 alio
2011 2140 2258 2210 genere
2291 2140 2614 2209 aquarum

568 2397 617 2429 a.
649 2380 861 2430 civilius.
889 2380 1009 2449 Ipse
1034 2376 1406 2448 interpretatur
1424 2377 1514 2431 se-

494 2454 725 2520 cundus,
740 2475 850 2510 uon
862 2457 1042 2522 armis,
1052 2475 1159 2509 non
1166 2455 1516 2528 opprimenda

494 2534 733 2588 libertate
748 2571 764 2598 ,
798 2533 891 2587 aed
926 2539 1224 2587 auctoritate
1238 2571 1254 2598 ,
1278 2538 1480 2587 consilio
1493 2573 1512 2596 ,

479 2617 594 2686 fide
599 2633 726 2678 ,rem
740 2614 1177 2686 geasisaeNempe
1186 2613 1514 2684 civiliteragit,

496 2694 588 2764 qui
606 2694 959 2764 mqualitatem
982 2694 1179 2748 civium
1202 2705 1377 2747 tuetur
1394 2731 1411 2759 ,
1432 2707 1516 2766 ty·

494 2773 773 2827 rannidem
786 2793 896 2828 non
912 2773 1145 2828 affectat.
1166 2773 1279 2826 Hoc
1293 2791 1514 2828 monen-

496 2851 567 2905 du
576 2873 622 2904 m
641 2854 739 2906 fuit
751 2867 965 2927 propter
978 2873 1067 2908 eos
1082 2891 1098 2917 ‚
1116 2854 1209 2926 qui
1220 2853 1515 2924 nimisvage

495 2931 902 3003 interpretantur
926 2936 1139 2995 civilius,
1176 2936 1251 2983 ad
1279 2936 1514 3001 majorem

496 3015 757 3064 utilitatem
778 3017 1067 3080 reipubliooe.
1092 3011 1162 3066 G.
1186 3043 1256 3052 —
1272 3015 1514 3063 Litoribus

496 3111 651 3144 mm.
662 3091 737 3142 Ut
754 3089 957 3144 solvere
971 3089 1229 3144 auderent
1242 3089 1481 3144 homines
1495 3106 1511 3152 3

496 3175 643 3222 litora
686 3173 816 3222 mati
830 3209 847 3234 ,
876 3183 937 3222 ut
968 3169 1229 3241 appellere
1258 3181 1474 3241 ponent
1495 3205 1512 3232 ,

494 3251 608 3302 aine
647 3261 795 3304 metu
824 3250 1118 3320 piratarum
1136 3285 1152 3311 ‚
1183 3247 1265 3300 vel
1298 3248 1514 3301 alterius

495 3330 695 3402 injuriae
716 3349 729 3382 ε
756 3349 865 3402 qua
884 3329 1089 3383 ratione
1114 3327 1436 3380 commeatus
1462 3339 1514 3380 et

494 3427 717 3462 annonae
734 3409 902 3462 vilitas
918 3407 1179 3462 restituta.
1192 3406 1261 3459 G.

552 3491 603 3542 3.
622 3496 683 3540 In
704 3492 904 3541 horreis.
926 3489 1059 3554 Quae
1072 3486 1295 3540 Romani
1310 3486 1367 3538 in
1388 3505 1512 3557 pro-

494 3569 675 3621 vinciis
710 3570 901 3640 passim
933 3569 1197 3622 habebant
1214 3605 1230 3627 ,
1270 3565 1359 3617 ubi
1399 3567 1509 3618 fru-

493 3659 673 3700 menta
707 3648 1029 3710 conderent,
1062 3659 1112 3699 et
1139 3647 1389 3699 militares
1414 3663 1510 3698 an·

492 3745 675 3781 nonas.
715 3727 819 3780 Sed
860 3740 913 3780 et
952 3731 1127 3780 Roma)
1164 3725 1355 3778 horrea
1372 3762 1390 3788 ‚
1412 3743 1510 3795 per

494 3826 675 3859 omnes
699 3808 934 3878 regiones
955 3805 1099 3858 urbis
1118 3823 1295 3877 sparsa
1319 3802 1386 3857 ad
1412 3821 1511 3874 pu-

492 3887 687 3939 blicum
704 3885 808 3939 hoc
835 3887 1177 3939 frumentum.
1192 3885 1369 3936 En.-—
1390 3886 1509 3948 Qui-

492 3969 767 4018 ritaneibus.
784 3964 909 4018 vid.
926 3965 995 4019 ad
1012 3985 1097 4037 ep.
1111 3965 1191 4016 VI
1206 4000 1222 4027 ,
1242 3982 1333 4028 πο,
1353 3963 1501 4028 148.

579 4053 630 4109 4.
670 4049 1041 4098 [radiationibus.
1080 4043 1423 4096 Pensionibus
1459 4061 1502 4094 s.

490 4123 696 4195 tributis
710 4123 1161 4184 extraordinariis,
1172 4140 1286 4192 quae
1298 4139 1434 4192 saepe
1443 4139 1503 4173 ex

1601 2377 1884 2449 improviso
1909 2388 1964 2429 et
1985 2395 2050 2429 ex
2065 2375 2282 2429 arbitrio
2308 2376 2377 2429 ab
2399 2376 2618 2447 impera·

1601 2457 1798 2508 toribus
1829 2455 2216 2509 indicelnntur.
2241 2455 2306 2508 E.
2335 2485 2408 2496 ·—-
2432 2457 2518 2508 Ab
2546 2459 2620 2506 in·

1599 2537 1888 2588 dictionibus
1909 2573 1925 2598 ‚
1955 2553 2170 2606 quoque
2185 2573 2210 2598 0
2235 2536 2410 2607 spatio
2429 2553 2617 2606 nempe

1600 2631 1862 2667 annorum
1878 2652 1894 2678 ,
1903 2634 1967 2668 ea
1981 2613 2116 2667 ratio
2127 2625 2181 2667 et
2189 2614 2518 2668 consuetudo
2531 2633 2617 2666 an-

1599 2713 1793 2748 norum
1804 2692 2254 2748 nnmerandorum
2275 2695 2438 2767 copit
2451 2731 2468 2758 ,
2485 2694 2618 2748 Con-

1597 2773 1791 2827 stantio
1803 2773 2112 2846 imperante.
2125 2775 2210 2826 En
2217 2813 2229 2826 .

1637 2853 1667 2906 5
1677 2856 1908 2906 :Videtur
1914 2873 2086 2905 emere.
2097 2853 2207 2907 Sub
2219 2853 2394 2924 specie
2403 2853 2616 2926 emptio-

1599 2932 1680 2984 nis
1698 2970 1715 2997 ,
1736 2951 1898 3004 quam
1942 2933 2132 3006 injuste
2169 2943 2347 2986 actum
2377 2949 2616 2984 nonnun-

1597 3029 1760 3082 quam
1785 3029 1910 3064 cum
1933 3011 2223 3066 aratoribus
2241 3051 2256 3076 ,
2285 3011 2372 3063 vel
2399 3011 2511 3063 sola
2535 3011 2616 3063 Ci-

1599 3089 1804 3144 ceronis
1823 3090 2166 3144 frumentaria
2179 3110 2224 3144 ο.
2242 3088 2298 3141 in
2308 3090 2532 3143 Verrem
2551 3091 2612 3141 L.

1601 3173 1655 3232 3,
1673 3171 1766 3224 ubi
1779 3171 2001 3242 Apronii
2018 3170 2254 3223 facinora
2273 3181 2584 3240 enarrantur
2596 3206 2612 3232 ‚

1598 3248 1855 3304 docuerit.
1878 3249 2138 3304 Caeternm
2155 3248 2372 3322 protulit
2385 3249 2614 3303 Schwar-

1598 3328 1706 3382 zius
1733 3348 1764 3382 e
1787 3327 1950 3381 Gudii
1970 3329 2107 3381 libro
2130 3329 2271 3381 hanc
2295 3326 2574 3381 lectionem
2596 3368 2610 3392 ,

1599 3407 1759 3462 «sinit
1771 3407 1930 3461 fiscus
1945 3445 1962 3472 ,
1975 3406 2238 3479 quidquid
2251 3406 2466 3460 videtur
2481 3425 2512 3460 e
2523 3425 2579 3459 re
2591 3447 2606 3472 ‚

1597 3505 1768 3540 emere
1793 3507 1806 3538 ε
1835 3513 1859 3533 ιι
1879 3487 2138 3541 sententia
2163 3497 2212 3539 et
2231 3486 2342 3558 ipsa
2371 3488 2530 3540 bona.
2549 3485 2608 3539 G.

1597 3567 1926 3620 —caeterum
1945 3566 2048 3619 loci
2065 3583 2248 3620 sentus
2265 3583 2279 3618 ε
2301 3565 2448 3618 Olim
2461 3565 2612 3617 fiscus

1597 3655 1802 3698 tantum
1813 3643 2086 3698 videbatur
2095 3663 2294 3706 emere‚
2309 3663 2500 3698 revera
2509 3662 2608 3697 non

1595 3725 1823 3786 emebat,
1839 3722 1931 3778 sed
1943 3725 2098 3777 sociis
2113 3761 2130 3788 ,
2145 3725 2244 3776 sub
2257 3723 2500 3795 specioso
2513 3741 2612 3777 em·

1594 3803 1786 3874 ptionis
1799 3815 2052 3875 pratextn
2067 3843 2084 3868 ,
2103 3804 2411 3857 auferebat:
2435 3821 2578 3856 nunc
2591 3839 2608 3865 ,

1595 3900 1712 3953 quae
1736 3883 1934 3955 species
1961 3883 2198 3937 videatur
2225 3882 2508 3954 emptionis
2525 3918 2541 3945 ,
2569 3882 2610 3933 si

1593 3961 1769 4031 priora
1783 3975 2015 4034 tempora
2037 3964 2232 4035 cogites
2244 4003 2259 4031 ,
2279 3981 2406 4016 vera
2420 3961 2610 4034 emptio

1593 4052 1688 4093 est.
1720 4041 1884 4094 Aliter
1917 4042 2178 4118 Gierigius
2211 4080 2227 4106 ,
2265 4061 2428 4114 quem
2457 4040 2610 4094 Plinii

1593 4137 1816 4172 acumen
1837 4159 1852 4184 ,
1877 4121 2068 4190 opinor
2083 4159 2100 4184 ,
2121 4120 2322 4174 fefellit.
2339 4121 2393 4174 S.
