2857 4690
500 327 591 396 62
1116 332 1191 398 C.
1244 329 1586 399 PLINII
1635 330 1827 398 LIB.
1881 333 2012 398 lx.

498 537 1041 558 mmm
1046 541 2147 563 mmmmmmmmmmmm
2152 543 2620 566 mmmmm

1439 729 1676 821 XII.

495 955 783 1031 Quadam
796 957 929 1016 ffliis
943 957 1315 1031 remittenda,
1330 980 1440 1017 nec
1459 980 1692 1039 semper
1703 962 1988 1021 utendwn
2003 965 2342 1050 severitate,
2357 965 2638 1044 exemplo

582 1079 595 1090 ·
1453 1071 1667 1120 monet.

914 1267 975 1313 c.
1031 1268 1395 1316 pmmns
1447 1263 1813 1316 Jumoni
1862 1243 1896 1277 ¹*
1945 1269 2107 1317 suo
2156 1272 2206 1317 s.

590 1445 1107 1515 CAsTmABAT
1143 1443 1415 1540 quidam
1451 1443 1662 1514 filium
1693 1470 1922 1533 suum,
1958 1446 2144 1540 quod
2177 1445 2408 1544 paullo
2441 1472 2622 1516 sum-

492 1553 748 1620 tuosius
773 1577 981 1647 equos
1006 1570 1077 1622 et
1101 1577 1298 1624 canes
1324 1569 1596 1623 emeret.
1630 1555 1808 1624 Huic
1843 1579 1987 1650 eg0‚
2007 1555 2255 1649 juvene
2293 1554 2623 1651 digresso,

492 1692 527 1726 α
545 1667 728 1731 Heus
747 1679 821 1731 tu
835 1715 855 1750 ‚
873 1687 1308 1757 nunquamne
1330 1663 1574 1748 fecisti,
1595 1664 1780 1761 quod
1797 1690 1836 1733 a
1860 1679 2052 1759 patre
2076 1665 2325 1759 corripi
2352 1665 2624 1762 posset?

491 1771 775 1842 Fecisti?
796 1773 965 1842 dico.
985 1777 1144 1844 Non
1174 1773 1514 1844 interdum
1545 1775 1741 1863 facis,
1772 1773 1956 1869 quod
1991 1772 2166 1844 filius
2203 1789 2392 1863 tuuS,
2421 1777 2472 1844 si
2517 1801 2624 1844 re-

492 1899 693 1977 pente
737 1900 927 1981 pater
982 1883 1093 1955 ille
1114 1939 1134 1971 ‚
1180 1900 1256 1954 tu
1316 1884 1532 1973 filius,
1565 1885 1714 1979 pari
1759 1884 2084 1979 gravitate
2133 1883 2627 1978 reprehendat?

489 1995 646 2064 Non
674 2020 905 2064 omnes
938 1995 1244 2065 homines
1276 1987 1504 2090 aliq'uo
1537 2019 1766 2064 errore
1799 1995 2187 2065 ducuntur?
2213 1997 2370 2064 Non
2403 1995 2516 2064 hic
2544 1998 2622 2065 in

422 2122 451 2154 ²
492 2103 606 2174 illo
658 2105 818 2192 sibi,
869 2107 938 2174 in
995 2106 1125 2175 hoc
1176 2105 1377 2194 alius,
1415 2104 1812 2200 indulget?»
1849 2109 2009 2175 Haec
2063 2105 2186 2175 tibi
2235 2105 2620 2176 admonitus

491 2215 859 2284 immodicae
894 2215 1265 2284 severitatis
1304 2213 1646 2309 exemplo,
1689 2241 1815 2311 pro
1855 2239 2086 2285 amore
2127 2231 2404 2303 mutue,
2453 2219 2621 2287 scri-

485 2325 622 2421 psi,
657 2351 742 2395 ne
790 2324 1061 2420 quando
1104 2339 1175 2394 tu
1215 2351 1487 2421 quoque
1527 2324 1742 2395 filium
1784 2340 1975 2396 tuum
2015 2325 2318 2397 acerbius
2353 2327 2616 2397 durius—

484 2462 615 2531 que
650 2450 990 2506 tractares.
1034 2438 1272 2530 Cogita
1305 2451 1372 2506 et
1408 2434 1600 2527 illum
1636 2462 1921 2532 puerum
1949 2459 2131 2525 esse,
2162 2454 2230 2506 et
2265 2452 2332 2507 te
2365 2436 2614 2508 fuisse:

483 2562 684 2642 atque
712 2548 803 2616 ita
828 2546 991 2632 hoc,
1018 2548 1201 2642 quod
1236 2572 1305 2617 es
1341 2562 1552 2643 pater,
1581 2561 1802 2635 utere,
1831 2562 1908 2616 ut
1939 2548 2320 2617 memineris
2339 2602 2360 2635 ,
2389 2562 2459 2617 et
2483 2548 2613 2617 ho-

484 2658 734 2726 minem
776 2682 913 2727 esse
951 2673 1055 2749 te,
1092 2673 1160 2728 et
1192 2658 1484 2729 hominis
1525 2674 1809 2754 patrem.
1837 2658 2026 2730 Vale.

550 2856 707 2910 XII?
721 2862 918 2911 Iuniori
932 2860 1089 2912 etiam
1103 2860 1492 2933 VIILepistola
1661 2892 1732 2902 -—-
1753 2864 1984 2913 vait'as
1995 2900 2014 2923 ,
2039 2861 2304 2915 severitas.
2333 2890 2404 2901 ——
2433 2862 2606 2926 Error,

486 2938 547 2991 15
569 2939 781 3011 scripta.
800 2938 905 2992 En.
1589 2942 1748 2995 etiam
1769 2940 1837 2995 de
1853 2941 2108 3011 perversis
2123 2940 2402 2993 hominum
2422 2940 2610 2995 studiis

556 3036 576 3069 ι
590 3056 603 3069 .
626 3024 792 3087 Equos
814 3033 863 3069 ec
884 3037 1045 3069 canes.
1064 3017 1289 3072 Delicias
1302 3020 1494 3091 juven·
1591 3020 1802 3073 dicitur.
1826 3021 2034 3083 Cicer-0,
2059 3020 2128 3073 ad
2149 3020 2306 3072 Attio.
2331 3020 2440 3071 xn
2461 3060 2476 3087 ,
2502 3018 2569 3085 43
2589 3058 2604 3085 ,

478 3097 625 3162 tutis,
642 3116 759 3170 quae
780 3100 976 3147 Gaudet
990 3101 1150 3165 equis,
1172 3101 1488 3166 canibusque,
1591 3099 1659 3154 de
1691 3094 1976 3172 cupiditate
2010 3120 2106 3153 sua
2139 3116 2327 3170 agrurn
2349 3100 2561 3152 emendi
2586 3122 2601 3154 :

477 3193 528 3230 et
546 3182 706 3246 aprici
715 3180 941 3246 gramine
956 3180 1121 3244 campi
1130 3214 1151 3237 ,
1170 3188 1269 3229 etc.
1289 3178 1494 3242 Quere·
1599 3206 1623 3227 ι
1639 3178 1908 3233 Ferendus
1934 3180 2032 3233 tibi
2055 3181 2110 3233 in
2135 3180 2240 3231 hoc
2259 3196 2410 3232 meus
2431 3198 2570 3231 error
2586 3200 2605 3230 .-

477 3260 551 3311 las
584 3271 795 3329 patrum
832 3257 901 3310 dc
931 3257 1164 3309 filiorum
1194 3260 1495 3331 ἱπποτροφὶᾳ
1590 3259 1874 3313 ferendus?
1893 3261 2058 3313 immo
2073 3278 2200 3312 vero
2219 3258 2594 3331 aajuvandusa

477 3338 741 3407 eleganter
758 3336 1006 3409 proponit
1024 3336 1080 3389 in
1098 3333 1331 3389 Nubium
1349 3336 1494 3408 prin·
1589 3369 1657 3378 —
1669 3345 1938 3400 Ducuntur,
1955 3352 2204 3411 tanquam
2219 3337 2412 3408 captivi
2431 3338 2516 3406 :lin
2523 3336 2602 3391 fra

476 3417 615 3487 cipio
636 3416 1029 3488 Aristophanes.
1048 3418 1117 3469 G.
1590 3434 1672 3489 ep.
1703 3434 1786 3489 17,
1809 3420 1864 3483 3,
1882 3422 1998 3487 capi
2014 3431 2064 3469 ee
2083 3420 2211 3471 duci.
2235 3418 2336 3471 En.
