2857 4690
704 427 1223 499 PANEGYR.
1278 429 1492 498 CAP.
1546 432 1824 500 LXXI.

2191 425 2326 502 355

209 566 319 659 qui
348 561 569 632 dabat.
600 560 802 650 Quod
836 561 1084 630 factum
1112 573 1302 629 tuum
1334 585 1373 630 a
1402 577 1645 632 cuncto
1679 576 1910 632 senatu
1941 588 2142 658 quam
2173 589 2331 634 vera
2365 570 2416 638 4

210 669 683 741 acclamatione
719 663 1122 737 celebratum
1159 681 1291 751 est,
1332 690 1570 740 'muro
1607 693 1848 739 raason
1868 723 1889 756 ,
1929 693 2166 741 Tauro
2209 693 2334 742 AU-

212 770 559 846 ous'rlon!
587 798 742 842 nam
775 774 883 842 cui
909 771 1069 841 nihil
1098 771 1185 841 ad
1226 773 1606 868 augendum
1638 774 1970 868 fastigium
1999 775 2332 870 superest,

208 883 317 952 hie
359 903 501 950 uno
542 878 742 949 modo
786 899 1081 949 crescere
1124 892 1376 973 potest,
1420 881 1474 948 si
1518 905 1588 950 se
1624 881 1764 976 ipse
1806 876 2178 970 submittat,
2223 906 2332 952 se-

212 1013 412 1058 curus
466 984 933 1080 magnitudinis
984 1007 1161 1055 suae:
1207 1009 1419 1080 neque
1479 987 1655 1055 enim
1705 986 1790 1055 ab
1846 985 1982 1056 ullo
2039 987 2332 1081 periculo
2370 991 2402 1043 ⁵

212 1093 484 1164 fortuna
527 1094 903 1187 principum
946 1089 1206 1186 longius
1260 1091 1481 1180 abest,
1532 1116 1730 1187 quam
1772 1091 1858 1160 ab
1902 1090 2332 1162 humilitatis:

211 1201 375 1269 mihi
414 1198 682 1292 quidem
714 1222 850 1267 non
885 1211 1021 1265 tam
1063 1197 1436 1268 humanitas
1472 1212 1620 1287 tua,
1651 1222 1850 1293 quam
1893 1199 2168 1268 intentio
2195 1195 2336 1294 ejus

212 1303 619 1374 admirabilis
652 1302 1018 1373 videbatur.
1057 1305 1327 1398 Quippe
1363 1327 1569 1398 quum
1604 1305 1887 1374 orationi
1918 1303 2179 1392 oculos»,
2213 1329 2334 1374 vo-
2371 1309 2406 1358 6

216 1437 398 1497 cem,
440 1433 709 1479 manum
761 1408 1261 1496 commodares3
1315 1422 1392 1478 ut
1434 1411 1486 1479 si
1531 1407 1641 1480 alii
1689 1408 1918 1479 eadem
1967 1411 2092 1480 ista
2141 1405 2338 1480 man-

216 1517 472 1602 dasses,
519 1539 748 1586 omnes
797 1515 1123 1583 comitatis
1172 1537 1483 1586 numeros
1539 1515 1808 1586 obibas:
1861 1529 2057 1610 atque
2105 1517 2340 1602 etiam,

218 1649 425 1720 quum
470 1621 981 1715 suffragatorum
1028 1622 1296 1690 nomina
1334 1621 1592 1689 honore
1615 1675 1636 1710 ,
1688 1646 1822 1715 quo
1869 1619 2084 1690 solent
2105 1673 2126 1708 ‚
2162 1622 2340 1691 exci-

218 1813 323 1868 eies
336 1831 351 1864 :
366 1812 615 1886 princeps
632 1819 683 1862 et
695 1807 1011 1863 candidatus
1024 1806 1238 1879 aequati,

222 1903 273 1945 et
296 1887 458 1945 simul
476 1899 668 1942 stantes
693 1888 707 1940 ἒ
730 1911 754 1934 ι
782 1887 847 1940 Ε.
870 1916 941 1928 -·
965 1885 1106 1939 Add.
1133 1886 1240 1939 Ge·

220 1971 361 2024 sueri
394 1967 467 2023 ad
495 1968 545 2021 J.
585 1969 649 2019 A.
681 1967 977 2019 Ernestium
1001 1964 1237 2038 epistola.

222 2049 271 2103 J.
324 2049 415 2102 Fr.
476 2045 735 2100 Gronovii
776 2048 1132 2118 conjecturam
1184 2043 1242 2096 in

222 2127 451 2184 dian-ibe
488 2123 555 2179 ad
586 2125 809 2178 Statium
842 2134 1208 2196 expromptam
1226 2159 1242 2186 ,

222 2208 290 2262 de
307 2225 419 2279 qua
449 2202 846 2274 Schwarzius'p.
868 2206 991 2256 566.
1015 2203 1071 2255 b.
1090 2240 1105 2264 ,
1123 2221 1245 2274 pro-

224 2287 314 2341 bat
338 2280 721 2355 Cuningamius
749 2280 1027 2334 Animadv.
1052 2280 1107 2332 in
1134 2281 1247 2333 Ho-

225 2366 419 2421 ratium
442 2362 617 2416 Bentl.
641 2379 763 2433 cap.
784 2360 937 2414 xm.
954 2378 1076 2433 pag.
1104 2360 1204 2415 235
1226 2400 1243 2427 ,

226 2444 429 2499 addens
469 2452 522 2495 et
553 2444 700 2493 simul
729 2458 792 2494 ex
827 2439 1249 2511 interpretatione

228 2522 477 2579 vocabuli
498 2523 707 2589 aequitus
744 2518 801 2571 in
836 2529 1138 2571 contextum
1173 2520 1247 2571 ir-

230 2603 449 2675 repsisse
492 2599 591 2653 sibi
630 2596 819 2651 videri.
854 2598 931 2650 De
960 2600 1098 2664 ἅπαξ
1116 2608 1250 2671 λεγο-

232 2688 389 2757 μᾶνοις
409 2721 427 2749 ,
445 2678 601 2753 quale
626 2676 762 2732 illud
798 2674 1026 2730 amabile
1053 2678 1252 2731 scilieet

231 2755 1253 2833 aquinffiphnementiorschwmios.

303 2842 359 2895 Ε.
378 2842 591 2893 Intentio
604 2839 727 2907 ejus.
744 2834 953 2889 Gradus
967 2834 1057 2889 ille
1070 2836 1255 2908 ingens

233 2919 511 2994 diligentia
530 2956 547 2982 ,
574 2934 734 2988 quem
762 2915 821 2968 in
840 2933 903 2968 ea
932 2912 1251 2981 adhibuisti3

234 3002 326 3072 qui
363 3000 527 3053 etiam
566 2996 703 3049 inter
756 2992 1019 3067 agendum
1042 3031 1059 3059 ,
1094 3012 1255 3049 occu·

232 3078 367 3150 patin
383 3115 400 3142 ,
424 3077 481 3129 in
498 3075 739 3128 oratione
764 3071 833 3127 de
854 3070 1256 3125 candidatorum

238 3152 701 3211 commendatione
716 3149 963 3206 habenda
978 3188 994 3215 ,
1016 3169 1138 3204 cum
1168 3168 1259 3205 vo-

236 3254 319 3302 ce,
345 3236 505 3289 etiam
526 3232 695 3286 oeulis
712 3242 764 3285 et
781 3231 1024 3284 manibus
1039 3267 1056 3294 ,
1082 3242 1259 3283 tamen

236 3332 421 3369 omnes
444 3314 561 3366 illas
570 3310 828 3365 comitatis
850 3322 903 3363 et
920 3309 1263 3362 humanitatis

238 3391 709 3449 demonstrationes
723 3388 904 3443 ederes
908 3409 925 3457 ;
936 3389 1109 3461 quasi,
1117 3406 1264 3443 man·

240 3472 367 3527 dato
382 3472 475 3525 alii
498 3468 711 3525 dicendi
729 3468 905 3523 officio
928 3506 945 3533 ,
960 3468 1093 3521 nihil
1114 3466 1263 3521 aliud

235 3555 348 3624 jam
371 3568 537 3622 quam
565 3546 758 3620 privati
779 3546 1117 3623 gratulatoria
1140 3545 1263 3599 offi-

241 3630 327 3685 cio
344 3626 641 3701 flingen-eris
657 3644 671 3679 :
690 3624 853 3699 idque
870 3643 1039 3698 usque
1056 3644 1121 3678 eo
1136 3662 1154 3689 ‚
1175 3638 1233 3679 ut
1245 3664 1262 3691 ,

242 3726 409 3781 quum
435 3706 721 3760 nominatis
753 3724 786 3760 a
818 3716 871 3758 te
890 3744 906 3771 ,
938 3705 1031 3777 qui
1070 3723 1264 3757 unum·

242 3803 508 3862 quemque
534 3784 875 3839 candidatum
903 3784 1265 3839 commendas-

245 3879 361 3921 sent
380 3904 396 3931 ,
442 3864 837 3918 acclamationis
858 3862 1016 3917 solita:
1034 3864 1207 3917 honor
1235 3882 1267 3917 a
1302 3930 1309 3939 .

246 3944 575 4001 senatoribus
599 3942 815 4016 reliquis
838 3942 1121 3997 haberetur
1138 3982 1155 4009 ,
1176 3958 1271 3997 vta

248 4043 486 4081 onnus
515 4040 609 4076 ts:-
627 4060 643 4089 ,
666 4033 767 4077 etc.
788 4060 805 4087 ,
829 4042 997 4097 eoque
1030 4023 1281 4097 interpelf

250 4105 446 4158 lai-etur
462 4114 557 4157 tua
570 4104 708 4156 actio
724 4140 739 4167 ,
766 4103 876 4175 ipse
898 4120 1109 4175 quoque
1127 4102 1275 4155 vocis

252 4196 355 4239 ωε
404 4181 652 4237 eumdem
699 4180 957 4237 bonorem
1006 4178 1227 4235 adderes
1254 4218 1275 4246 ‚

1326 1805 1644 1880 plaususque
1655 1819 1708 1860 et
1733 1827 1998 1862 assensum
2026 1811 2343 1863 senatorium

1326 1886 1551 1940 orationi
1573 1899 1676 1940 tuae
1691 1887 2042 1942 intersererem
2063 1889 2133 1942 G.
2151 1919 2223 1932 ·-
2236 1889 2344 1942 Ne·

1328 1967 1438 2020 scio
1467 1985 1574 2038 quo
1601 1967 1760 2021 modo
1793 1968 1906 2022 hac
1941 1969 2215 2042 explicatio
2239 1972 2346 2026 Ge-

1330 2045 1470 2100 sneri
1507 2045 1639 2099 mihi
1665 2045 1733 2100 ad
1766 2048 2162 2119 intelligendum
2199 2049 2348 2106 hune

1330 2125 1508 2178 locum
1529 2143 1639 2178 non
1661 2125 1928 2181 satisfacit.
1956 2127 2140 2182 Boreo
2157 2128 2215 2182 in
2243 2129 2348 2186 illis

1330 2203 1544 2258 verbis:
1589 2219 1644 2256 ae
1670 2208 1832 2258 sintii
1861 2211 2032 2260 eadem
2069 2199 2168 2260 zita
2202 2229 2346 2261 man-

1332 2285 1498 2336 dasses
1532 2321 1548 2349 ,
1591 2303 1708 2358 quoe
1749 2284 2034 2342 etiamnum
2073 2305 2182 2340 non
2221 2289 2350 2342 satis

1334 2362 1612 2418 emendata
1637 2382 1746 2419 esse
1766 2364 2011 2420 arbitror.
2031 2366 2094 2420 E.

1406 2446 1460 2495 6.
1482 2446 1770 2496 Mandanes
1789 2484 1805 2506 ‚
1848 2464 2026 2499 omnes.
2061 2448 2186 2501 Post
2209 2468 2350 2500 mau-

1335 2523 1499 2574 dasses
1507 2522 1830 2597 intel-pungit
1837 2524 2210 2600 SchwarzAEgo
2219 2541 2352 2600 puto

1335 2599 1616 2656 cohaere.
1634 2604 1937 2671 G.--Qemm
1947 2608 2360 2677 &effingam-um,-
2461 2632 2468 2654 ι

1338 2690 1441 2733 eto.
1473 2682 1523 2734 J.
1548 2683 1612 2733 A.
1643 2682 1770 2735 Ern.
1804 2684 1958 2737 unice
1992 2686 2182 2757 probat
2204 2708 2356 2755 quum

1338 2760 1692 2829 siff-agatore»-
1711 2767 1938 2814 ιιοηιέιια.
1960 2802 1974 2815 .
1995 2800 2010 2813 .
2031 2800 2042 2814 .
2055 2769 2350 2833 exciperent.

1338 2836 1484 2891 Gieri
1490 2840 1646 2910 giaua
1666 2839 1827 2893 habet
1839 2860 1988 2909 quum
2003 2844 2356 2912 effugator-es

1341 2919 1720 2969 candidatorum
1735 2923 1955 2971 νιοιηένια.
1968 2955 1984 2969 .
2004 2957 2018 2971 .
2039 2924 2352 2989 .ε.τσέρσενιε.

1342 2993 1494 3047 Idem
1506 2994 1727 3048 daturus
1747 3008 1862 3051 erat
1871 3009 2048 3051 noster
2063 2998 2352 3055 Ernestius.

1347 3098 1371 3120 ι
1400 3074 1485 3127 sic
1502 3110 1519 3137 ,
1557 3074 1730 3145 inquit
1746 3112 1764 3139 ,
1797 3094 1828 3129 e
1863 3076 2028 3147 Lipaii
2057 3080 2358 3151 conjectura

1346 3170 1470 3205 eum
1495 3151 1816 3218 sahmi-zio,
1844 3172 2004 3227 quem
2027 3168 2082 3209 et
2095 3156 2358 3228 Gierigius

1346 3243 1600 3304 sequutus
1636 3244 1714 3286 est
1724 3266 1744 3297 1
1771 3233 1928 3289 edere
1957 3254 2068 3289 non
2099 3234 2356 3290 dubitavi.

1347 3312 1614 3365 Gesner-us
1637 3352 1654 3379 ,
1693 3313 1894 3369 nullam
1926 3314 2190 3370 varietatis
2215 3334 2360 3369 men-

1348 3390 1546 3445 tionem
1591 3390 1790 3447 faciens
1819 3428 1838 3459 ,
1882 3390 2114 3447 ediderat
2145 3412 2160 3446 ε
2211 3414 2360 3462 quum

1349 3489 1374 3524 s
1595 3488 1734 3521 orum
1776 3506 1792 3535 ‚
1843 3481 1945 3524 etc.
1991 3471 2237 3537 Verum,
2300 3486 2366 3527 ut
2448 3522 2458 3527 -

1349 3548 1609 3621 Gierigim
1645 3549 1846 3603 notavit
1865 3590 1881 3616 ,
1915 3569 2025 3605 non
2045 3551 2361 3624 suffragato-

1350 3646 1472 3761 τὲιὲη
1494 3626 2331 3759 ηοέὲιὲἲομμπωεοκοίρὶώωτω
2343 3669 2360 3696 ,

1352 3724 1602 3840 :emesaunnt
1618 3726 1882 3841 senaar-eas
1897 3824 1914 3851 ,
1932 3710 2364 3861 fflggiffatgs

1355 3864 1474 3919 illos
1483 3863 1711 3935 Principi
1730 3865 2180 3927 commendarant.
2191 3870 2366 3935 »Quid

1356 3942 1401 3998 si
1428 3982 1446 4007 ‚
1493 3942 1700 3997 duabus
1739 3947 2066 4018 transpositis
2109 3950 2327 4003 vocibus
2345 3986 2364 4012 ‚

1357 4022 1674 4094 refingamus
1697 4037 1712 4073 ε
1754 4047 1776 4070 ι
1789 4042 1954 4097 quum
1979 4026 2194 4081 nomina
2213 4032 2236 4099 (
2253 4028 2366 4082 scil.

1362 4099 1798 4171 candidatorum)
1821 4102 2230 4178 suffragatorum
2269 4106 2370 4161 ho-

1362 4198 1494 4235 nore
1517 4217 1536 4245 ,
1561 4198 1668 4251 quo
1699 4178 1872 4237 solent
1891 4220 1910 4247 ‚
1933 4183 2312 4256 exciperentur.
2341 4208 2364 4232 ι

1947 4292 2070 4363 23.
