<?xml version="1.0" encoding="UTF-8"?>
<!DOCTYPE html PUBLIC "-//W3C//DTD XHTML 1.0 Transitional//EN"
    "http://www.w3.org/TR/xhtml1/DTD/xhtml1-transitional.dtd">
<html xmlns="http://www.w3.org/1999/xhtml" xml:lang="en" lang="en">
 <head>
  <title>
</title>
<meta http-equiv="Content-Type" content="text/html;charset=utf-8" />
  <meta name='ocr-system' content='tesseract 3.04.00' />
  <meta name='ocr-capabilities' content='ocr_page ocr_carea ocr_par ocr_line ocrx_word'/>
</head>
<body>
  <div class='ocr_page' id='page_1' title='image "./cpliniisecundie00schgoog_0090.png"; bbox 0 0 2857 4690; ppageno 0'>
   <div class='ocr_carea' id='block_1_1' title="bbox 819 335 2305 468">
    <p class='ocr_par' dir='ltr' id='par_1_1' title="bbox 819 335 2305 468">
     <span class='ocr_line' id='line_1_1' title="bbox 819 335 2305 468; baseline 0.004 -14"><span class='ocrx_word' id='word_1_1' title='bbox 819 389 1355 468; x_wconf 77' lang='lat' dir='ltr'><strong>EPISTOLA</strong></span> <span class='ocrx_word' id='word_1_2' title='bbox 1406 389 1694 461; x_wconf 89' lang='lat' dir='ltr'><strong>XXIV.</strong></span> <span class='ocrx_word' id='word_1_3' title='bbox 2201 335 2305 462; x_wconf 29' lang='lat'>&#39;81</span> 
     </span>
    </p>
   </div>
   <div class='ocr_carea' id='block_1_2' title="bbox 208 507 2386 1152">
    <p class='ocr_par' dir='ltr' id='par_1_2' title="bbox 208 507 2386 1152">
     <span class='ocr_line' id='line_1_2' title="bbox 216 507 2314 611; baseline 0.002 -35"><span class='ocrx_word' id='word_1_4' title='bbox 216 509 371 602; x_wconf 89' lang='lat' dir='ltr'>quod</span> <span class='ocrx_word' id='word_1_5' title='bbox 385 507 571 577; x_wconf 89' lang='lat' dir='ltr'>illum</span> <span class='ocrx_word' id='word_1_6' title='bbox 588 531 758 576; x_wconf 88' lang='lat' dir='ltr'>anus</span> <span class='ocrx_word' id='word_1_7' title='bbox 773 510 993 576; x_wconf 87' lang='lat' dir='ltr'>Attica</span> <span class='ocrx_word' id='word_1_8' title='bbox 1015 510 1107 577; x_wconf 88' lang='lat' dir='ltr'>ita</span> <span class='ocrx_word' id='word_1_9' title='bbox 1128 510 1500 611; x_wconf 81' lang='lat' dir='ltr'>noscitavit,</span> <span class='ocrx_word' id='word_1_10' title='bbox 1519 512 1720 591; x_wconf 82' lang='grc' dir='ltr'>Οὗτός</span> <span class='ocrx_word' id='word_1_11' title='bbox 1747 517 1880 581; x_wconf 83' lang='grc' dir='ltr'>ἐστι</span> <span class='ocrx_word' id='word_1_12' title='bbox 1903 515 2314 607; x_wconf 69' lang='grc' dir='ltr'><strong>Δημοσθένηςς</strong></span> 
     </span>
     <span class='ocr_line' id='line_1_3' title="bbox 215 618 2317 718; baseline 0.001 -30"><span class='ocrx_word' id='word_1_13' title='bbox 215 641 325 714; x_wconf 81' lang='lat' dir='ltr'>ego</span> <span class='ocrx_word' id='word_1_14' title='bbox 350 618 728 688; x_wconf 83' lang='lat' dir='ltr'>celebritate</span> <span class='ocrx_word' id='word_1_15' title='bbox 754 619 1043 688; x_wconf 89' lang='lat' dir='ltr'>nominis</span> <span class='ocrx_word' id='word_1_16' title='bbox 1070 619 1201 688; x_wconf 89' lang='lat' dir='ltr'>mei</span> <span class='ocrx_word' id='word_1_17' title='bbox 1232 619 1522 716; x_wconf 85' lang='lat' dir='ltr'>gaudere</span> <span class='ocrx_word' id='word_1_18' title='bbox 1551 646 1687 689; x_wconf 91' lang='lat' dir='ltr'>non</span> <span class='ocrx_word' id='word_1_19' title='bbox 1721 620 1970 690; x_wconf 85' lang='lat' dir='ltr'>debeo?</span> <span class='ocrx_word' id='word_1_20' title='bbox 1988 624 2133 718; x_wconf 84' lang='lat' dir='ltr'>Ego</span> <span class='ocrx_word' id='word_1_21' title='bbox 2161 648 2317 692; x_wconf 86' lang='lat' dir='ltr'>vero</span> 
     </span>
     <span class='ocr_line' id='line_1_4' title="bbox 216 717 2386 830; baseline -0.001 -33"><span class='ocrx_word' id='word_1_22' title='bbox 216 744 273 797; x_wconf 91' lang='lat' dir='ltr'>et</span> <span class='ocrx_word' id='word_1_23' title='bbox 297 728 573 830; x_wconf 76' lang='lat' dir='ltr'>gaudeo,</span> <span class='ocrx_word' id='word_1_24' title='bbox 611 745 679 797; x_wconf 92' lang='lat' dir='ltr'>et</span> <span class='ocrx_word' id='word_1_25' title='bbox 723 727 1013 823; x_wconf 84' lang='lat' dir='ltr'>gaudere</span> <span class='ocrx_word' id='word_1_26' title='bbox 1055 755 1161 797; x_wconf 88' lang='lat' dir='ltr'>me</span> <span class='ocrx_word' id='word_1_27' title='bbox 1201 731 1375 799; x_wconf 75' lang='lat' dir='ltr'>dico,</span> <span class='ocrx_word' id='word_1_28' title='bbox 1428 734 1664 824; x_wconf 86' lang='lat' dir='ltr'>Neque</span> <span class='ocrx_word' id='word_1_29' title='bbox 1715 733 1894 800; x_wconf 87' lang='lat' dir='ltr'>enim</span> <span class='ocrx_word' id='word_1_30' title='bbox 1931 756 2198 814; x_wconf 84' lang='lat' dir='ltr'>vereor,</span> <span class='ocrx_word' id='word_1_31' title='bbox 2219 717 2319 799; x_wconf 44' lang='lat' dir='ltr'>&#39;ne</span> <span class='ocrx_word' id='word_1_32' title='bbox 2353 743 2386 793; x_wconf 87' lang='lat'><strong>6</strong></span> 
     </span>
     <span class='ocr_line' id='line_1_5' title="bbox 208 825 2318 936; baseline 0.002 -30"><span class='ocrx_word' id='word_1_33' title='bbox 208 839 543 932; x_wconf 84' lang='lat' dir='ltr'>jactantior</span> <span class='ocrx_word' id='word_1_34' title='bbox 584 837 841 924; x_wconf 87' lang='lat' dir='ltr'>videar,</span> <span class='ocrx_word' id='word_1_35' title='bbox 885 863 1095 932; x_wconf 89' lang='lat' dir='ltr'>quum</span> <span class='ocrx_word' id='word_1_36' title='bbox 1152 839 1234 908; x_wconf 91' lang='lat' dir='ltr'>de</span> <span class='ocrx_word' id='word_1_37' title='bbox 1292 866 1399 909; x_wconf 89' lang='lat' dir='ltr'>me</span> <span class='ocrx_word' id='word_1_38' title='bbox 1450 825 1730 910; x_wconf 85' lang='lat' dir='ltr'>aliorum</span> <span class='ocrx_word' id='word_1_39' title='bbox 1775 840 2138 936; x_wconf 85' lang='lat' dir='ltr'>judicium,</span> <span class='ocrx_word' id='word_1_40' title='bbox 2181 867 2318 910; x_wconf 90' lang='lat' dir='ltr'>non</span> 
     </span>
     <span class='ocr_line' id='line_1_6' title="bbox 214 948 2319 1050; baseline 0.002 -34"><span class='ocrx_word' id='word_1_41' title='bbox 214 973 415 1017; x_wconf 89' lang='lat' dir='ltr'>meum</span> <span class='ocrx_word' id='word_1_42' title='bbox 433 1003 451 1034; x_wconf 90' lang='lat'>‚</span> <span class='ocrx_word' id='word_1_43' title='bbox 472 948 781 1044; x_wconf 88' lang='lat' dir='ltr'>profero:</span> <span class='ocrx_word' id='word_1_44' title='bbox 816 951 1181 1042; x_wconf 84' lang='lat' dir='ltr'>praesertim</span> <span class='ocrx_word' id='word_1_45' title='bbox 1203 951 1383 1044; x_wconf 88' lang='lat' dir='ltr'>apud</span> <span class='ocrx_word' id='word_1_46' title='bbox 1410 965 1504 1038; x_wconf 91' lang='lat' dir='ltr'>te,</span> <span class='ocrx_word' id='word_1_47' title='bbox 1543 954 1659 1047; x_wconf 89' lang='lat' dir='ltr'>qui</span> <span class='ocrx_word' id='word_1_48' title='bbox 1689 977 1812 1023; x_wconf 89' lang='lat' dir='ltr'>nec</span> <span class='ocrx_word' id='word_1_49' title='bbox 1839 951 2040 1023; x_wconf 89' lang='lat' dir='ltr'>ullius</span> <span class='ocrx_word' id='word_1_50' title='bbox 2067 952 2319 1050; x_wconf 76' lang='lat' dir='ltr'>invides</span> 
     </span>
     <span class='ocr_line' id='line_1_7' title="bbox 214 1059 1341 1152; baseline 0.002 -24"><span class='ocrx_word' id='word_1_51' title='bbox 214 1059 529 1152; x_wconf 88' lang='lat' dir='ltr'>laudibus,</span> <span class='ocrx_word' id='word_1_52' title='bbox 556 1078 626 1131; x_wconf 92' lang='lat' dir='ltr'>et</span> <span class='ocrx_word' id='word_1_53' title='bbox 656 1063 836 1133; x_wconf 85' lang='lat' dir='ltr'>faves</span> <span class='ocrx_word' id='word_1_54' title='bbox 864 1064 1130 1133; x_wconf 87' lang='lat' dir='ltr'>nostris.</span> <span class='ocrx_word' id='word_1_55' title='bbox 1160 1063 1341 1132; x_wconf 85' lang='lat' dir='ltr'>Vale.</span> 
     </span>
    </p>
   </div>
   <div class='ocr_carea' id='block_1_3' title="bbox 1044 1290 1317 1310">
    <p class='ocr_par' dir='ltr' id='par_1_3' title="bbox 1044 1290 1317 1310">
     <span class='ocr_line' id='line_1_8' title="bbox 1044 1290 1317 1310; baseline 0 3380"><span class='ocrx_word' id='word_1_56' title='bbox 1044 1290 1317 1310; x_wconf 95' lang='lat' dir='ltr'> </span> 
     </span>
    </p>
   </div>
   <div class='ocr_carea' id='block_1_4' title="bbox 1318 1289 2322 1311">
    <p class='ocr_par' dir='ltr' id='par_1_4' title="bbox 1318 1289 2322 1311">
     <span class='ocr_line' id='line_1_9' title="bbox 1318 1289 2322 1311; baseline -0.002 -1"><span class='ocrx_word' id='word_1_57' title='bbox 1318 1289 2322 1311; x_wconf 54' lang='lat' dir='ltr'>§mm-mmmmm</span> 
     </span>
    </p>
   </div>
   <div class='ocr_carea' id='block_1_5' title="bbox 1071 1477 1440 1566">
    <p class='ocr_par' dir='ltr' id='par_1_5' title="bbox 1071 1477 1440 1566">
     <span class='ocr_line' id='line_1_10' title="bbox 1071 1477 1440 1566; baseline 0.003 -3"><span class='ocrx_word' id='word_1_58' title='bbox 1071 1477 1440 1566; x_wconf 89' lang='lat' dir='ltr'><strong>XXIV.</strong></span> 
     </span>
    </p>
   </div>
   <div class='ocr_carea' id='block_1_6' title="bbox 298 1699 2216 1780">
    <p class='ocr_par' dir='ltr' id='par_1_6' title="bbox 298 1699 2216 1780">
     <span class='ocr_line' id='line_1_11' title="bbox 298 1699 2216 1780; baseline 0.001 -22"><span class='ocrx_word' id='word_1_59' title='bbox 298 1701 523 1759; x_wconf 77' lang='lat' dir='ltr'>Gratias</span> <span class='ocrx_word' id='word_1_60' title='bbox 552 1699 700 1779; x_wconf 83' lang='lat' dir='ltr'>agit,</span> <span class='ocrx_word' id='word_1_61' title='bbox 730 1700 889 1778; x_wconf 90' lang='lat' dir='ltr'>quod</span> <span class='ocrx_word' id='word_1_62' title='bbox 916 1699 1187 1780; x_wconf 86' lang='lat' dir='ltr'>precibus</span> <span class='ocrx_word' id='word_1_63' title='bbox 1218 1719 1329 1779; x_wconf 91' lang='lat' dir='ltr'>pro</span> <span class='ocrx_word' id='word_1_64' title='bbox 1358 1699 1573 1759; x_wconf 87' lang='lat' dir='ltr'>liberto</span> <span class='ocrx_word' id='word_1_65' title='bbox 1603 1701 1721 1760; x_wconf 88' lang='lat' dir='ltr'>suis</span> <span class='ocrx_word' id='word_1_66' title='bbox 1745 1703 1941 1761; x_wconf 89' lang='lat' dir='ltr'>locum</span> <span class='ocrx_word' id='word_1_67' title='bbox 1973 1701 2216 1766; x_wconf 85' lang='lat' dir='ltr'>dederit.</span> 
     </span>
    </p>
   </div>
   <div class='ocr_carea' id='block_1_7' title="bbox 970 1885 1558 1956">
    <p class='ocr_par' dir='ltr' id='par_1_7' title="bbox 970 1885 1558 1956">
     <span class='ocr_line' id='line_1_12' title="bbox 970 1885 1558 1956; baseline 0 -18"><span class='ocrx_word' id='word_1_68' title='bbox 970 1885 1157 1953; x_wconf 80' lang='lat' dir='ltr'>(Conf.</span> <span class='ocrx_word' id='word_1_69' title='bbox 1184 1885 1295 1950; x_wconf 76' lang='lat' dir='ltr'>Lx,</span> <span class='ocrx_word' id='word_1_70' title='bbox 1324 1903 1409 1956; x_wconf 86' lang='lat' dir='ltr'>ep.</span> <span class='ocrx_word' id='word_1_71' title='bbox 1438 1888 1558 1954; x_wconf 84' lang='lat'><em>21.)</em></span> 
     </span>
    </p>
   </div>
   <div class='ocr_carea' id='block_1_8' title="bbox 595 2086 1912 2134">
    <p class='ocr_par' dir='ltr' id='par_1_8' title="bbox 595 2086 1912 2134">
     <span class='ocr_line' id='line_1_13' title="bbox 595 2086 1912 2134; baseline 0 0"><span class='ocrx_word' id='word_1_72' title='bbox 595 2087 657 2134; x_wconf 84' lang='lat' dir='ltr'>C.</span> <span class='ocrx_word' id='word_1_73' title='bbox 712 2087 1071 2134; x_wconf 78' lang='lat' dir='ltr'><strong>PLINIUS</strong></span> <span class='ocrx_word' id='word_1_74' title='bbox 1121 2086 1598 2133; x_wconf 72' lang='lat' dir='ltr'>sABlNlANO</span> <span class='ocrx_word' id='word_1_75' title='bbox 1650 2087 1808 2132; x_wconf 86' lang='lat' dir='ltr'>SUO</span> <span class='ocrx_word' id='word_1_76' title='bbox 1859 2089 1912 2134; x_wconf 83' lang='lat' dir='ltr'>S.</span> 
     </span>
    </p>
   </div>
   <div class='ocr_carea' id='block_1_9' title="bbox 212 2265 2331 3135">
    <p class='ocr_par' dir='ltr' id='par_1_9' title="bbox 212 2265 2331 3135">
     <span class='ocr_line' id='line_1_14' title="bbox 296 2265 2329 2367; baseline 0.001 -31"><span class='ocrx_word' id='word_1_77' title='bbox 296 2271 503 2340; x_wconf 71' lang='lat' dir='ltr'><strong>BENE</strong></span> <span class='ocrx_word' id='word_1_78' title='bbox 560 2269 810 2356; x_wconf 82' lang='lat' dir='ltr'>fecisti,</span> <span class='ocrx_word' id='word_1_79' title='bbox 858 2267 1039 2363; x_wconf 89' lang='lat' dir='ltr'>quod</span> <span class='ocrx_word' id='word_1_80' title='bbox 1098 2266 1452 2354; x_wconf 86' lang='lat' dir='ltr'>libertum,</span> <span class='ocrx_word' id='word_1_81' title='bbox 1495 2265 1853 2361; x_wconf 89' lang='lat' dir='ltr'>aliquando</span> <span class='ocrx_word' id='word_1_82' title='bbox 1897 2267 2014 2337; x_wconf 86' lang='lat' dir='ltr'>tibi</span> <span class='ocrx_word' id='word_1_83' title='bbox 2054 2294 2329 2367; x_wconf 75' lang='lat' dir='ltr'>carum,</span> 
     </span>
     <span class='ocr_line' id='line_1_15' title="bbox 214 2377 2331 2475; baseline 0.003 -30"><span class='ocrx_word' id='word_1_84' title='bbox 214 2378 666 2450; x_wconf 85' lang='lat' dir='ltr'>reducentibus</span> <span class='ocrx_word' id='word_1_85' title='bbox 693 2379 989 2475; x_wconf 89' lang='lat' dir='ltr'>epistolis</span> <span class='ocrx_word' id='word_1_86' title='bbox 1020 2380 1224 2467; x_wconf 90' lang='lat' dir='ltr'>meis,</span> <span class='ocrx_word' id='word_1_87' title='bbox 1253 2378 1321 2446; x_wconf 92' lang='lat' dir='ltr'>in</span> <span class='ocrx_word' id='word_1_88' title='bbox 1361 2377 1674 2463; x_wconf 88' lang='lat' dir='ltr'>domum,</span> <span class='ocrx_word' id='word_1_89' title='bbox 1713 2382 1781 2448; x_wconf 87' lang='lat' dir='ltr'>in</span> <span class='ocrx_word' id='word_1_90' title='bbox 1821 2382 2117 2449; x_wconf 90' lang='lat' dir='ltr'>animum</span> <span class='ocrx_word' id='word_1_91' title='bbox 2153 2407 2331 2451; x_wconf 91' lang='lat' dir='ltr'>rece-</span> 
     </span>
     <span class='ocr_line' id='line_1_16' title="bbox 212 2472 2330 2587; baseline 0.001 -27"><span class='ocrx_word' id='word_1_92' title='bbox 212 2492 367 2583; x_wconf 87' lang='lat' dir='ltr'>pisti.</span> <span class='ocrx_word' id='word_1_93' title='bbox 410 2492 685 2562; x_wconf 77' lang='lat' dir='ltr'>Juvabit</span> <span class='ocrx_word' id='word_1_94' title='bbox 721 2492 850 2560; x_wconf 91' lang='lat' dir='ltr'>hoc</span> <span class='ocrx_word' id='word_1_95' title='bbox 888 2505 955 2559; x_wconf 93' lang='lat' dir='ltr'>te</span> <span class='ocrx_word' id='word_1_96' title='bbox 991 2516 1007 2558; x_wconf 76' lang='lat' dir='ltr'>t</span> <span class='ocrx_word' id='word_1_97' title='bbox 1044 2516 1152 2559; x_wconf 89' lang='lat' dir='ltr'>me</span> <span class='ocrx_word' id='word_1_98' title='bbox 1195 2472 1637 2582; x_wconf 46' lang='lat' dir='ltr'>certe‘juvat3</span> <span class='ocrx_word' id='word_1_99' title='bbox 1679 2492 2005 2585; x_wconf 76' lang='lat' dir='ltr'>prim&#39;um,</span> <span class='ocrx_word' id='word_1_100' title='bbox 2042 2492 2223 2587; x_wconf 93' lang='lat' dir='ltr'>quod</span> <span class='ocrx_word' id='word_1_101' title='bbox 2265 2508 2330 2563; x_wconf 91' lang='lat' dir='ltr'>te</span> 
     </span>
     <span class='ocr_line' id='line_1_17' title="bbox 213 2599 2331 2696; baseline 0.003 -30"><span class='ocrx_word' id='word_1_102' title='bbox 213 2600 387 2671; x_wconf 84' lang='lat' dir='ltr'>talem</span> <span class='ocrx_word' id='word_1_103' title='bbox 424 2602 663 2690; x_wconf 81' lang='lat' dir='ltr'>video,</span> <span class='ocrx_word' id='word_1_104' title='bbox 701 2618 777 2670; x_wconf 91' lang='lat' dir='ltr'>ut</span> <span class='ocrx_word' id='word_1_105' title='bbox 818 2603 886 2669; x_wconf 89' lang='lat' dir='ltr'>in</span> <span class='ocrx_word' id='word_1_106' title='bbox 926 2603 1024 2669; x_wconf 86' lang='lat' dir='ltr'>ira</span> <span class='ocrx_word' id='word_1_107' title='bbox 1070 2600 1211 2695; x_wconf 85' lang='lat' dir='ltr'>regi</span> <span class='ocrx_word' id='word_1_108' title='bbox 1264 2600 1508 2694; x_wconf 90' lang='lat' dir='ltr'>possis;</span> <span class='ocrx_word' id='word_1_109' title='bbox 1545 2599 1782 2670; x_wconf 87' lang='lat' dir='ltr'>deinde</span> <span class='ocrx_word' id='word_1_110' title='bbox 1817 2602 2013 2696; x_wconf 24' lang='lat' dir='ltr'>,quod</span> <span class='ocrx_word' id='word_1_111' title='bbox 2069 2618 2331 2673; x_wconf 89' lang='lat' dir='ltr'>tantum</span> 
     </span>
     <span class='ocr_line' id='line_1_18' title="bbox 213 2709 2330 2804; baseline 0.002 -27"><span class='ocrx_word' id='word_1_112' title='bbox 213 2710 357 2780; x_wconf 86' lang='lat' dir='ltr'>mihi</span> <span class='ocrx_word' id='word_1_113' title='bbox 390 2712 635 2782; x_wconf 80' lang='lat' dir='ltr'>tribuis</span> <span class='ocrx_word' id='word_1_114' title='bbox 656 2766 675 2799; x_wconf 91' lang='lat'>,</span> <span class='ocrx_word' id='word_1_115' title='bbox 710 2727 787 2779; x_wconf 91' lang='lat' dir='ltr'>ut</span> <span class='ocrx_word' id='word_1_116' title='bbox 825 2710 923 2780; x_wconf 87' lang='lat' dir='ltr'>vel</span> <span class='ocrx_word' id='word_1_117' title='bbox 964 2710 1350 2781; x_wconf 83' lang='lat' dir='ltr'>auctoritati</span> <span class='ocrx_word' id='word_1_118' title='bbox 1382 2733 1545 2777; x_wconf 82' lang='lat' dir='ltr'>meae</span> <span class='ocrx_word' id='word_1_119' title='bbox 1585 2735 1842 2801; x_wconf 86' lang='lat' dir='ltr'>pareas,</span> <span class='ocrx_word' id='word_1_120' title='bbox 1877 2709 1975 2779; x_wconf 89' lang='lat' dir='ltr'>vel</span> <span class='ocrx_word' id='word_1_121' title='bbox 2021 2713 2330 2804; x_wconf 88' lang='lat' dir='ltr'>precibus</span> 
     </span>
     <span class='ocr_line' id='line_1_19' title="bbox 214 2819 2328 2917; baseline 0.003 -32"><span class='ocrx_word' id='word_1_122' title='bbox 214 2820 573 2917; x_wconf 82' lang='lat' dir='ltr'>indulgeas:</span> <span class='ocrx_word' id='word_1_123' title='bbox 598 2824 803 2917; x_wconf 84' lang='lat' dir='ltr'>igitur</span> <span class='ocrx_word' id='word_1_124' title='bbox 822 2836 890 2889; x_wconf 92' lang='lat' dir='ltr'>et</span> <span class='ocrx_word' id='word_1_125' title='bbox 908 2819 1107 2889; x_wconf 88' lang='lat' dir='ltr'>laudo</span> <span class='ocrx_word' id='word_1_126' title='bbox 1130 2834 1194 2888; x_wconf 89' lang='lat' dir='ltr'>et</span> <span class='ocrx_word' id='word_1_127' title='bbox 1216 2820 1463 2914; x_wconf 87' lang='lat' dir='ltr'>gratias</span> <span class='ocrx_word' id='word_1_128' title='bbox 1482 2844 1630 2915; x_wconf 85' lang='lat' dir='ltr'>ago.</span> <span class='ocrx_word' id='word_1_129' title='bbox 1663 2821 1872 2889; x_wconf 89' lang='lat' dir='ltr'>Simul</span> <span class='ocrx_word' id='word_1_130' title='bbox 1895 2823 1963 2888; x_wconf 90' lang='lat' dir='ltr'>in</span> <span class='ocrx_word' id='word_1_131' title='bbox 1988 2825 2328 2915; x_wconf 81' lang='lat' dir='ltr'>posterum</span> 
     </span>
     <span class='ocr_line' id='line_1_20' title="bbox 215 2930 2330 3027; baseline 0.002 -30"><span class='ocrx_word' id='word_1_132' title='bbox 215 2954 472 3018; x_wconf 79' lang='lat' dir='ltr'>moneo,</span> <span class='ocrx_word' id='word_1_133' title='bbox 518 2947 595 2999; x_wconf 88' lang='lat' dir='ltr'>ut</span> <span class='ocrx_word' id='word_1_134' title='bbox 637 2948 701 2999; x_wconf 90' lang='lat' dir='ltr'>te</span> <span class='ocrx_word' id='word_1_135' title='bbox 741 2930 1075 3000; x_wconf 87' lang='lat' dir='ltr'>erroribus</span> <span class='ocrx_word' id='word_1_136' title='bbox 1112 2945 1411 3012; x_wconf 89' lang='lat' dir='ltr'>tuorum,</span> <span class='ocrx_word' id='word_1_137' title='bbox 1448 2932 1568 2997; x_wconf 88' lang='lat' dir='ltr'>etsi</span> <span class='ocrx_word' id='word_1_138' title='bbox 1608 2955 1744 2999; x_wconf 89' lang='lat' dir='ltr'>non</span> <span class='ocrx_word' id='word_1_139' title='bbox 1783 2931 2023 3019; x_wconf 87' lang='lat' dir='ltr'>fuerit,</span> <span class='ocrx_word' id='word_1_140' title='bbox 2060 2935 2177 3027; x_wconf 90' lang='lat' dir='ltr'>qui</span> <span class='ocrx_word' id='word_1_141' title='bbox 2218 2933 2330 3002; x_wconf 89' lang='lat' dir='ltr'>de-</span> 
     </span>
     <span class='ocr_line' id='line_1_21' title="bbox 218 3038 1488 3135; baseline -0.002 -27"><span class='ocrx_word' id='word_1_142' title='bbox 218 3056 537 3131; x_wconf 83' lang='lat' dir='ltr'>precetur,</span> <span class='ocrx_word' id='word_1_143' title='bbox 566 3038 957 3135; x_wconf 85' lang='lat' dir='ltr'>placabilem</span> <span class='ocrx_word' id='word_1_144' title='bbox 983 3054 1273 3135; x_wconf 78' lang='lat' dir='ltr'>praestes,</span> <span class='ocrx_word' id='word_1_145' title='bbox 1301 3038 1488 3107; x_wconf 89' lang='lat' dir='ltr'>Vale.</span> 
     </span>
    </p>
   </div>
   <div class='ocr_carea' id='block_1_10' title="bbox 217 3239 2327 3633">
    <p class='ocr_par' dir='ltr' id='par_1_10' title="bbox 217 3239 2327 3633">
     <span class='ocr_line' id='line_1_22' title="bbox 276 3239 2327 3313; baseline -0 -17"><span class='ocrx_word' id='word_1_146' title='bbox 276 3242 463 3297; x_wconf 79' lang='lat' dir='ltr'>mv,</span> <span class='ocrx_word' id='word_1_147' title='bbox 502 3248 569 3295; x_wconf 80' lang='lat' dir='ltr'>Te</span> <span class='ocrx_word' id='word_1_148' title='bbox 608 3248 758 3295; x_wconf 77' lang='lat' dir='ltr'>talem</span> <span class='ocrx_word' id='word_1_149' title='bbox 788 3246 953 3294; x_wconf 78' lang='lat' dir='ltr'>video.</span> <span class='ocrx_word' id='word_1_150' title='bbox 988 3242 1213 3313; x_wconf 69' lang='lat' dir='ltr'>Ele-gans</span> <span class='ocrx_word' id='word_1_151' title='bbox 1309 3239 1466 3294; x_wconf 85' lang='lat' dir='ltr'>detur</span> <span class='ocrx_word' id='word_1_152' title='bbox 1511 3242 1740 3295; x_wconf 72' lang='lat' dir='ltr'>nominis</span> <span class='ocrx_word' id='word_1_153' title='bbox 1783 3246 1957 3302; x_wconf 78' lang='lat' dir='ltr'>talem,</span> <span class='ocrx_word' id='word_1_154' title='bbox 2007 3252 2327 3313; x_wconf 73' lang='lat' dir='ltr'>apparetque</span> 
     </span>
     <span class='ocr_line' id='line_1_23' title="bbox 220 3320 2326 3394; baseline 0 -22"><span class='ocrx_word' id='word_1_155' title='bbox 220 3334 283 3372; x_wconf 74' lang='lat' dir='ltr'>est</span> <span class='ocrx_word' id='word_1_156' title='bbox 303 3336 351 3376; x_wconf 86' lang='lat' dir='ltr'>et</span> <span class='ocrx_word' id='word_1_157' title='bbox 370 3324 664 3394; x_wconf 77' lang='lat' dir='ltr'>plinianum</span> <span class='ocrx_word' id='word_1_158' title='bbox 684 3360 699 3385; x_wconf 93' lang='lat'>‚</span> <span class='ocrx_word' id='word_1_159' title='bbox 724 3321 870 3393; x_wconf 84' lang='lat' dir='ltr'>quod</span> <span class='ocrx_word' id='word_1_160' title='bbox 892 3340 953 3374; x_wconf 85' lang='lat' dir='ltr'>ex</span> <span class='ocrx_word' id='word_1_161' title='bbox 975 3320 1214 3374; x_wconf 74' lang='lat' dir='ltr'>mediceo</span> <span class='ocrx_word' id='word_1_162' title='bbox 1310 3320 1444 3375; x_wconf 79' lang='lat' dir='ltr'>adeo</span> <span class='ocrx_word' id='word_1_163' title='bbox 1469 3322 1632 3386; x_wconf 77' lang='lat' dir='ltr'>ratic,</span> <span class='ocrx_word' id='word_1_164' title='bbox 1653 3322 1824 3393; x_wconf 78' lang='lat' dir='ltr'>quiin</span> <span class='ocrx_word' id='word_1_165' title='bbox 1852 3321 2011 3372; x_wconf 79' lang='lat' dir='ltr'>libros</span> <span class='ocrx_word' id='word_1_166' title='bbox 2035 3321 2205 3372; x_wconf 79' lang='lat' dir='ltr'>bonos</span> <span class='ocrx_word' id='word_1_167' title='bbox 2235 3338 2326 3373; x_wconf 77' lang='lat' dir='ltr'>ve-</span> 
     </span>
     <span class='ocr_line' id='line_1_24' title="bbox 217 3396 2324 3470; baseline 0.002 -21"><span class='ocrx_word' id='word_1_168' title='bbox 217 3396 343 3453; x_wconf 77' lang='lat' dir='ltr'>dedit</span> <span class='ocrx_word' id='word_1_169' title='bbox 358 3403 571 3455; x_wconf 74' lang='lat' dir='ltr'>Cot-tius</span> <span class='ocrx_word' id='word_1_170' title='bbox 584 3438 601 3465; x_wconf 89' lang='lat'>,</span> <span class='ocrx_word' id='word_1_171' title='bbox 620 3417 669 3451; x_wconf 78' lang='lat' dir='ltr'>ee</span> <span class='ocrx_word' id='word_1_172' title='bbox 686 3416 790 3451; x_wconf 82' lang='lat' dir='ltr'>tam</span> <span class='ocrx_word' id='word_1_173' title='bbox 810 3404 1115 3453; x_wconf 71' lang='lat' dir='ltr'>tractabilem</span> <span class='ocrx_word' id='word_1_174' title='bbox 1130 3406 1213 3452; x_wconf 78' lang='lat' dir='ltr'>vi·-</span> <span class='ocrx_word' id='word_1_175' title='bbox 1310 3400 1448 3453; x_wconf 73' lang='lat' dir='ltr'>nei-it</span> <span class='ocrx_word' id='word_1_176' title='bbox 1473 3418 1615 3453; x_wconf 85' lang='lat' dir='ltr'>:non</span> <span class='ocrx_word' id='word_1_177' title='bbox 1645 3400 1768 3452; x_wconf 88' lang='lat' dir='ltr'>item</span> <span class='ocrx_word' id='word_1_178' title='bbox 1794 3410 1973 3451; x_wconf 74' lang='lat' dir='ltr'>contr-a</span> <span class='ocrx_word' id='word_1_179' title='bbox 1986 3436 2002 3462; x_wconf 88' lang='lat'>,</span> <span class='ocrx_word' id='word_1_180' title='bbox 2025 3418 2131 3470; x_wconf 82' lang='lat' dir='ltr'>qua</span> <span class='ocrx_word' id='word_1_181' title='bbox 2151 3418 2208 3453; x_wconf 85' lang='lat' dir='ltr'>re</span> <span class='ocrx_word' id='word_1_182' title='bbox 2225 3399 2324 3453; x_wconf 83' lang='lat' dir='ltr'>du-</span> 
     </span>
     <span class='ocr_line' id='line_1_25' title="bbox 217 3479 2326 3551; baseline 0.001 -21"><span class='ocrx_word' id='word_1_183' title='bbox 217 3481 311 3531; x_wconf 73' lang='lat' dir='ltr'>deo.</span> <span class='ocrx_word' id='word_1_184' title='bbox 354 3480 455 3536; x_wconf 75' lang='lat' dir='ltr'>sed</span> <span class='ocrx_word' id='word_1_185' title='bbox 506 3480 747 3533; x_wconf 76' lang='lat' dir='ltr'>dubitavi</span> <span class='ocrx_word' id='word_1_186' title='bbox 788 3480 1017 3551; x_wconf 71' lang='lat' dir='ltr'>recipere</span> <span class='ocrx_word' id='word_1_187' title='bbox 1034 3518 1049 3543; x_wconf 92' lang='lat'>,</span> <span class='ocrx_word' id='word_1_188' title='bbox 1090 3481 1217 3551; x_wconf 80' lang='lat' dir='ltr'>quia</span> <span class='ocrx_word' id='word_1_189' title='bbox 1312 3492 1426 3533; x_wconf 70' lang='lat' dir='ltr'>ctus</span> <span class='ocrx_word' id='word_1_190' title='bbox 1437 3479 1626 3551; x_wconf 75' lang='lat' dir='ltr'>aliquis</span> <span class='ocrx_word' id='word_1_191' title='bbox 1639 3494 1742 3529; x_wconf 83' lang='lat' dir='ltr'>eam</span> <span class='ocrx_word' id='word_1_192' title='bbox 1755 3482 2060 3529; x_wconf 55' lang='lat' dir='ltr'>tractabilem</span> <span class='ocrx_word' id='word_1_193' title='bbox 2073 3498 2326 3551; x_wconf 82' lang='lat' dir='ltr'>expunxe-</span> 
     </span>
     <span class='ocr_line' id='line_1_26' title="bbox 218 3550 2199 3633; baseline -0.001 -21"><span class='ocrx_word' id='word_1_194' title='bbox 218 3556 530 3633; x_wconf 66' lang='lat' dir='ltr'>longiorhac</span> <span class='ocrx_word' id='word_1_195' title='bbox 545 3559 751 3633; x_wconf 69' lang='lat' dir='ltr'>phrasis</span> <span class='ocrx_word' id='word_1_196' title='bbox 766 3558 1129 3633; x_wconf 79' lang='lat' dir='ltr'>interpretatio</span> <span class='ocrx_word' id='word_1_197' title='bbox 1146 3561 1219 3613; x_wconf 74' lang='lat' dir='ltr'>vi·</span> <span class='ocrx_word' id='word_1_198' title='bbox 1312 3562 1410 3625; x_wconf 85' lang='lat' dir='ltr'>rit,</span> <span class='ocrx_word' id='word_1_199' title='bbox 1439 3557 1866 3629; x_wconf 73' lang='lat' dir='ltr'>substituer-itque</span> <span class='ocrx_word' id='word_1_200' title='bbox 1885 3560 2047 3611; x_wconf 73' lang='lat' dir='ltr'>talem.</span> <span class='ocrx_word' id='word_1_201' title='bbox 2073 3558 2142 3612; x_wconf 92' lang='lat' dir='ltr'>G.</span> <span class='ocrx_word' id='word_1_202' title='bbox 2193 3550 2199 3557; x_wconf 74' lang='grc'><strong>’</strong></span> 
     </span>
    </p>
   </div>
   <div class='ocr_carea' id='block_1_11' title="bbox 1064 3790 1463 3931">
    <p class='ocr_par' dir='ltr' id='par_1_11' title="bbox 1064 3790 1463 3931">
     <span class='ocr_line' id='line_1_27' title="bbox 1064 3790 1463 3931; baseline 0 0"><span class='ocrx_word' id='word_1_203' title='bbox 1064 3790 1463 3931; x_wconf 54' lang='grc' dir='ltr'>Ἢ</span> 
     </span>
    </p>
   </div>
   <div class='ocr_carea' id='block_1_12' title="bbox 493 4248 2043 4322">
    <p class='ocr_par' dir='ltr' id='par_1_12' title="bbox 493 4248 2043 4322">
     <span class='ocr_line' id='line_1_28' title="bbox 493 4248 2043 4322; baseline -0.003 0"><span class='ocrx_word' id='word_1_204' title='bbox 493 4252 601 4322; x_wconf 84' lang='grc' dir='ltr'>ΙΙ.</span> <span class='ocrx_word' id='word_1_205' title='bbox 1996 4248 2043 4317; x_wconf 79' lang='grc'><strong>6</strong></span> 
     </span>
    </p>
   </div>
  </div>
 </body>
</html>
