2857 4690
715 406 1216 475 PANEGYR.
1270 406 1490 515 ΟᾼΡ.
1541 406 1873 474 XXVII.

2213 430 2349 501 277

219 534 319 600 cia
354 530 463 599 sui
506 542 887 624 procreatos
928 529 1055 596 nisi
1101 527 1285 623 larga
1320 514 1528 596 manu
1571 528 1790 615 fovet,
1831 542 2065 623 auget,
2101 530 2350 623 ample-

222 640 461 725 ctitur,
506 663 815 709 occasum
866 639 1163 733 imperii,
1210 661 1520 709 occasum
1567 638 1952 733 reipublicae
2003 638 2352 726 accelerat,

218 751 605 845 frustraque
638 750 947 845 proceres
965 803 984 836 ‚
1012 748 1205 843 plebe
1238 748 1575 843 neglecta,
1607 764 1686 818 ut
1713 748 2042 819 defectum
2071 775 2355 844 corpore

218 876 431 956 caput
466 874 995 954 nutaturumque
1032 857 1323 929 instabili
1359 858 1689 954 pondere,
1723 873 1968 928 tuetur.
2003 859 2356 929 Facile'est
2391 894 2420 943 7

220 972 607 1064 conjectare
624 1022 643 1055 ‚
696 969 881 1064 quod
925 972 1300 1065 perceperis
1346 968 1666 1065 gaudium
1684 1023 1705 1056 ‚
1742 995 1950 1064 quum
1999 986 2066 1040 te
2108 996 2355 1065 paren-

220 1098 404 1167 tum,
460 1080 823 1149 liberorum
846 1132 865 1163 ‚
916 1104 1183 1169 senum,
1236 1079 1596 1149 infantium
1622 1135 1641 1166 ‚
1694 1106 2056 1176 puerorum
2104 1080 2357 1150 clamor

218 1193 581 1285 exciperet.
618 1194 776 1259 Haec
811 1190 1027 1284 prima
1067 1189 1502 1284 parvulorum
1537 1191 1784 1261 civium
1820 1218 1950 1261 vox
1984 1217 2178 1261 aures
2211 1207 2358 1260 tuas

222 1302 501 1389 imbuit,
530 1301 775 1395 quibus
816 1314 893 1368 tu
928 1299 1204 1369 daturus
1244 1300 1592 1385 alimenta,
1627 1286 1756 1371 lioc
1793 1303 2156 1371 maximum
2195 1328 2358 1397 prae-

222 1412 485 1501 stitisti,
526 1437 611 1480 ne
648 1426 991 1505 rogarent.
1028 1414 1247 1507 Super
1278 1413 1506 1481 omnia
1543 1427 1644 1481 est
1683 1426 1908 1481 tamen
1929 1468 1949 1501 ‚
1982 1412 2167 1507 quod
2211 1412 2358 1481 talis

225 1548 329 1610 ee,
366 1537 445 1592 ut
484 1523 609 1591 sub
640 1536 709 1590 te
748 1520 989 1591 liberos
1024 1520 1259 1591 tollere
1294 1521 1497 1592 libeat
1536 1537 1604 1590 et
1639 1522 1966 1617 expediat.

320 1634 609 1701 XXVII.
640 1634 859 1702 Nem‘o
884 1632 1026 1724 jam
1064 1656 1305 1725 parens
1340 1632 1514 1717 filio,
1546 1633 1672 1701 nisi
1709 1632 2090 1728 fragilitatis
2127 1634 2360 1701 huma-

224 1766 327 1811 nae
366 1743 552 1810 vices
591 1740 854 1827 horret3
892 1764 1018 1810 nec
1066 1743 1241 1809 inter
1280 1742 1680 1811 insanabiles
1721 1744 2360 1838 morbosprincipis

228 1852 327 1918 ira
364 1864 784 1919 numeratur.
810 1852 1139 1944 Magnum
1172 1850 1442 1946 quidem
1477 1866 1576 1921 est
1604 1850 1934 1922 educandi
1966 1854 2363 1923 incitamen-

228 1976 408 2045 tum,
446 1958 677 2029 tollere
712 1958 956 2028 liberos
992 1961 1063 2028 in
1106 1984 1291 2054 spem
1328 1960 1837 2050 alimentorum,
1877 1964 1946 2031 in
1982 1986 2167 2057 spem
2205 1990 2360 2033 con-

228 2069 631 2163 giariorum3
683 2070 899 2162 majus
952 2084 1215 2155 tamen,
1260 2072 1331 2139 in
1385 2096 1572 2165 spem
1625 2070 1988 2157 libertatis,
2046 2076 2116 2142 in
2173 2098 2358 2168 spem

226 2180 625 2251 securitatis.
645 2182 871 2274 Atque
896 2179 1065 2249 adeo
1090 2179 1260 2248 nihil
1284 2180 1609 2273 largiatur
1637 2184 1977 2277 princep5‚
2002 2180 2161 2251 dum
2193 2183 2360 2252 nihil

2400 2218 2429 2249 β

226 2292 521 2378 auferat3
556 2314 695 2360 non
742 2288 912 2376 alat,
952 2289 1115 2360 dum
1163 2315 1303 2360 non
1351 2290 1612 2362 occidat
1664 2318 1680 2361 :
1723 2316 1850 2364 nec
1887 2292 2206 2380 deerunt,
2244 2295 2362 2390 qui

230 2401 407 2472 filios
446 2401 963 2494 concupiscant:
1008 2415 1277 2489 contra,
1314 2401 1639 2497 largiatur
1681 2419 1746 2473 et
1787 2403 2078 2492 auferat3
2121 2405 2256 2476 alat
2295 2421 2364 2475 et

226 2615 335 2646 rum
348 2631 365 2658 ,
382 2593 450 2647 de
462 2594 655 2666 quibus
666 2592 961 2646 accuratius
973 2611 1095 2646 mox
1111 2592 1254 2646 dicet

225 2673 398 2745 cupite
430 2673 691 2744 proximo.
720 2673 905 2725 Exstat
930 2671 1099 2725 multa
1136 2675 1253 2745 ejus

224 2753 303 2807 rei
318 2754 375 2806 in
403 2752 635 2806 nummis
658 2751 909 2805 memoria
927 2789 943 2814 ‚
968 2770 1133 2823 quam
1154 2771 1253 2804 suo

226 2853 379 2886 mon-e
398 2841 749 2904 persequutus
770 2843 847 2886 eet
863 2830 1059 2885 Ezech.
1082 2831 1253 2902 Spau-

226 2913 439 2967 hemina
456 2911 583 2966 diss.
604 2911 757 2964 xm.
780 2929 837 2984 p.
864 2911 983 2976 542.
1002 2929 1083 2983 oq.
1102 2910 1169 2964 G.

314 2991 367 3045 5.
396 2995 634 3043 Praemia.
656 3028 669 3041 .
692 3028 705 3041 .
727 3002 924 3060 .poenae.
951 2991 1031 3044 De
1064 2990 1257 3062 quibus

227 3071 369 3135 lcii,
384 3089 553 3144 quum
570 3071 638 3124 de
651 3075 771 3144 jure
783 3069 947 3122 trium
966 3070 1257 3124 liberorum

228 3163 419 3224 agunt.
441 3149 571 3204 Vid.
600 3149 672 3204 ad
688 3150 855 3222 Epist.
885 3150 993 3202 vn
1020 3187 1037 3213 ,
1072 3153 1135 3202 16
1155 3186 1171 3212 ‚
1203 3168 1254 3202 2.

233 3231 303 3286 G.
323 3237 595 3282 —Poenoe.
617 3229 711 3282 Uti
753 3229 963 3283 ooelibes
1002 3247 1064 3282 ex
1098 3239 1255 3283 testa·

230 3323 414 3365 mento
426 3310 561 3362 nihil
580 3323 829 3382 caperent
847 3311 952 3363 nini
969 3329 999 3362 e
1026 3309 1259 3382 proxime

226 3393 535 3465 junctorum
556 3427 573 3454 ,
608 3389 725 3442 orbi
754 3427 771 3454 ,
802 3389 901 3441 nisi
953 3387 1255 3442 dimidium.

233 3468 422 3523 Colihi
451 3468 697 3521 relictum
736 3468 970 3540 legatum
994 3466 1257 3521 caducum

233 3549 379 3612 fieri,
404 3547 507 3602 nisi
530 3548 633 3620 legi
652 3547 790 3600 intra
807 3559 1019 3601 centum
1042 3546 1153 3600 dies
1170 3565 1260 3618 pa-

232 3630 413 3682 ruerit.
438 3629 543 3681 En.
576 3659 649 3668 —
680 3630 980 3680 edomandis.
1010 3627 1095 3678 Al.
1138 3631 1257 3678 edu-

232 3711 405 3769 caud&
420 3706 569 3779 quod
591 3707 749 3760 unice
769 3725 973 3758 verum.
998 3707 1052 3760 S.

302 3791 357 3840 6.
394 3793 695 3854 Imm-aque
720 3805 967 3854 proceres.
1006 3786 1093 3840 Sic
1123 3785 1256 3839 Sch-

232 3865 409 3920 mii
422 3866 578 3920 liber.
588 3866 673 3918 Al.
688 3865 1007 3934 Princeps.G.

320 3965 376 4016 7.
404 3951 561 4014 Super
600 3949 789 3997 omnia.
821 3945 1115 4016 Diligenter
1146 3963 1259 3996 mo·

232 4025 397 4078 uendi
415 4043 601 4077 numus
623 4061 639 4088 ,
660 4025 806 4077 illam
830 4023 887 4075 in
909 4024 1080 4095 capita
1099 4061 1115 4086 ,
1140 4041 1259 4094 quo

232 4121 483 4158 vocamus
507 4143 523 4170 ,
566 4103 881 4158 divisionem
922 4121 1031 4155 non
1074 4121 1185 4156 esse
1226 4121 1255 4154 a

236 4185 453 4238 vetusti·
471 4183 775 4238 auctoribus
794 4221 811 4247 ,
834 4201 901 4236 ne
921 4183 1157 4254 imperite
1174 4180 1254 4234 ‹li-

1339 2593 1602 2648 vellantur
1621 2633 1636 2661 ,
1655 2614 1772 2668 qum
1786 2609 1909 2650 sunt
1921 2601 2036 2672 conj
2043 2598 2366 2654 unctissima-

1338 2673 1413 2727 Ut
1431 2674 1519 2730 hie
1548 2676 1733 2752 ultima
1750 2678 1913 2731 verba
1935 2679 2212 2733 &mitum
2232 2698 2361 2732 con-

1338 2752 1511 2807 tinent
1528 2792 1545 2819 ,
1564 2774 1778 2809 suavem
1805 2777 1933 2812 sane
1957 2770 2008 2811 et
2035 2761 2323 2830 elegantem
2343 2800 2358 2824 ,

1340 2831 1410 2886 ad
1439 2851 1500 2887 ea
1520 2873 1536 2899 ,
1561 2853 1678 2906 quae
1700 2851 2022 2907 sequuntur:
2047 2857 2164 2909 quae
2183 2839 2363 2891 arctis-

1294 2947 1299 2952 ·
1340 2913 1472 2965 sime
1495 2913 1596 2966 nisi
1613 2917 1810 2986 Jnngas
1834 2954 1850 2979 ,
1878 2917 2047 2988 gratia
2068 2918 2242 2969 omnis
2267 2935 2361 2989 pe-

1340 2991 1426 3044 rit.
1443 2991 1512 3043 G.
1527 3021 1596 3032 -
1607 2993 1819 3047 Novum
1833 2995 1904 3048 ab
1920 2995 2002 3048 his
2016 2995 2189 3052 verbis
2204 3007 2362 3066 caput

1340 3069 1611 3123 Ernestius
1637 3089 1916 3126 exorsurus
1951 3087 2062 3128 erat
2079 3117 2094 3142 ,
2127 3087 2361 3146 notaque

1340 3149 1562 3202 Genua-i
1597 3149 1770 3204 deleta
1803 3152 1944 3207 hanc
1979 3154 2315 3226 appositurus
2343 3171 2358 3203 :

1354 3255 1376 3276 ι
1393 3228 1574 3283 Verba
1590 3236 1765 3300 Super.
1781 3273 1794 3284 .
1814 3273 1827 3284 .
1846 3271 1859 3284 .
1879 3237 2140 3302 expediat,
2160 3251 2327 3303 quum
2341 3270 2358 3294 ,
2443 3224 2448 3235 ¹

1341 3309 1578 3362 Gesnero
1594 3311 1751 3364 etiam
1765 3325 2014 3365 monente
2028 3323 2204 3378 ,antea
2222 3313 2360 3366 male

1341 3388 1526 3442 avulsa
1569 3389 1638 3443 ab
1680 3391 1783 3444 hoc
1829 3391 1998 3462 capite
2039 3391 2312 3464 [xxvn]
2343 3429 2358 3454 ,

1342 3487 1464 3520 cum
1493 3487 1600 3540 quo
1629 3481 1773 3524 arcte
1795 3471 2060 3523 cohaerent
2081 3507 2097 3532 ‚
2117 3469 2184 3522 ad
2216 3483 2361 3523 ante-

1341 3545 1533 3601 cedens
1551 3549 1897 3612 referrentur‚
1915 3567 2024 3602 non
2042 3547 2281 3604 dubitavi
2298 3568 2362 3603 ea

1341 3645 1464 3678 cum
1482 3627 1714 3700 Gierigio
1744 3628 1799 3680 in
1830 3629 1974 3680 hunc
1999 3629 2177 3682 locum
2205 3649 2360 3682 suum

1342 3725 1616 3778 reponere.
1633 3732 1654 3752 ·
1677 3708 1732 3760 S.

1412 3785 1645 3838 XXVII.
1679 3805 1728 3838 α.
1751 3789 1940 3838 Contra
1958 3789 2200 3856 largietur
2215 3803 2262 3839 ee
2271 3809 2358 3839 αυ-

1326 3869 1495 3934 ferat,
1515 3869 1624 3916 alat
1634 3880 1682 3916 et
1695 3867 1907 3919 occidat.
1927 3867 1992 3919 In
2009 3871 2254 3938 largiatur
2269 3881 2362 3920 aut

1340 3949 1386 3996 si
1400 3945 1488 3997 vel
1513 3948 1602 4012 qm·
1617 3943 2012 4017 intelligendum
2027 3987 2040 4009 ‚
2056 3959 2146 4000 aut
2166 3945 2363 4000 adden-

1342 4022 1472 4076 dum
1492 4041 1506 4074 :
1527 4041 1651 4075 nam
1689 4022 1745 4076 id
1783 4043 2110 4098 consequens
2125 4065 2140 4090 ,
2175 4047 2254 4078 me
2280 4029 2363 4078 ille

1343 4113 1444 4154 etc.
1485 4101 1732 4173 postulat.
1777 4103 1936 4158 Secus
1967 4118 2044 4157 cst
2086 4106 2142 4158 in
2173 4123 2364 4177 praece·

1344 4181 1500 4236 dente
1527 4217 1542 4243 ,
1563 4181 1657 4235 ubi
1682 4183 1787 4236 alia
1809 4185 1976 4238 forma
1995 4197 2070 4238 est
2087 4182 2362 4238 orationis-
