2857 4690
702 360 1209 428 PANEGYR.
1266 362 1483 429 CAP.
1537 363 1950 464 LXXXII.

2228 367 2366 465 369·

236 493 311 559 in
338 491 629 584 ipsorum
670 491 933 584 quidem
971 491 1327 562 ludibrium
1365 496 1632 564 emissas
1651 547 1669 581 ‚
1700 498 1972 565 mentita
2009 502 2363 592 sagacitate

236 595 623 690 colligerent
650 623 664 664 :
704 621 882 667 nunc
924 623 1045 692 par
1088 599 1387 693 capiendi
1431 601 1892 696 quaerendique
1927 603 2148 690 sudor,
2185 630 2358 674 sum·

230 727 515 796 musque
556 717 624 772 et
670 703 842 772 idem
885 706 1289 798 gratissimus
1329 703 1554 788 labor,
1603 709 1916 776 invenire.
1966 712 2358 796 Enimvero,
2396 725 2428 782 4

232 810 289 876 si
319 808 605 902 quando·
631 807 879 905 placuit
913 809 1087 880 idem
1120 813 1416 905 corporis
1444 813 1648 881 robur
1679 815 1748 880 in
1783 815 1988 882 maria
2023 815 2318 908 proferre
2336 871 2358 902 ‚

228 939 365 984 non
400 913 509 983 ille
544 915 863 984 fluitantia
902 915 1049 986 vela
1068 969 1087 1002 ‚
1126 931 1240 986 aut
1276 915 1481 986 oculis
1517 920 1834 1010 sequitur,
1865 934 1979 988 aut
2009 922 2308 991 manibus
2336 947 2352 987 ε

228 1020 343 1088 sed
404 1044 585 1088 nunc
640 1021 1096 1114 gubernaculis
1145 1022 1383 1092 assidet
1402 1076 1421 1109 ‚
1473 1049 1650 1092 nunc
1705 1049 1857 1094 cum
1913 1024 2354 1098 valentissimo

224 1151 494 1220 quoque
530 1125 851 1196 sodalium
880 1143 1091 1196 certat
1125 1127 1427 1221 frangere
1465 1129 1704 1198 fluctus
1717 1183 1736 1216 ,
1773 1129 2094 1200 domitare
2124 1147 2352 1202 veotos

226 1231 625 1302 reluctantes
641 1285 659 1316 ‚
696 1233 1021 1327 remisque
1058 1235 1335 1302 transire
1370 1235 1698 1304 obstantia
1737 1235 1922 1304 freta.

328 1340 682 1407 LXXXII.
712 1339 1052 1427 Quantum
1082 1338 1405 1409 dissimilis
1439 1338 1567 1427 illi,
1597 1343 1710 1435 qui
1739 1367 1874 1410 non
1905 1340 2136 1411 Albani
2169 1343 2350 1414 lacus

224 1446 473 1528 otium.
504 1445 859 1537 Baianique
882 1459 1219 1539 torporem
1248 1459 1317 1513 et
1342 1445 1672 1516 silentium
1699 1446 1904 1534 ferre,
1925 1473 2060 1516 non
2085 1447 2348 1543 pulsum

225 1549 453 1620 saltem
480 1549 941 1644 fragoremque
962 1575 1297 1620 remorum
1324 1553 1580 1646 perpeti
1603 1567 1894 1645 poterat,
1921 1555 2080 1647 quin
2103 1554 2186 1623 ad
2215 1559 2345 1626 sin·

224 1655 413 1750 gulos
456 1658 627 1725 ictus
656 1657 832 1749 turpi
876 1655 1221 1724 formidine
1260 1657 1690 1726 horresceret.
1724 1661 1954 1751 Itaque
1991 1660 2223 1753 procul
2261 1662 2346 1731 ab
2383 1687 2412 1720 2

223 1763 403 1831 omni
435 1787 601 1830 sono
618 1763 1061 1831 ‘inconcussus
1100 1764 1117 1828 i
1124 1787 1239 1856 pse
1266 1777 1333 1830 et
1361 1764 1704 1848 immotus,
1732 1763 2003 1856 religato
2031 1767 2346 1836 revincto-

221 1893 347 1962 que
392 1870 659 1962 navigio
678 1919 695 1952 ‚
734 1893 869 1936 non
906 1893 1093 1936 secus
1130 1891 1207 1935 ac
1238 1865 1570 1962 piaculum
1609 1867 1910 1961 aliquod,
1940 1869 2340 1954 trahebatur.

220 1973 419 2042 Foeda
444 1972 641 2042 facies
658 2025 677 2056 ,
700 1998 903 2067 quum
928 1977 1087 2067 Pop.
1112 1975 1303 2040 Rom.
1326 1975 1697 2067 Imperator
1725 1973 2010 2044 alienum
2040 1999 2303 2046 cursum
2321 2027 2342 2064 ‚
2380 1993 2414 2045 3

218 2215 343 2268 Vid.
369 2217 417 2268 J.
435 2215 781 2268 A.Ernestius
801 2213 935 2267 adh.
966 2215 1157 2267 locum.
1178 2215 1230 2266 S.

282 2327 354 2335 —
390 2298 600 2347 Meneim
632 2297 903 2364 sagacitate
932 2298 1229 2363 colligerent.

212 2376 445 2427 Pronum
466 2386 544 2427 est
568 2374 827 2447 conjicere
852 2392 973 2426 cum
999 2373 1233 2425 Gesner-0

210 2466 261 2507 et
279 2454 395 2507 aliis
414 2456 707 2525 conficerent
722 2492 735 2511 .
753 2450 899 2523 quod
912 2464 991 2503 est
1010 2452 1231 2505 verbnm

208 2532 483 2605 pnoprium
522 2532 598 2583 rei
641 2530 923 2584 venatoria
946 2570 961 2595 ,
996 2530 1149 2582 etiam
1174 2530 1231 2581 in

206 2611 610 2682 amphitheatra.
648 2609 757 2662 Nec
774 2610 1049 2663 Suetonius
1066 2620 1117 2662 et
1142 2609 1233 2662 alii

207 2690 505 2763 spectaculo
539 2692 765 2740 collectas
782 2726 799 2748 ,
852 2686 945 2741 sed
986 2691 1229 2757 consectas

208 2770 344 2822 feras
358 2769 671 2821 memorant.
684 2768 819 2819 Nam
829 2767 885 2817 in
898 2766 1227 2820 conficiendo

206 2850 353 2901 nulla
377 2860 453 2900 est
479 2847 739 2918 sagacitas
758 2884 773 2909 ,
818 2845 909 2899 sed
944 2844 1227 2897 artificium

206 2928 341 2979 bene
372 2926 595 2980 feriendi
619 2944 634 2989 ;
661 2937 715 2979 at
756 2926 811 2978 in
841 2923 1135 2997 colligendo
1174 2938 1227 2977 et

204 3006 465 3078 cogendo.
488 3006 629 3057 Tum
667 3006 721 3056 in
752 3004 1085 3077 sequentibus
1110 3016 1226 3055 tan-

203 3097 315 3137 tum
338 3104 511 3139 sermo
528 3096 609 3137 est
626 3082 693 3135 de
714 3082 995 3155 quaerendo
1014 3094 1065 3133 et
1082 3083 1227 3135 inve·

204 3163 419 3218 aiendo.
434 3161 751 3233 Colligendi,
773 3161 955 3214 saltem
984 3162 1037 3213 in
1056 3179 1225 3214 unum

202 3242 379 3296 locum
400 3240 622 3314 cogendi
634 3242 691 3293 in
710 3240 925 3294 ludicris
940 3240 1225 3293 venationi-

205 3324 303 3377 bus
326 3324 463 3377 feras
480 3356 497 3385 ,
522 3320 817 3392 exemplum
842 3319 1003 3372 habet
1028 3318 1225 3372 Plinius

204 3403 269 3455 Η.
310 3405 378 3455 N.
430 3402 499 3454 dc
542 3400 831 3471 elephantis
856 3434 872 3462 ,
912 3400 965 3450 in
1010 3416 1225 3451 munere

200 3482 437 3553 Pompeii
460 3480 595 3531 VIII
609 3520 625 3545 ,
647 3484 700 3533 6.
726 3480 863 3531 Em«.

272 3592 341 3601 —
354 3566 519 3611 Nunc.
540 3558 605 3610 In
622 3556 801 3611 multis
815 3556 961 3609 libris
978 3568 1056 3609 est
1074 3560 1221 3619 Huic,

202 3641 317 3693 scil.
328 3639 581 3712 Traiano.
594 3640 972 3690 E.—-1nvenire.
989 3635 1221 3707 vestigia

200 3718 445 3790 persequi
467 3756 483 3781 ,
511 3716 905 3789 deprehendere
938 3716 994 3767 in
1026 3716 1220 3779 lustro,

200 3798 409 3869 assequi
434 3796 722 3868 fugientem
742 3806 793 3848 et
828 3794 1127 3847 consistere.
1148 3792 1217 3846 G.

270 3886 323 3943 4.
360 3884 467 3929 Aut
494 3880 729 3927 manibus.
758 3874 962 3941 Quibus
1000 3873 1219 3926 demon-

200 3970 357 4019 stret,
406 3955 543 4029 quid
581 3954 847 4027 agendum
890 3956 975 4009 sit.
1014 3954 1220 4026 Lipsius

202 4037 348 4089 malit
376 4039 579 4087 navibus
600 4058 620 4095 ,·
647 4032 889 4105 deligatis
926 4052 1114 4106 nempe
1150 4032 1219 4086 ad

204 4116 385 4179 aliam,
398 4114 615 4167 velisvel
626 4114 781 4167 remis
790 4124 985 4175 actam,
998 4125 1049 4165 et
1058 4112 1218 4167 modo

502 4218 606 4281 ll.

1320 2212 1610 2265 fluitantem
1621 2225 1768 2265 motu
1784 2211 2035 2285 languido
2051 2251 2066 2276 ,
2082 2232 2150 2266 ne
2168 2215 2342 2268 turbet

1320 2291 1494 2343 mollis
1513 2292 1734 2344 vectoris
1755 2309 2002 2345 somnum
2026 2292 2108 2345 vel
2127 2291 2339 2349 delicias

1318 2370 1664 2423 ministerium
1711 2371 1982 2424 nauticum
2004 2408 2020 2434 ,
2071 2390 2338 2425 remorum

1316 2449 1530 2519 pulsus,
1563 2450 1863 2521 stridorque
1884 2448 2202 2503 rudentum:
2229 2470 2338 2522 qua

1318 2528 1385 2582 dc
1410 2548 1470 2581 re
1495 2528 1686 2581 statim.
1715 2530 1785 2581 G.
1813 2560 1886 2569 —
1909 2530 2200 2582 Obscurius
2223 2530 2336 2585 haec

1316 2606 1460 2660 dicta
1479 2620 1602 2661 sunt
1625 2609 1696 2659 ob
1719 2618 1964 2679 argutam
2003 2608 2330 2664 brevitatem.

1316 2694 1646 2747 Describitur
1671 2695 1880 2766 ignavia
1923 2698 2034 2767 ejus
2051 2736 2068 2761 ‚
2101 2697 2190 2768 qui
2224 2716 2334 2751 non

1313 2773 1422 2843 ipse
1472 2792 1660 2825 manus
1705 2772 1949 2827 admovet
1993 2774 2137 2845 operi
2164 2806 2180 2837 ,
2241 2778 2334 2830 sed

1313 2852 1509 2904 otiosus
1529 2852 1613 2905 vel
1635 2864 1830 2922 spectat
1847 2852 2074 2905 aliorum
2093 2853 2298 2908 labores
2316 2895 2331 2919 ‚

1312 2935 1465 2982 oculi}
1480 2935 1698 2997 sequitur
1711 2935 1832 2982 vela
1850 2968 1865 2989 ‚
1900 2930 1982 2981 vel
2005 2931 2149 2981 inani
2175 2936 2330 3003 gesti-

1310 3008 1576 3062 culatione
1625 3008 1826 3081 aliquid
1869 3026 2024 3078 agere
2073 3009 2286 3062 simulat
2315 3053 2330 3077 ,

1310 3104 1478 3157 quum
1493 3087 1684 3158 reipsa
1707 3087 1840 3139 nihil
1859 3096 1978 3158 agat
1993 3124 2008 3150 ,
2023 3091 2248 3139 manibus
2262 3110 2334 3141 se—
2385 3116 2393 3123 ·

1285 3234 1294 3239 -
1310 3169 1497 3232 quitur.
1524 3166 1588 3217 E.

1380 3243 1648 3297 LXXXII.
1677 3261 1728 3295 ι.
1757 3246 2010 3296 Dissimilis
2035 3248 2124 3296 illi.
2151 3246 2332 3297 Domi·-

1309 3323 1454 3375 tiano
1474 3360 1489 3383 ,
1509 3321 1578 3376 de
1591 3342 1698 3395 quo
1717 3319 1828 3375 vid.
1857 3324 2071 3377 Sueton.
2093 3342 2210 3395 cap.
2232 3324 2328 3383 lv,

1310 3414 1360 3453 et
1396 3420 1478 3471 19.
1501 3402 1565 3454 E.
1613 3432 1682 3441 -—-
1713 3405 1913 3457 Baiani.
1961 3402 2098 3453 Baiae
2133 3421 2331 3456 nomen

1309 3493 1646 3551 sumpserunt
1658 3498 1688 3531 a
1702 3480 1828 3531 Baio
1839 3480 2042 3551 Ulyssis
2051 3482 2210 3535 socio.
2227 3482 2325 3535 En.

1382 3579 1428 3611 a.
1470 3562 1726 3611 Piaculum
1773 3562 1995 3625 ah‘quod.
2043 3558 2332 3614 piacularis

1306 3638 1479 3691 hostia
1495 3676 1510 3701 ,
1525 3656 1686 3708 quam
1699 3636 2007 3708 contingere
2027 3656 2183 3690 nemo
2198 3641 2330 3704 vult,

1307 3736 1425 3791 quai
1447 3736 1477 3769 e
1501 3716 1790 3787 longinquo
1821 3714 2042 3786 proinde
2073 3718 2328 3782 trahitur3

1308 3808 1361 3849 et
1386 3796 1438 3849 in
1455 3814 1602 3849 mare
1627 3794 1855 3866 denique
1874 3832 1890 3858 ,
1912 3795 2002 3847 uhi
2021 3808 2222 3866 potest,
2243 3800 2334 3851 ab·

1305 3877 1486 3949 jicitur
1503 3913 1521 3936 ‚
1571 3873 1792 3927 monstri
1837 3874 2001 3926 instar
2033 3876 2116 3929 vel
2153 3878 2332 3948 prodi..

1307 3954 1440 4026 giosi
1467 3963 1664 4025 partus.
1693 3952 1778 4007 Sic
1811 3954 2058 4015 XXXIV,
2098 3962 2126 4019 4
2155 3994 2168 4017 ,
2200 3960 2332 4007 dela-

1310 4050 1436 4085 tores
1459 4036 1508 4082 in
1536 4034 1734 4099 navigia
1758 4036 1976 4101 congesti
1993 4038 2332 4101 piacularibus

1306 4113 1520 4163 victimis
1543 4122 1934 4180 comparantur.
1953 4110 2022 4163 G.

1958 4214 2048 4293 24
