2857 4690
946 351 1510 456 excussus
1563 361 1618 428 I.
2200 363 2338 434 225

238 481 632 554 mandabant
674 483 1067 552 orationem.
1111 484 1347 578 Itaque
1388 497 1459 552 et
1499 482 1788 568 Plinius»,
1833 499 2103 578 rogatus
2135 511 2174 556 a
2207 490 2337 560 Ce-

236 591 382 662 reali
398 644 421 678 ,
460 607 539 662 ut
590 591 883 686 priscum
924 591 1245 662 recitandi
1285 593 1620 662 orationes
1661 618 1916 662 morem
1965 613 2303 667 revocaret
2319 651 2340 686 ,

231 702 307 772 ab
340 703 571 790 initio,
610 701 774 796 quid
814 700 1101 786 faceret,
1145 702 1570 772 vehementer
1605 701 2078 792 addubitabat,
2113 705 2200 774 ad
2237 709 2341 790 II,

228 816 346 907 Ep.
402 835 489 907 ¹9
522 837 541 882 τ
594 825 825 906 postea
873 826 1097 882 tamen
1146 811 1322 880 trahi
1362 836 1432 881 se
1481 837 1710 906 passus
1745 826 1846 882 est
1897 813 1982 882 ad
2027 840 2140 884 eas
2175 818 2342 886 reci-

229 921 485 1008 tandas;
524 945 867 1015 quumque
898 945 979 990 eo
1014 921 1285 990 nomine
1322 946 1361 990 a
1396 921 1663 1008 multis,
1707 937 2028 1016 tanquam
2061 949 2248 994 novae
2271 942 2339 996 et

226 1032 459 1126 ineptae
507 1032 603 1099 rei
652 1047 905 1115 auctor,
952 1031 1243 1125 graviter
1290 1032 1805 1126 vituperaretur,
1857 1032 2158 1128 pluribus
2207 1036 2338 1106 hoc

224 1164 416 1210 suum
454 1140 849 1208 institutum·
869 1138 1207 1226 defendit,
1240 1144 1375 1212 VII
1394 1194 1414 1228 ,
1449 1144 1573 1235 Ep.
1619 1167 1696 1238 17
1732 1167 1748 1212 t
1782 1167 1999 1237 neque
2036 1145 2337 1240 profecto

222 1263 503 1334 temere,
560 1248 887 1343 siquidem
944 1250 1259 1319 recitator
1316 1248 1386 1319 id
1443 1252 1814 1345 spectabat,
1871 1268 1948 1322 ut
1999 1256 2336 1327 orationes

218 1358 579 1454 vulgandas
606 1410 625 1443 ,
692 1358 1060 1428 amicorum
1110 1358 1381 1452 judiciis
1457 1359 1732 1430 edoctus
1757 1413 1778 1446 ,
1850 1363 2334 1438 emendatiores

218 1467 548 1538 redderet.

303 1573 633 1648 Nonnulli
654 1583 893 1647 amices
898 1584 1159 1673 pauc-135
1184 1579 1253 1646 in
1270 1579 1580 1648 cubiculo
1605 1578 1942 1674 legebant,
1961 1584 2044 1668 V,
2061 1585 2187 1678 Ep.
2219 1608 2244 1653 1
2259 1583 2332 1672 3,

212 1690 341 1774 vl,
365 1690 497 1782 Ep.
540 1711 653 1772 21,
686 1685 769 1756 ad
806 1685 1183 1780 exemplum
1216 1687 1486 1780 quidem
1526 1691 1846 1784 Augusti,
1873 1691 1955 1759 de
1995 1715 2131 1784 quo
2165 1696 2330 1764 Sue-

211 1813 348 1868 ton.
380 1793 513 1884 853
536 1795 651 1867 sed
678 1795 1073 1892 plerumque
1106 1795 1177 1865 id
1209 1795 1545 1866 faciebant
1575 1821 1802 1866 coram
1832 1798 2060 1868 multis
2090 1801 2160 1868 in
2194 1827 2323 1872 au-

204 1908 457 1979 ditorio
496 1906 598 1976 vel
632 1931 754 1976 suo
782 1904 889 1974 vel
926 1899 1165 1974 alieno.
1204 1903 1504 1999 Regulus
1543 1909 1774 2001 ingens
1801 1906 2171 1980 adhibebat
2195 1933 2322 1980 au..

202 2017 557 2104 diton‘zun,
580 2039 787 2110 quum
817 2013 1063 2082 librum
1092 2012 1177 2082 de
1206 2014 1339 2082 vita
1366 2012 1487 2082 filii
1513 2016 1838 2102 recitaret,
1866 2018 1986 2104 IV,
2006 2019 2132 2112 Ep.
2168 2043 2232 2114 7,
2253 2045 2320 2090 2.

202 2128 533 2196 Titinium
578 2126 976 2220 Capitonem
1022 2125 1163 2217 jam
1208 2148 1410 2218 supra
1461 2121 1749 2193 vidimus
1798 2125 2074 2196 domum
2129 2152 2320 2200 suam

202 2235 636 2307 recitantibus
664 2233 1050 2328 praebuisse.
1089 2232 1276 2321 Quid
1314 2233 1520 2328 igitur
1551 2235 1914 2306 recitaturo
1943 2236 2316 2309 curandum

200 2347 435 2432 filei-it,
472 2348 543 2415 in
584 2343 761 2415 Dial.
800 2343 883 2413 de
922 2345 1076 2415 Cor.
1112 2342 1302 2438 Eloq.
1335 2368 1383 2440 9
1408 2360 1766 2414 narratur:
1797 2350 2110 2443 «Rogare
2136 2347 2317 2420 ultro

202 2473 265 2527 et
288 2458 551 2527 ambire
582 2456 863 2551 cogitur,
894 2468 969 2523 ut
1008 2454 1177 2539 sint,
1210 2452 1327 2547 qui
1353 2452 1714 2548 dignentur
1737 2454 2004 2525 audire:
2043 2472 2110 2527 et
2137 2483 2222 2527 ne
2247 2459 2318 2529 id

198 2566 473 2661 quidem
518 2566 741 2659 gratis».
794 2567 967 2635 Nam
1004 2578 1070 2631 et
1105 2562 1377 2633 domum
1410 2578 1782 2653 mutuatur,
1812 2580 1878 2635 et
1909 2566 2316 2639 auditorium

198 2678 517 2761 exstruit,
548 2690 618 2744 et
638 2672 947 2745 subsellia
976 2672 1325 2760 conducit,
1354 2688 1421 2742 et
1447 2672 1702 2744 libellos
1726 2674 2117 2771 dispergit».
2141 2680 2316 2749 Invi·

198 2788 322 2857 tari
366 2784 708 2855 auditores
748 2785 927 2854 varie
962 2782 1295 2865 solebant,
1331 2784 1530 2853 etiam
1568 2808 1689 2878 per
1722 2784 1982 2855 libellos
2014 2802 2083 2857 et
2115 2787 2308 2859 codi-

194 2893 425 2977 cillos,
478 2891 691 2963 multo
725 2907 880 2961 ante
914 2907 982 2960 et
1023 2890 1385 2961 identidem
1418 2891 1798 2980 admoneri,
1832 2898 1963 2982 III,
2009 2900 2134 2990 Ep.
2193 2898 2310 2985 18,

196 3005 261 3088 4.
296 3003 739 3097 Rogabantur
768 3002 1059 3096 primum
1086 3002 1319 3085 amici,
1338 3015 1492 3069 tum
1524 2998 1816 3072 fautores
1851 3004 2307 3099 ingeniorum,

194 3112 395 3181 etiam
430 3111 507 3196 ii,
546 3111 790 3205 quibus
820 3111 1215 3179 recitaturus
1250 3124 1446 3179 antea
1481 3108 1814 3199 adfuerat,
1847 3128 2166 3208 tanquam
2196 3115 2306 3185 de·

196 3220 478 3307 bitores,
503 3224 537 3290 I
556 3274 579 3307 ,
605 3222 733 3315 Ep.
774 3244 797 3289 1
814 3219 879 3307 3,
914 3244 979 3314 7.
1017 3220 1292 3289 Invitati
1327 3216 1651 3291 adhibere·
1676 3220 2073 3291 dicebantur
2099 3224 2305 3293 verbo

192 3331 491 3415 solenni,
522 3334 585 3411 1,
626 3333 747 3423 Ep.
783 3327 863 3415 5,
898 3332 977 3417 4,
1013 3354 1136 3423 pro
1165 3355 1299 3424 quo
1338 3344 1583 3414 tamen,
1602 3333 1764 3418 VII,
1793 3336 1918 3427 Ep.
1949 3356 2068 3427 17,
2109 3328 2149 3400 5
2183 3332 2303 3405 ad-

190 3446 374 3509 sumi
422 3454 491 3508 et
544 3442 584 3532 S
652 3464 729 3509 ια
785 3438 1114 3509 advocari
1160 3438 1425 3534 legitur.
1474 3443 1690 3509 Lusus
1737 3465 1892 3509 suos
1935 3442 2180 3511 Noster
2232 3444 2304 3511 in

192 3548 514 3635 tub-Imm,
540 3562 861 3643 tanquam
887 3546 1038 3617 loco
1069 3550 1355 3620 maxime
1384 3548 1654 3635 idoneo,
1683 3547 2038 3635 recitabat,
2067 3550 2301 3644 positis

189 3672 340 3727 ante
362 3657 573 3727 lectos
601 3657 995 3727 tricliniares
1024 3656 1377 3744 cathedris,
1405 3659 1476 3727 in
1507 3657 1750 3753 quibus
1769 3656 2104 3727 auditores
2131 3684 2300 3729 con-

190 3766 511 3855 siderent,
536 3770 727 3851 VIII,
760 3772 887 3861 Ep.
923 3790 1035 3851 21,
1068 3792 1127 3837 2.
1161 3770 1349 3837 Uxor
1376 3768 1446 3838 in
1477 3767 1781 3861 proximo
1807 3766 2079 3839 sedebat
2098 3823 2118 3857 ,
2149 3770 2298 3841 velo

190 3873 503 3963 discreta,
532 3874 893 3969 laudesque
920 3877 1145 3946 mariti
1180 3874 1586 3947 avidissimis
1605 3875 1878 3947 auribus
1909 3879 2298 3977 excipiebat,

190 3984 307 4071 IV,
340 3989 474 4079 Ep.
522 4008 607 4081 19
623 4037 644 4072 ,
684 3985 748 4058 3.
2266 4057 2274 4066 ,

280 4094 687 4189 ΑωρΙίεείιηί
723 4094 1035 4167 auditorii
1082 4094 1427 4193 adspectus
1473 4086 1926 4167 reverentiam
1949 4099 2296 4193 scriptori·-
2413 4126 2422 4137 ·

472 4208 579 4275 II.
1923 4232 1948 4278 1
1965 4206 2007 4277 5
