2857 4690
815 341 1341 414 EPISTOLA
1389 341 1769 411 xcvm.
2214 363 2343 410 ,οι
2418 319 2423 324 ’

211 481 282 535 et
317 465 773 535 vocabuntur.
828 466 1064 560 Neque
1098 466 1276 534 enim
1313 463 1613 534 civitates
1663 474 1927 530 tantum
1950 513 1969 548 ,
2024 459 2139 529 sed
2175 461 2357 531 vicos

207 577 416 644 etiam
442 589 648 669 atque
678 599 874 670 agros
903 575 1393 670 superstitionis
1424 574 1613 642 istius
1634 571 1961 666 ‘contagio
1996 586 2357 666 pervagata

209 679 314 754 est'
341 711 356 753 ε
387 709 544 779 quae
579 683 846 752 videtur
862 685 1003 754 sisti
1027 700 1096 753 et
1130 685 1375 780 corrigi
1403 707 1619 779 posse.
1653 683 1851 752 Certe
1876 682 2033 750 satis
2064 695 2357 768 constat,

207 819 430 890 prope
458 796 604 888 jam
638 793 929 864 desolata
963 794 1212 889 templa
1241 795 1517 890 coepisse
1551 791 1910 876 celebrari,
1946 805 2015 860 et
2050 815 2237 861 sacra
2254 815 2357 861 so·

211 903 444 973 lennia
493 903 614 973 diu
657 906 1028 975 intermissa
1073 906 1321 1002 repeti,
1356 905 1731 1002 passimque
1766 903 1990 971 venire
2015 903 2320 972 victimas
2337 955 2367 1006 ,Ι

225 1036 518 1108 quarum
555 1014 777 1084 adhuc
825 1017 1201 1086 rarissimus
1247 1029 1512 1112 emptor
1562 1013 2043 1082 inveniebatur.
2079 1014 2181 1084 Ex
2222 1038 2357 1108 quo

217 1122 412 1194 facile
457 1139 560 1194 est
597 1126 896 1221 opinari,
937 1152 1086 1221 quae
1125 1127 1318 1197 turba
1355 1127 1706 1196 hominum
1739 1123 2081 1194 emendari
2117 1124 2357 1219 possit,

215 1235 268 1302 si
306 1233 432 1303 fiat
473 1236 886 1329 poenitentiae
929 1237 1133 1308 locus·

889 1462 2357 1486 mmmmm-mmm

1033 1653 1521 1744 XCVIII.

831 1907 1284 1954 TRAJANUS
1336 1907 1643 1954 PLINIO
1676 1909 1749 1950 ⁴S.

309 2089 534 2156 Ac‘ru
553 2111 614 2156 Μ
637 2139 658 2173 ,
707 2110 907 2181 quem
951 2087 1278 2170 debuisti,
1313 2087 1407 2156 mi
1444 2085 1777 2172 Secunde,
1818 2088 1889 2153 in
1944 2084 2355 2154 excutiendis

223 2181 462 2266 caussis
489 2221 750 2280 eorum,
775 2198 892 2291 qui
920 2198 1264 2267 christiani
1288 2198 1371 2267 ad
1391 2214 1456 2268 te
1487 2195 1689 2268 delati
1704 2194 1972 2266 fuerant
1990 2249 2009 2284 ,
2034 2210 2355 2291 sequutus

223 2328 308 2373 es.
339 2307 580 2401 Neque
621 2307 801 2375 enim
837 2307 909 2375 in
945 2309 1329 2383 universum
1357 2307 1641 2405 aliquid,
1676 2307 1858 2403 quod
1886 2308 2075 2402 quasi
2103 2320 2355 2378 certam

223 2414 500 2485 formam
543 2416 822 2503 babeat,
863 2420 1179 2488 constitui
1213 2434 1455 2514 potest.
1501 2418 1959 2514 Conquirendi
1997 2444 2135 2488 non
2162 2432 2355 2489 sunt:

223 2525 273 2593 si
306 2524 698 2595 deferantur
728 2542 792 2595 et
831 2543 1224 2623 arguantur,
1253 2528 1578 2624 puniendi
1616 2544 1772 2598 sunt
1804 2555 1818 2598 ε
1850 2530 1943 2598 ita
1971 2542 2191 2598 tamen
2211 2582 2230 2617 ,
2258 2542 2354 2617 ut,

225 2639 331 2730 qui
372 2640 718 2732 negaverit
755 2663 824 2708 se
883 2639 1321 2709 christianum
1371 2664 1543 2727 esse,
1586 2639 1787 2736 idque
1838 2665 1908 2708 re
1952 2640 2094 2735 ips‘a
2138 2640 2353 2708 mani-

225 2746 460 2817 festum
513 2748 772 2833 fecerit,
810 2748 879 2817 id
911 2764 1045 2838 est,
1084 2748 1525 2846 supplicando
1563 2750 1687 2820 diis
1728 2752 1998 2835 nostriS,
2052 2751 2355 2845 quamvis

229 2873 563 2953 suspectus
615 2861 686 2927 in
745 2861 1154 2953 praeteritum
1201 2860 1402 2930 fuerit
1430 2914 1450 2947 ,
1507 2863 1769 2931 veniam
1827 2888 1906 2930 ex
1958 2861 2355 2955 poenitentia

229 2970 557 3065 impetret.
590 2972 750 3041 Sine
783 2985 1057 3041 auctore
1073 2996 1236 3041 vero
1261 2972 1588 3067 propositi
1613 2970 1852 3060 libelli,
1872 2970 2058 3040 nullo
2078 2972 2355 3039 crimine

233 3076 442 3149 locum
469 3080 721 3150 babere
746 3079 1028 3150 debent:
1058 3106 1214 3151 nam
1244 3097 1313 3151 et
1342 3081 1610 3176 pessimi
1638 3080 1959 3176 exempli,
1993 3105 2115 3150 nec
2141 3085 2352 3151 nostri

234 3192 440 3261 saeculi
481 3206 604 3261 est.

293 3390 541 3445 xcvuI.
579 3410 628 3444 α.
661 3396 1003 3461 Conquirendi·
1037 3394 1238 3466 Nempe
1333 3396 1680 3467 pertinaciam
1694 3436 1712 3463 ,
1734 3414 1897 3467 quam
1922 3394 2153 3466 imputat
2176 3390 2241 3445 iis
2258 3430 2274 3457 ,
2300 3407 2355 3448 et

237 3466 324 3523 boc
347 3468 440 3523 dat
475 3471 791 3525 innocentiae
804 3510 822 3537 ,
845 3493 914 3527 ne
936 3492 1034 3528 sua
1053 3486 1238 3545 sponte
1333 3476 1513 3547 legum
1531 3486 1889 3547 contemptum
1904 3512 1920 3539 ,
1940 3485 1999 3526 ut
2016 3472 2248 3527 accusati
2260 3510 2277 3536 ,
2298 3486 2353 3527 et

239 3548 285 3601 in
308 3550 446 3616 illos,
471 3562 534 3603 ut
571 3552 628 3603 in
660 3552 920 3619 latrones,
957 3554 1130 3616 sures,
1156 3574 1237 3607 sa-
1333 3555 1561 3610 consessi
1594 3552 1932 3607 damnentur.
1976 3552 2191 3619 Quanto
2238 3552 2350 3605 haec

239 3630 439 3704 ailegos
452 3670 470 3696 ‚
489 3643 760 3703 (μαι-κω·
776 3651 792 3696 ;
811 3652 986 3705 neque
1001 3632 1236 3687 indicare
1333 3634 1689 3691 moderatiora
1698 3634 1792 3688 illo
1808 3651 1967 3689 sacra
1986 3632 2349 3705 Inquisitionis

237 3724 478 3781 cogamur
521 3712 766 3767 conscios
789 3730 802 3765 t
823 3712 927 3769 hoc
967 3714 1146 3767 statuit
1183 3712 1240 3766 in
1329 3714 1561 3788 judicio!
1584 3714 1650 3768 G.

2394 703 2459 742 10
