2857 4690
913 387 1050 458 DE
1106 395 1181 459 C.
1239 388 1635 459 PLINIO.
2179 384 2329 477 ήκω-5

123 538 128 543 ·
177 524 482 617 insuper
519 516 837 615 quasdam
879 516 1171 615 ejusdem
1213 517 1408 589 Plinii
1441 518 1527 589 ad
1562 521 1811 589 amicos
1846 519 2153 614 epistolas
2176 572 2197 609 ‚
2228 544 2347 591 air-r

181 629 499 724 cepisse,
542 652 688 721 quae
746 626 830 695 de
883 624 1054 695 libro
1117 640 1356 696 octavo
1404 626 1808 711 exciderint3
1864 625 2101 695 deinde
2158 626 2347 695 idem

182 734 546 803 invehitur
599 735 669 801 in
704 732 1044 803 Jafredum
1099 731 1415 803 Carolum
1444 786 1464 819 ,
1514 734 1621 802 cui
1667 732 2014 801 'dedicarat
2058 734 2346 828 primam·

183 840 562 909 editionem
593 890 612 923 ,
666 852 1018 934 propterea
1061 838 1240 933 quod
1281 863 1433 908 eum
1496 853 1722 933 postea
1782 837 1977 935 longe
2034 852 2354 933 expertus

183 948 274 1015 sit
339 944 552 1014 alium
582 997 601 1032 ,
644 968 844 1040 quam
903 944 1184 1015 antehac
1233 946 1484 1039 putarit
1510 996 1531 1033 ,
1578 967 1657 1015 ac
1708 945 1791 1013 de
1848 970 1929 1014 eo
1984 947 2337 1039 scripserit.

185 1051 656 1121 Nihilominus
688 1066 910 1120 tamen
941 1052 1009 1119 in
1050 1050 1176 1119 hac
1216 1052 1615 1122 Ascensiana
1649 1051 1936 1120 editione
1965 1075 2196 1120 recusa
2245 1066 2347 1119 est

187 1159 426 1252 prima
467 1157 790 1227 dedicatio
817 1209 838 1244 ‚
881 1180 1028 1252 quae
1078 1170 1231 1227 ante
1273 1156 1602 1252 Epistolas
1638 1157 1908 1227 Jafredo
1951 1156 2193 1229 Carolo
2219 1207 2239 1241 ,
2276 1172 2345 1225 et

187 1278 356 1333 ante
397 1265 876 1358 Panegyricum
923 1266 1024 1332 Jo.
1071 1266 1208 1333 Jac.
1265 1266 1322 1333 T
1323 1262 1588 1333 rivultio
1616 1316 1636 1350 ,
1698 1263 1823 1333 fuit
1873 1265 2204 1359 inscripta.
2264 1264 2345 1331 ln

191 1384 529 1440 contextu
551 1370 747 1464 hujus
769 1368 1073 1438 editionis
1094 1371 1366 1439 omnino
1387 1370 1688 1464 quaedam
1717 1368 2028 1439 lectiones
2055 1394 2093 1438 a
2124 1372 2349 1464 priori·

191 1475 328 1545 bus
361 1477 660 1545 Catanaei
689 1474 1084 1545 editionibus
1107 1474 1378 1546 diversae
1395 1475 2002 1573 deprehenduntur.
2032 1476 2353 1545 Mendose

195 1580 350 1651 haec
402 1580 608 1651 editio
657 1584 729 1650 in
767 1581 934 1652 Bibl.
985 1581 1290 1651 Fabricio
1318 1620 1355 1635 -
1385 1584 1741 1652 Ernestina
1790 1582 2077 1652 refertur
2116 1583 2200 1652 ad
2239 1607 2353 1651 an-

198 1712 376 1757 num
431 1710 457 1756 1
478 1684 648 1758 523.

329 1816 353 1863 ι
377 1790 552 1888 539.
583 1792 906 1888 Lugduni
922 1845 944 1879 ,
973 1794 1040 1863 8.
1071 1796 1140 1865 C.
1169 1795 1386 1863 Plinii
1405 1796 1479 1863 E
1462 1796 1881 1890 pistolarum
1899 1794 2057 1863 libri
2074 1794 2303 1862 decem
2326 1818 2351 1878 ,⁶

199 1904 373 1969 item
433 1902 901 1994 Panegyricus
921 1952 944 1985 ,
1019 1898 1325 1991 Trajaao
1389 1903 1657 1971 Caesari
1695 1900 1917 1969 dictus
1958 1894 2077 1989 (et
2116 1914 2353 1969 caetera

203 2003 570 2099 opuscula,
587 2030 733 2098 quae
755 2005 907 2075 Aldi
933 2004 1218 2074 editione
1243 1997 1751 2095 continentur),
1782 2005 2133 2100 Lugduni,
2162 2004 2361 2100 apud

205 2111 700 2181 Sebastianum
735 2111 1416 2208 Gcrpkzutn.——Hoec
1450 2111 1836 2209 Gryphigna
1874 2112 2011 2181 fere
2041 2114 2354 2182 convenit

207 2242 369 2287 cum
404 2217 764 2312 superiori,
803 2240 979 2286 anno
1029 2240 1052 2287 ι
1075 2212 1211 2288 531
1260 2218 1597 2311 impressa.

331 2349 358 2394 1
383 2319 552 2410 542.
577 2322 934 2419 Lugduni,
969 2322 1036 2395 8.
1075 2323 1462 2420 Gryphiana
1495 2326 1633 2413 ΙΙΙ,
1658 2322 1857 2422 apud
1874 2323 2356 2396 Sebastianum

215 2431 616 2526 Gryphium.
669 2433 752 2498 In
799 2433 987 2526 cujus
1036 2429 1303 2525 quidem
1357 2429 1660 2501 editionis
1714 2431 1923 2501 tertiae
1974 2431 2359 2528 praefatione

213 2537 562 2632 Gryphius
592 2536 978 2630 profitetur,
1013 2537 1142 2607 dici
1181 2561 1316 2606 non
1350 2559 1577 2633 posse,
1602 2552 1884 2632 quanta,
1909 2562 2109 2631 quam
2149 2535 2362 2624 foeda,

215 2656 285 2710 et
328 2666 532 2736 quam
575 2641 821 2730 multa,
855 2644 923 2711 in
958 2643 1088 2714 hoc
1127 2668 1329 2738 opere
1365 2641 1811 2738 Epistularum
1850 2642 2125 2714 vulnera
2159 2668 2355 2714 sana·
2488 2669 2493 2684 ·

217 2751 396 2818 verit
420 2801 440 2835 ,
482 2747 734 2818 collatis
761 2773 896 2817 non
922 2751 1278 2819 oscitanter
1313 2748 1653 2820 codicibus
1696 2752 1853 2820 satis
1893 2748 2151 2836 multiS‚
2180 2751 2359 2820 adhi-

219 2854 494 2949 bitoque
516 2854 799 2949 judicio,
825 2879 960 2924 non
989 2880 1109 2924 suo
1139 2854 1350 2925 solum
1373 2907 1393 2942 ,
1436 2855 1549 2924 sed
1580 2881 1812 2926 eorum
1852 2879 2115 2952 quoque
2136 2908 2155 2943 ,
2185 2883 2357 2951 quo-

219 2987 372 3030 rum
413 2961 534 3030 sibi
573 2960 658 3030 ad
697 2985 844 3030 eam
877 2985 1017 3030 rem
1064 2957 1272 3030 fidelis
1313 2986 1577 3055 semper
1617 2975 1859 3057 praesto
1904 2962 2103 3030 fuerit
2136 2986 2357 3056 opera.

221 3070 332 3137 De
391 3066 848 3136 emendatione
899 3068 1322 3162 Panegyrici,
1385 3064 1547 3135 nihil
1606 3068 1999 3136 nominatim
2063 3081 2356 3135 monet.
2343 3092 2357 3107 ·

225 3173 642 3244 Schwarzius
687 3186 912 3242 tamen
956 3197 1024 3242 se
1066 3171 1607 3242 animadvertisse
1650 3173 1923 3261 scribit,
1962 3175 2030 3242 in
2088 3186 2361 3268 septua-

226 3281 414 3374 ginta
457 3292 527 3348 et
551 3277 847 3373 pluribus
873 3278 1033 3349 locis
1064 3276 1412 3348 lectionem
1452 3277 1650 3373 hujus
1678 3279 1983 3350 editionis
2012 3302 2050 3348 a
2082 3274 2361 3348 lectione

229 3388 460 3478 primae
501 3407 526 3454 ι
545 3382 683 3455 531
727 3384 1017 3454 differre.

346 3513 372 3562 1
393 3488 566 3577 542.
595 3493 938 3578 Basileoe,
981 3491 1047 3561 8.
1075 3491 1537 3561 Cratandrina.
1576 3495 1645 3562 C.
1675 3493 1888 3562 Plinii
1908 3489 2208 3562 Secundi
2223 3493 2369 3562 Νο-

229 3623 346 3666 νοι
341 3603 680 3683 vmensir,
736 3602 876 3668 viri
921 3599 1345 3684 consularis,
1396 3603 1829 3693 oratorisque
1890 3597 2365 3688 disertissimi,

231 3703 704 3800 Epistolarum
735 3703 914 3774 libri
931 3707 1029 3790 X,
1073 3702 1178 3772 ced
1200 3705 1561 3798 exemplat·
1606 3728 1818 3774 manu
1854 3709 2178 3802 scriptum
2220 3707 2361 3779 Ro-

232 3809 474 3906 dolplu'
510 3811 866 3904 Agn‘coloe
905 3809 1416 3904 diligentissime
1449 3815 1794 3904 recogniti.
1841 3815 2361 3908 Panegyricus,

244 3921 320 3986 Τι
325 3916 552 4009 mimo
578 3919 848 3986 Ccesari
869 3916 1135 4004 dictus,-
1159 3933 1230 3987 et
1245 3922 1306 3986 is
1332 3917 1439 3986 ad
1450 3921 1971 3988 vetustissimum
2008 3919 2367 4016 exemplar·

235 4021 650 4092 emendam-5.
693 4023 802 4092 De
852 4029 1017 4093 vab-125
1063 4023 1430 4093 illustre'bm
1464 4029 1569 4092 rei
1603 4023 1915 4094 militaris·
1960 4041 2026 4094 et
2066 4025 2361 4096 adrnini-
