2857 4690
534 347 661 416 162
1154 350 1231 416 C.
1284 349 1632 418 PLINII
1681 351 1872 418 LIB.
1925 353 2007 418 X.

1555 561 1642 579 w
1948 560 1950 562 ’
1977 547 2628 580 mmm-kaw-

1221 744 1444 830 LVI.
1506 743 1942 862 (XLVIII)

508 975 597 1028 An
636 975 1029 1048 Apameorum
1066 970 1315 1027 rationes
1333 1013 1351 1040 ,
1384 967 1544 1046 quod
1581 967 1865 1046 putabant
1897 981 2100 1028 contra
2139 971 2444 1049 privilegia
2487 991 2646 1044 esse,

1158 1063 1524 1142 inspiciendae
1556 1065 1700 1133 sint,
1727 1065 1994 1122 consulit.

929 1275 987 1321 C.
1050 1273 1406 1320 PLINIUS
1455 1274 2081 1320 TRAJAN01MP.
2139 1275 2190 1320 S.

596 1454 849 1540 Quum
886 1449 1122 1520 vellem
1160 1451 1508 1542 Apamam,
1533 1450 1859 1533 Domine,
1889 1473 2294 1542 cognoscere
2327 1449 2640 1543 publicos

500 1560 865 1644 debitoreS‚
902 1573 972 1628 et
1006 1557 1331 1642 reditum,
1367 1572 1434 1630 et
1469 1557 1848 1651 impendia,
1884 1583 2277 1652 responsum
2327 1575 2434 1628 est
2470 1561 2638 1630 mihi

498 1695 743 1764 cupere
780 1668 1049 1763 quidem
1088 1667 1465 1755 universos,
1504 1682 1580 1736 ut
1614 1692 1654 1736 a
1689 1693 1796 1736 me
1829 1668 2120 1738 rationes
2149 1666 2429 1738 coloniae
2463 1669 2641 1764 ἰξε-

500 1799 759 1852 rentur:
792 1807 1137 1876 nunquam
1171 1795 1395 1849 tamen
1424 1804 1565 1849 esse
1593 1779 1794 1848 lectas
1823 1779 1909 1848 ab
1941 1777 2082 1849 ullo
2115 1778 2637 1873 proconsulum3

495 1893 805 1961 habuisse
849 1891 1275 1987 privilegium
1322 1905 1389 1959 et
1433 1891 1956 1960 vetustissimum
2008 1914 2263 1958 morem
2285 1945 2306 1980 ,
2347 1890 2633 1959 arbitrio

432 2035 456 2068 η
495 2029 617 2073 suo
668 2000 1145 2098 rempublicam
1188 2001 1674 2069 administrare.
1704 2003 1946 2095 Exegi,
1976 2015 2084 2088 ut,
2110 2025 2255 2095 quae
2291 1999 2631 2090 dicebant,

494 2139 773 2209 quaeque
814 2113 1218 2196 recitabant,
1257 2109 1480 2182 libello
1524 2110 2180 2205 complecterentur:
2225 2136 2426 2205 quem
2467 2113 2588 2182 tibi
2611 2165 2631 2195 ‚
2683 2173 2690 2179 .

494 2224 759 2320 qualem
788 2249 1209 2319 acceperam,
1236 2223 1423 2309 misi,
1455 2222 1760 2318 quamvis
1796 2221 2236 2318 intelligerem
2255 2275 2274 2307 ,
2307 2221 2630 2320 pleraque

428 2358 455 2407 3
498 2360 577 2403 ex
614 2332 728 2404 illo
763 2333 849 2403 ad
888 2333 993 2418 id,
1029 2333 1109 2402 de
1144 2359 1278 2428 quo
1311 2334 1671 2429 quaeritur,
1697 2358 1845 2419 ,non
1893 2332 2249 2429 pertinere.
2289 2333 2385 2402 Te
2429 2360 2630 2429 rogO,

500 2460 575 2513 ut
606 2446 769 2513 mihi
809 2446 1168 2539 praecipere
1208 2444 1537 2538 digneris,
1565 2442 1730 2538 quid
1765 2467 1872 2521 me
1902 2458 2105 2537 putes
2134 2442 2486 2513 observare
2516 2446 2627 2514 de-

494 2554 674 2623 bere.
720 2557 972 2623 Vereor
1015 2555 1227 2640 enim,
1274 2579 1356 2622 ne
1392 2568 1511 2622 aut
1552 2554 1942 2640 excessisse,
1985 2568 2104 2621 aut
2145 2578 2281 2622 non
2320 2554 2626 2649 implesse

494 2662 699 2731 officii
734 2665 861 2730 mei
898 2678 1119 2757 partes
1158 2662 1405 2731 videar.

564 2866 704 2918 LVI.
736 2885 785 2919 ι.
814 2872 1062 2933 Apamea.
1086 2866 1222 2918 Plin.
1241 2864 1308 2918 H.
1338 2864 1407 2916 N.
1428 2864 1503 2927 V,
1604 2884 1724 2917 men
1757 2886 1808 2916 se
1835 2865 2104 2921 excidisse.
2134 2866 2236 2921 Sed
2268 2866 2342 2919 sic
2377 2869 2538 2921 etim
2576 2884 2623 2921 u

494 2946 559 2997 32
580 2983 596 3008 ,
627 2946 693 3007 43
724 2963 739 2997 :
780 2952 919 2995 Intus
958 2949 1005 2995 in
1036 2948 1269 3011 Bithynia
1309 2946 1506 2995 colonia
1583 2945 1793 2997 omittit
1821 2946 2082 3017 Trajanus
2117 2964 2240 2998 mox.
2265 2947 2452 3014 LVII,
2488 2968 2539 3012 2,
2568 2966 2622 2999 m

490 3030 747 3091 Apamena
762 3063 772 3074 .
796 3062 807 3073 .
830 3043 967 3091 .quoe
990 3044 1123 3074 mmc
1144 3026 1335 3088 uflioa
1358 3026 1504 3076 Colo·
1583 3027 1759 3076 ἐοἰωιι
1777 3063 1792 3085 ,
1825 3027 1918 3077 hoc
1929 3060 2118 3076 ......
2129 3044 2230 3077 esse
2242 3028 2520 3094 facturum.
2549 3027 2618 3080 G.

484 3106 792 3169 phoniorum.
824 3102 1119 3173 Stephanus
1148 3114 1339 3175 contra,
1363 3105 1504 3173 Μύρ-
1676 3124 1725 3156 2.
1745 3108 1832 3165 Eat
1861 3107 1962 3155 illo.
1988 3102 2160 3157 Valde
2185 3116 2491 3175 suspectum
2523 3107 2620 3157 fuit

486 3190 594 3237 λεια
608 3226 622 3249 ,
646 3186 784 3245 πόλις
803 3185 1021 3243 Βιθυνίας
1038 3222 1052 3247 ,
1071 3184 1103 3237 ἦ
1124 3188 1203 3235 νῦν
1233 3184 1502 3251 καλουμένη
1601 3184 1651 3235 J.
1674 3184 1738 3235 A.
1770 3182 2027 3235 Ernestio.
2049 3182 2258 3236 Poterat
2284 3184 2499 3237 abesse:
2521 3204 2619 3237 nec
2643 3237 2655 3249 ,

487 3255 745 3335 Antipera.
786 3262 887 3313 En.
926 3291 993 3300 —
1027 3263 1384 3311 Prot-ansulam
1409 3259 1502 3329 qui
1600 3276 1774 3315 tamen
1796 3260 1918 3315 ideo
1937 3262 2160 3315 arbitrer
2177 3260 2463 3315 delendum
2486 3282 2615 3316 esse.

487 3354 638 3397 antea
660 3341 875 3398 nomine
894 3350 1103 3397 senatus
1124 3338 1179 3391 in
1200 3338 1502 3411 Bithyniam
1598 3341 1982 3413 S.--Pleraque
1993 3360 2060 3393 εει·
2073 3345 2158 3393 illo
2171 3339 2240 3394 ad
2262 3340 2346 3405 id,
2368 3360 2477 3395 non
2497 3360 2617 3414 pa·-

486 3421 825 3475 mittebantur
848 3456 863 3485 ,
897 3436 1125 3491 quorum
1164 3416 1405 3469 nonnulli
1445 3417 1502 3468 in

485 3498 609 3569 ipsis
628 3500 785 3551 Plinii
806 3497 1039 3571 epistolis
1062 3508 1364 3550 occurrunt.
1392 3494 1498 3548 En.

487 3609 554 3617 —
576 3580 815 3629 Habm’sse
830 3580 1153 3646 privilegium.
1178 3575 1383 3627 Poterat
1402 3574 1500 3627 ali-

486 3656 602 3725 quis
626 3656 903 3727 suspicari,
930 3668 1048 3725 post
1066 3658 1289 3706 habuisse
1306 3670 1502 3723 prono·

1597 3421 1782 3474 tinere.
1823 3426 1904 3473 Ea:
1941 3424 2027 3475 ileo
2047 3460 2063 3483 ‚
2105 3420 2256 3495 quod
2289 3421 2517 3475 refertur
2547 3420 2617 3475 ad

1601 3504 1789 3561 libello,
1822 3502 1951 3553 mihi
1981 3500 2136 3553 valde
2166 3512 2470 3573 suspectum
2505 3513 2612 3564 ειη

1599 3580 1732 3635 adeo
1757 3580 2014 3633 inutile'et
2041 3581 2314 3653 inelegans
2333 3582 2444 3634 est!
2487 3592 2615 3652 puto

1597 3679 1808 3731 quoque
1825 3658 2114 3714 delendum
2133 3678 2262 3713 esse.
2287 3660 2338 3713 J.
2367 3661 2430 3713 A.
2463 3660 2598 3712 Eu.
