2857 4690
875 365 1400 434 EPISTOLA
1450 365 1775 434 CXXII.

2224 385 2360 455 217

229 565 794 590 mmmm-mm
799 569 1815 589 mmmmsummmmmm
1822 569 2369 587 mwussfflmm

1088 754 1511 849 CXXII.

833 1007 1286 1052 TRAJANUS
1337 1006 1640 1052 PLINIO
1692 1006 1745 1052 S.

319 1191 670 1258 Mean-o
708 1187 1044 1272 habuisti,
1085 1186 1392 1256 Secunde
1419 1186 1787 1276 carissime,
1819 1185 2136 1276 fiduciam
2166 1187 2373 1256 animi

217 1299 376 1366 mei.
410 1299 558 1366 Nec
596 1296 1044 1367 dubitandum
1091 1295 1355 1382 fuisset,
1397 1297 1453 1366 si
1492 1311 1967 1392 exspectasseS‚
2012 1296 2228 1368 donec
2264 1323 2373 1368 me

217 1407 645 1494 consuleres,
695 1433 784 1477 an
813 1408 940 1479 iter
974 1409 1204 1478 uxoris
1244 1422 1375 1477 tuae
1413 1406 1925 1503 diplomatibus,
1960 1433 2110 1502 quae
2150 1407 2375 1478 officio

219 1532 342 1586 tuo
377 1516 574 1604 dedi,
617 1517 1070 1611 adjuvandum
1103 1533 1309 1608 esset,
1345 1543 1543 1588 usum
1580 1544 1815 1589 eorum
1847 1519 2206 1590 intentioni
2236 1545 2375 1588 non

221 1627 592 1722 profuisse,
652 1641 876 1724 quum·
919 1629 1100 1725 apud
1160 1631 1438 1699 amitam
1484 1655 1677 1700 suam
1728 1656 1901 1701 uxor
1944 1647 2063 1701 tua
2103 1631 2379 1702 deberet

219 1740 426 1809 etiam
457 1739 802 1810 celeritate
839 1742 1125 1835 gratiam
1160 1740 1487 1811 adventus
1514 1743 1617 1811 sui
1654 1766 1920 1836 augere.

293 1941 516 1995 CXXII.
537 1947 898 2010 Exspectasse.
924 1944 1212 2016 Longolius
1225 1964 1255 1997 e

223 2021 490 2074 vossiano
513 2020 698 2074 codiee
719 2022 816 2094 qui
843 2023 1042 2095 ubique
1067 2024 1256 2080 misere

225 2112 507 2173 corruptus
527 2113 608 2154 est
619 2138 636 2165 ,
655 2102 878 2174 ejusque
893 2100 1040 2156 fideli
1056 2104 1254 2158 assecla

224 2179 470 2234 Editione
487 2181 654 2234 veteri
675 2196 996 2250 expectasset,
1016 2183 1143 2255 quia
1161 2187 1256 2242 sci-

225 2259 344 2314 lieet
363 2279 480 2313 non
502 2259 776 2314 insolitum
802 2262 904 2326 sit,
931 2279 995 2316 ex
1025 2281 1253 2336 sequen-

225 2339 362 2393 tibus
374 2339 545 2397 alium
561 2358 742 2395 casnm
760 2338 1036 2397 adsumere
1054 2382 1070 2408 ,
1091 2347 1253 2401 veluti

227 2417 328 2473 boc
341 2418 464 2473 loco
477 2438 610 2471 uxor
619 2438 682 2473 ex
695 2422 937 2491 sequenti
947 2427 1136 2477 uxoris.
1150 2426 1255 2484 En.

229 2528 296 2538 —
313 2500 692 2567 &plora-atibus.
712 2499 793 2551 De
809 2498 1162 2571 diplomatum
1175 2526 1259 2561 ra-

229 2577 366 2630 tione
386 2575 495 2631 vid.
517 2575 588 2630 ad
612 2577 766 2651 epist.
787 2578 864 2639 X,
887 2579 976 2633 31.
1003 2580 1256 2655 Magnam

229 2676 411 2709 eornm
454 2676 644 2711 curam
687 2669 742 2712 et
805 2658 1100 2715 Cesaribus
1124 2701 1141 2727 ‚
1205 2679 1260 2720 et

227 2736 538 2809 presidibus
561 2737 958 2809 provinciarum
980 2740 1160 2805 fuisse,
1193 2764 1257 2800 ex

229 2817 378 2888 epist.
409 2820 476 2887 59
505 2830 559 2872 et
583 2820 654 2872 60
680 2816 944 2873 videmus.
973 2822 1051 2873 Ex
1077 2838 1256 2880 nostra

229 2898 380 2950 etism
398 2910 623 2971 apparet
639 2935 656 2964 ,
684 2915 748 2950 ea
763 2916 874 2951 non
893 2899 998 2952 nisi
1015 2906 1258 2961 consulto

229 2976 432 3031 Casas-e
451 2976 574 3031 dari
591 2975 838 3030 debuisse
856 3016 872 3041 ,
898 2976 952 3030 in
974 2980 1128 3035 Italia
1145 2986 1258 3055 qui.

229 3055 366 3110 dem.
391 3056 576 3112 Facile
600 3068 778 3111 autem
804 3058 1056 3113 Massono
1075 3080 1256 3118 assen-

229 3136 324 3189 tior
340 3175 357 3200 ,
383 3137 482 3209 qui
501 3155 628 3209 pag.
653 3148 754 3203 149
779 3148 966 3192 contra
982 3142 1256 3212 vulgarem

227 3218 481 3270 rationem
521 3228 686 3288 negat
708 3253 724 3277 ,
770 3214 1000 3271 Plinium
1026 3258 1044 3284 ,
1087 3240 1257 3293 quum

231 3315 440 3351 uxorem
457 3296 751 3370 diplomate
771 3296 1044 3369 adjuvaret
1062 3338 1078 3363 ,
1099 3302 1158 3353 in
1177 3302 1258 3356 Bi·

230 3375 406 3449 thynia
432 3376 639 3440 fuisse;
667 3373 734 3429 de
760 3376 948 3431 itinere
979 3379 1124 3432 enim
1149 3391 1258 3435 tam

225 3454 518 3531 longinquo
537 3456 628 3511 vix
649 3454 870 3510 verbum
895 3476 1151 3511 excurrere
1170 3460 1262 3514 ad-

1353 1943 1609 1996 hibuisset
1627 1962 1643 2006 3
1662 1962 1692 1995 e
1707 1943 1955 2016 Bithynia
1968 1961 2139 2014 usque
2158 1961 2289 1996 uxor
2304 1963 2380 1995 ce-

1353 2027 1547 2076 lerieaee
1565 2027 1785 2092 gratiam
1820 2025 2054 2074 adventus
2084 2026 2164 2074 sui
2198 2043 2379 2092 augere

1351 2121 1465 2157 non
1488 2103 1741 2175 potuisset
1764 2120 1780 2164 ;
1802 2119 1977 2174 neque
1996 2101 2261 2175 'Prajanus
2279 2101 2379 2154 im-

1351 2184 1561 2256 perium
1578 2181 1733 2237 Plinii
1754 2182 1811 2234 in
1828 2181 2081 2254 Bithynia
2097 2180 2263 2236 officii
2286 2201 2381 2235 no-

1349 2263 1494 2316 mine
1514 2261 1817 2317 indicasset.
1835 2261 2040 2314 Verum
2062 2279 2164 2316 nec
2178 2262 2380 2333 justam

1347 2360 1590 2397 caussam
1610 2339 1752 2395 idem
1770 2341 2051 2396 Massonus
2068 2338 2262 2409 adfert,
2284 2360 2382 2395 cur

1355 2421 1586 2483 Plinium
1609 2440 1673 2476 eo
1698 2435 1934 2493 tempore
1953 2422 2103 2475 alveo
2125 2420 2381 2474 Tibe-ino

1355 2502 1661 2573 prefectum
1680 2501 1841 2554 fuisse
1860 2499 2157 2555 credamus.
2183 2502 2286 2555 En.
2310 2532 2380 2542 —

1359 2586 1482 2647 Quoe
1508 2584 1675 2654 officio
1705 2596 1787 2633 tuo
1814 2583 1948 2634 dedi.
1975 2581 2219 2647 Quorum
2243 2579 2381 2634 dan-

1357 2658 1550 2714 domm
1576 2673 1883 2733 potestatem
1910 2660 2004 2713 tihi
2024 2674 2239 2734 propter
2266 2661 2383 2714 offi-

1357 2741 1501 2795 cium
1539 2752 1691 2793 tuum
1728 2740 1983 2795 concessi.
2031 2744 2383 2811 Adjuvandum

1355 2835 1495 2873 esset.
1518 2820 1708 2873 Catan.
1726 2832 1875 2873 notat
1892 2856 1909 2883 ,
1929 2819 2031 2891 legi
2056 2820 2215 2873 etiam
2232 2824 2382 2889 adfia-

1357 2902 1571 2951 vandum
1583 2914 1812 2967 putarem
1832 2938 1848 2963 ‚
1873 2898 2021 2971 quod
2040 2899 2269 2953 Grutero
2288 2900 2383 2951 mi-

1353 2998 1456 3032 nus
1500 2978 1835 3050 inquinatum
1869 3019 1885 3043 ,
1926 2977 2168 3031 nondum
2202 2990 2381 3032 tamen

1351 3056 1574 3111 omnino
1584 3074 1781 3128 purum
1792 3054 2385 3111 videbatur.En.--Pro-

1337 3140 1517 3207 juisse.
1531 3136 1662 3189 vid.
1682 3136 1733 3189 J.
1750 3138 1818 3188 A.
1835 3136 1923 3189 Er.
1944 3138 1998 3191 S.
2014 3167 2083 3177 —
2100 3136 2271 3191 Usum
2294 3154 2383 3189 eo-

1353 3234 1477 3269 rum
1488 3214 1765 3268 intentioni
1773 3216 2385 3285 nonprofieisseDehebst

1355 3314 1468 3349 esse
1485 3335 1501 3361 ,
1532 3316 1631 3347 non
1657 3298 1972 3364 proflatur-um
1992 3297 2167 3363 fisisse.
2203 3292 2383 3346 Fallor

1359 3394 1428 3430 an
1444 3387 1496 3430 et
1513 3374 1615 3430 alia
1633 3374 1871 3447 exempla
1885 3372 2019 3426 mihi
2037 3383 2383 3425 occurrerunt

1359 3456 1582 3529 perfecti
1600 3455 1675 3509 sic
1695 3453 1850 3525 positi
1868 3472 1967 3525 pro
1988 3454 2187 3506 futuro.
2212 3453 2350 3506 Eu.
