<?xml version="1.0" encoding="UTF-8"?>
<!DOCTYPE html PUBLIC "-//W3C//DTD XHTML 1.0 Transitional//EN"
    "http://www.w3.org/TR/xhtml1/DTD/xhtml1-transitional.dtd">
<html xmlns="http://www.w3.org/1999/xhtml" xml:lang="en" lang="en">
 <head>
  <title>
</title>
<meta http-equiv="Content-Type" content="text/html;charset=utf-8" />
  <meta name='ocr-system' content='tesseract 3.04.00' />
  <meta name='ocr-capabilities' content='ocr_page ocr_carea ocr_par ocr_line ocrx_word'/>
</head>
<body>
  <div class='ocr_page' id='page_1' title='image "./cpliniisecundie00schgoog_0305.png"; bbox 0 0 2857 4690; ppageno 0'>
   <div class='ocr_carea' id='block_1_1' title="bbox 472 339 2045 431">
    <p class='ocr_par' dir='ltr' id='par_1_1' title="bbox 472 339 2045 431">
     <span class='ocr_line' id='line_1_1' title="bbox 472 339 2045 431; baseline 0.001 -25"><span class='ocrx_word' id='word_1_1' title='bbox 472 339 611 431; x_wconf 71' lang='lat'>294</span> <span class='ocrx_word' id='word_1_2' title='bbox 1042 340 1116 405; x_wconf 79' lang='lat' dir='ltr'>c,</span> <span class='ocrx_word' id='word_1_3' title='bbox 1169 339 1513 409; x_wconf 81' lang='lat' dir='ltr'><strong>PLINII</strong></span> <span class='ocrx_word' id='word_1_4' title='bbox 1565 340 2045 408; x_wconf 80' lang='lat' dir='ltr'><strong>SECUNDI</strong></span> 
     </span>
    </p>
   </div>
   <div class='ocr_carea' id='block_1_2' title="bbox 292 459 2629 2108">
    <p class='ocr_par' dir='ltr' id='par_1_2' title="bbox 292 459 2629 2108">
     <span class='ocr_line' id='line_1_2' title="bbox 468 459 2624 558; baseline 0.003 -30"><span class='ocrx_word' id='word_1_5' title='bbox 468 486 609 530; x_wconf 90' lang='lat' dir='ltr'>non</span> <span class='ocrx_word' id='word_1_6' title='bbox 662 459 865 530; x_wconf 87' lang='lat' dir='ltr'>laturi</span> <span class='ocrx_word' id='word_1_7' title='bbox 918 461 1224 531; x_wconf 89' lang='lat' dir='ltr'>homines</span> <span class='ocrx_word' id='word_1_8' title='bbox 1262 478 1485 532; x_wconf 87' lang='lat' dir='ltr'>essent</span> <span class='ocrx_word' id='word_1_9' title='bbox 1509 517 1530 550; x_wconf 90' lang='lat'>‚</span> <span class='ocrx_word' id='word_1_10' title='bbox 1576 462 1899 558; x_wconf 83' lang='lat' dir='ltr'><strong>destringi</strong></span> <span class='ocrx_word' id='word_1_11' title='bbox 1954 461 2210 557; x_wconf 83' lang='lat' dir='ltr'>aliquid</span> <span class='ocrx_word' id='word_1_12' title='bbox 2265 479 2336 533; x_wconf 89' lang='lat' dir='ltr'>et</span> <span class='ocrx_word' id='word_1_13' title='bbox 2383 465 2624 534; x_wconf 88' lang='lat' dir='ltr'>abradi</span> 
     </span>
     <span class='ocr_line' id='line_1_3' title="bbox 464 571 2625 673; baseline 0.004 -34"><span class='ocrx_word' id='word_1_14' title='bbox 464 571 661 640; x_wconf 91' lang='lat' dir='ltr'>bonis</span> <span class='ocrx_word' id='word_1_15' title='bbox 684 623 704 658; x_wconf 87' lang='lat'>‚</span> <span class='ocrx_word' id='word_1_16' title='bbox 748 595 898 666; x_wconf 80' lang='lat' dir='ltr'>quae</span> <span class='ocrx_word' id='word_1_17' title='bbox 936 573 1299 666; x_wconf 85' lang='lat' dir='ltr'>sanguine,</span> <span class='ocrx_word' id='word_1_18' title='bbox 1335 572 1707 668; x_wconf 84' lang='lat' dir='ltr'><strong>gentilitate</strong></span> <span class='ocrx_word' id='word_1_19' title='bbox 1727 626 1747 661; x_wconf 89' lang='lat'><strong>,</strong></span> <span class='ocrx_word' id='word_1_20' title='bbox 1788 599 2134 644; x_wconf 87' lang='lat' dir='ltr'>sacrorum</span> <span class='ocrx_word' id='word_1_21' title='bbox 2183 573 2474 673; x_wconf 88' lang='lat' dir='ltr'>denique</span> <span class='ocrx_word' id='word_1_22' title='bbox 2513 601 2625 646; x_wconf 88' lang='lat' dir='ltr'>so-</span> 
     </span>
     <span class='ocr_line' id='line_1_4' title="bbox 464 679 2626 781; baseline 0.004 -33"><span class='ocrx_word' id='word_1_23' title='bbox 464 681 705 750; x_wconf 87' lang='lat' dir='ltr'>cietate</span> <span class='ocrx_word' id='word_1_24' title='bbox 734 734 755 767; x_wconf 89' lang='lat'>‚</span> <span class='ocrx_word' id='word_1_25' title='bbox 792 683 1230 769; x_wconf 86' lang='lat' dir='ltr'>meruissent,</span> <span class='ocrx_word' id='word_1_26' title='bbox 1267 707 1553 778; x_wconf 82' lang='lat' dir='ltr'>quaeque</span> <span class='ocrx_word' id='word_1_27' title='bbox 1589 679 1941 779; x_wconf 80' lang='lat' dir='ltr'>nunquam</span> <span class='ocrx_word' id='word_1_28' title='bbox 1973 698 2051 754; x_wconf 91' lang='lat' dir='ltr'>ut</span> <span class='ocrx_word' id='word_1_29' title='bbox 2102 682 2326 754; x_wconf 84' lang='lat' dir='ltr'>aliena·</span> <span class='ocrx_word' id='word_1_30' title='bbox 2356 700 2427 767; x_wconf 83' lang='lat' dir='ltr'>et</span> <span class='ocrx_word' id='word_1_31' title='bbox 2461 711 2626 781; x_wconf 86' lang='lat' dir='ltr'>spe-</span> 
     </span>
     <span class='ocr_line' id='line_1_5' title="bbox 462 792 2622 892; baseline 0.002 -32"><span class='ocrx_word' id='word_1_32' title='bbox 462 792 677 862; x_wconf 87' lang='lat' dir='ltr'>randa</span> <span class='ocrx_word' id='word_1_33' title='bbox 697 846 717 879; x_wconf 88' lang='lat'>‚</span> <span class='ocrx_word' id='word_1_34' title='bbox 746 793 863 862; x_wconf 88' lang='lat' dir='ltr'>sed</span> <span class='ocrx_word' id='word_1_35' title='bbox 911 807 989 862; x_wconf 87' lang='lat' dir='ltr'>ut</span> <span class='ocrx_word' id='word_1_36' title='bbox 1026 818 1147 864; x_wconf 88' lang='lat' dir='ltr'>sua</span> <span class='ocrx_word' id='word_1_37' title='bbox 1182 818 1586 891; x_wconf 83' lang='lat' dir='ltr'>semperque</span> <span class='ocrx_word' id='word_1_38' title='bbox 1613 819 1948 891; x_wconf 80' lang='lat' dir='ltr'>possessa,</span> <span class='ocrx_word' id='word_1_39' title='bbox 1987 820 2068 866; x_wconf 85' lang='lat' dir='ltr'>ac</span> <span class='ocrx_word' id='word_1_40' title='bbox 2103 794 2422 892; x_wconf 86' lang='lat' dir='ltr'>deinceps</span> <span class='ocrx_word' id='word_1_41' title='bbox 2449 820 2622 891; x_wconf 89' lang='lat' dir='ltr'>pro-</span> 
     </span>
     <span class='ocr_line' id='line_1_6' title="bbox 394 899 2624 1000; baseline 0.003 -30"><span class='ocrx_word' id='word_1_42' title='bbox 394 934 426 986; x_wconf 86' lang='lat'><strong>3</strong></span> <span class='ocrx_word' id='word_1_43' title='bbox 463 905 645 972; x_wconf 81' lang='lat' dir='ltr'>ximo</span> <span class='ocrx_word' id='word_1_44' title='bbox 694 903 939 997; x_wconf 89' lang='lat' dir='ltr'>cuique</span> <span class='ocrx_word' id='word_1_45' title='bbox 988 899 1508 974; x_wconf 82' lang='lat' dir='ltr'>transmittenda</span> <span class='ocrx_word' id='word_1_46' title='bbox 1561 906 1914 1000; x_wconf 84' lang='lat' dir='ltr'>cepissent.</span> <span class='ocrx_word' id='word_1_47' title='bbox 1954 909 2117 976; x_wconf 84' lang='lat' dir='ltr'>Haec</span> <span class='ocrx_word' id='word_1_48' title='bbox 2167 907 2624 977; x_wconf 86' lang='lat' dir='ltr'>mansuetudo</span> 
     </span>
     <span class='ocr_line' id='line_1_7' title="bbox 465 1012 2622 1111; baseline 0.002 -30"><span class='ocrx_word' id='word_1_49' title='bbox 465 1012 631 1108; x_wconf 85' lang='lat' dir='ltr'>legis</span> <span class='ocrx_word' id='word_1_50' title='bbox 660 1013 1001 1084; x_wconf 79' lang='lat' dir='ltr'>veteribus</span> <span class='ocrx_word' id='word_1_51' title='bbox 1030 1016 1293 1086; x_wconf 88' lang='lat' dir='ltr'>civibus</span> <span class='ocrx_word' id='word_1_52' title='bbox 1322 1016 1716 1086; x_wconf 85' lang='lat' dir='ltr'>servabatur</span> <span class='ocrx_word' id='word_1_53' title='bbox 1745 1040 1763 1086; x_wconf 73' lang='grc' dir='ltr'><strong><em>ε</em></strong></span> <span class='ocrx_word' id='word_1_54' title='bbox 1802 1016 1995 1102; x_wconf 82' lang='lat' dir='ltr'>novi,</span> <span class='ocrx_word' id='word_1_55' title='bbox 2030 1041 2144 1086; x_wconf 89' lang='lat' dir='ltr'>seu</span> <span class='ocrx_word' id='word_1_56' title='bbox 2192 1041 2314 1111; x_wconf 88' lang='lat' dir='ltr'>per</span> <span class='ocrx_word' id='word_1_57' title='bbox 2339 1017 2622 1087; x_wconf 86' lang='lat' dir='ltr'>Latium</span> 
     </span>
     <span class='ocr_line' id='line_1_8' title="bbox 464 1125 2620 1222; baseline 0.002 -30"><span class='ocrx_word' id='word_1_58' title='bbox 464 1125 534 1192; x_wconf 90' lang='lat' dir='ltr'>in</span> <span class='ocrx_word' id='word_1_59' title='bbox 560 1125 899 1194; x_wconf 83' lang='lat' dir='ltr'>civitatem</span> <span class='ocrx_word' id='word_1_60' title='bbox 928 1179 948 1214; x_wconf 86' lang='lat'>‚</span> <span class='ocrx_word' id='word_1_61' title='bbox 982 1151 1103 1196; x_wconf 90' lang='lat' dir='ltr'>seu</span> <span class='ocrx_word' id='word_1_62' title='bbox 1133 1125 1463 1196; x_wconf 86' lang='lat' dir='ltr'>beneficio</span> <span class='ocrx_word' id='word_1_63' title='bbox 1490 1127 1815 1222; x_wconf 87' lang='lat' dir='ltr'>principis</span> <span class='ocrx_word' id='word_1_64' title='bbox 1839 1128 2179 1197; x_wconf 82' lang='lat' dir='ltr'>venissent</span> <span class='ocrx_word' id='word_1_65' title='bbox 2203 1179 2223 1214; x_wconf 91' lang='lat'>‚</span> <span class='ocrx_word' id='word_1_66' title='bbox 2251 1127 2380 1197; x_wconf 86' lang='lat' dir='ltr'>nisi</span> <span class='ocrx_word' id='word_1_67' title='bbox 2416 1127 2620 1196; x_wconf 86' lang='lat' dir='ltr'>simul</span> 
     </span>
     <span class='ocr_line' id='line_1_9' title="bbox 464 1233 2629 1333; baseline 0.001 -29"><span class='ocrx_word' id='word_1_68' title='bbox 464 1235 886 1330; x_wconf 84' lang='lat' dir='ltr'>cognationis</span> <span class='ocrx_word' id='word_1_69' title='bbox 944 1237 1113 1330; x_wconf 84' lang='lat' dir='ltr'>jura&#39;</span> <span class='ocrx_word' id='word_1_70' title='bbox 1152 1239 1660 1333; x_wconf 80' lang='lat' dir='ltr'>impetrassent,</span> <span class='ocrx_word' id='word_1_71' title='bbox 1713 1236 2100 1307; x_wconf 78' lang='lat' dir='ltr'>alienissimi</span> <span class='ocrx_word' id='word_1_72' title='bbox 2141 1233 2576 1306; x_wconf 81' lang='lat' dir='ltr'>habebantur</span> <span class='ocrx_word' id='word_1_73' title='bbox 2601 1293 2629 1324; x_wconf 81' lang='grc'><em>,</em></span> 
     </span>
     <span class='ocr_line' id='line_1_10' title="bbox 292 1345 2620 1443; baseline 0 -29"><span class='ocrx_word' id='word_1_74' title='bbox 292 1385 295 1393; x_wconf 86' lang='grc'><em>·</em></span> <span class='ocrx_word' id='word_1_75' title='bbox 394 1386 425 1443; x_wconf 74' lang='lat'><strong><em>4</em></strong></span> <span class='ocrx_word' id='word_1_76' title='bbox 464 1371 504 1439; x_wconf 89' lang='lat' dir='ltr'>q</span> <span class='ocrx_word' id='word_1_77' title='bbox 514 1345 709 1416; x_wconf 80' lang='lat' dir='ltr'>uibus</span> <span class='ocrx_word' id='word_1_78' title='bbox 723 1346 1254 1442; x_wconf 79' lang='lat' dir='ltr'>conjunctissimi</span> <span class='ocrx_word' id='word_1_79' title='bbox 1268 1347 1556 1418; x_wconf 70' lang='lat' dir='ltr'>filei-ant.</span> <span class='ocrx_word' id='word_1_80' title='bbox 1570 1351 1674 1417; x_wconf 89' lang='lat' dir='ltr'>Ita</span> <span class='ocrx_word' id='word_1_81' title='bbox 1684 1349 2052 1422; x_wconf 76' lang='lat' dir='ltr'>maximum</span> <span class='ocrx_word' id='word_1_82' title='bbox 2065 1347 2471 1418; x_wconf 85' lang='lat' dir='ltr'>beneficium</span> <span class='ocrx_word' id='word_1_83' title='bbox 2481 1371 2620 1416; x_wconf 87' lang='lat' dir='ltr'>ver·</span> 
     </span>
     <span class='ocr_line' id='line_1_11' title="bbox 462 1451 2621 1555; baseline 0 -30"><span class='ocrx_word' id='word_1_84' title='bbox 462 1457 732 1527; x_wconf 88' lang='lat' dir='ltr'>tebatur</span> <span class='ocrx_word' id='word_1_85' title='bbox 758 1460 829 1526; x_wconf 89' lang='lat' dir='ltr'>in</span> <span class='ocrx_word' id='word_1_86' title='bbox 846 1451 1303 1553; x_wconf 68' lang='lat' dir='ltr'>gravissimam</span> <span class='ocrx_word' id='word_1_87' title='bbox 1319 1459 1636 1554; x_wconf 87' lang='lat' dir='ltr'>injuriam</span> <span class='ocrx_word' id='word_1_88' title='bbox 1648 1513 1668 1548; x_wconf 88' lang='lat'>‚</span> <span class='ocrx_word' id='word_1_89' title='bbox 1682 1459 2050 1555; x_wconf 82' lang='lat' dir='ltr'>civitasque</span> <span class='ocrx_word' id='word_1_90' title='bbox 2068 1461 2374 1528; x_wconf 88' lang='lat' dir='ltr'>Romana</span> <span class='ocrx_word' id='word_1_91' title='bbox 2385 1463 2390 1472; x_wconf 87' lang='lat'>&#39;</span> <span class='ocrx_word' id='word_1_92' title='bbox 2401 1460 2621 1526; x_wconf 88' lang='lat' dir='ltr'>instar</span> 
     </span>
     <span class='ocr_line' id='line_1_12' title="bbox 460 1569 2622 1666; baseline -0 -30"><span class='ocrx_word' id='word_1_93' title='bbox 460 1584 603 1637; x_wconf 86' lang='lat' dir='ltr'>erat</span> <span class='ocrx_word' id='word_1_94' title='bbox 621 1569 788 1658; x_wconf 89' lang='lat' dir='ltr'>odii,</span> <span class='ocrx_word' id='word_1_95' title='bbox 806 1584 871 1639; x_wconf 90' lang='lat' dir='ltr'>et</span> <span class='ocrx_word' id='word_1_96' title='bbox 886 1569 1235 1640; x_wconf 66' lang='lat' dir='ltr'>discordiae</span> <span class='ocrx_word' id='word_1_97' title='bbox 1247 1625 1267 1660; x_wconf 87' lang='lat'>‚</span> <span class='ocrx_word' id='word_1_98' title='bbox 1284 1583 1351 1638; x_wconf 89' lang='lat' dir='ltr'>et</span> <span class='ocrx_word' id='word_1_99' title='bbox 1366 1569 1705 1658; x_wconf 79' lang='lat' dir='ltr'>orbitatiS‚</span> <span class='ocrx_word' id='word_1_100' title='bbox 1718 1594 1929 1666; x_wconf 90' lang='lat' dir='ltr'>quum</span> <span class='ocrx_word' id='word_1_101' title='bbox 1945 1569 2285 1660; x_wconf 82' lang='lat' dir='ltr'>carissima</span> <span class='ocrx_word' id='word_1_102' title='bbox 2300 1569 2622 1664; x_wconf 80' lang='lat' dir='ltr'>pignora,</span> 
     </span>
     <span class='ocr_line' id='line_1_13' title="bbox 391 1677 2622 1774; baseline -0.002 -22"><span class='ocrx_word' id='word_1_103' title='bbox 391 1697 422 1752; x_wconf 79' lang='lat'><strong>5</strong></span> <span class='ocrx_word' id='word_1_104' title='bbox 462 1677 643 1748; x_wconf 87' lang='lat' dir='ltr'>salva</span> <span class='ocrx_word' id='word_1_105' title='bbox 684 1680 987 1773; x_wconf 85' lang='lat' dir='ltr'>ipsorum</span> <span class='ocrx_word' id='word_1_106' title='bbox 1024 1681 1306 1774; x_wconf 87' lang='lat' dir='ltr'>pietate,</span> <span class='ocrx_word' id='word_1_107' title='bbox 1335 1680 1760 1750; x_wconf 83' lang='lat' dir='ltr'>distraheret.</span> <span class='ocrx_word' id='word_1_108' title='bbox 1794 1679 2320 1750; x_wconf 78' lang='lat' dir='ltr'>Inveniebantur</span> <span class='ocrx_word' id='word_1_109' title='bbox 2346 1693 2580 1747; x_wconf 87' lang='lat' dir='ltr'>tamen</span> <span class='ocrx_word' id='word_1_110' title='bbox 2602 1731 2622 1764; x_wconf 89' lang='lat'>‚</span> 
     </span>
     <span class='ocr_line' id='line_1_14' title="bbox 460 1788 2617 1884; baseline -0.001 -26"><span class='ocrx_word' id='word_1_111' title='bbox 460 1788 708 1884; x_wconf 87' lang='lat' dir='ltr'>quibus</span> <span class='ocrx_word' id='word_1_112' title='bbox 736 1804 965 1860; x_wconf 89' lang='lat' dir='ltr'>tantus</span> <span class='ocrx_word' id='word_1_113' title='bbox 996 1815 1189 1861; x_wconf 85' lang='lat' dir='ltr'>amor</span> <span class='ocrx_word' id='word_1_114' title='bbox 1229 1792 1526 1860; x_wconf 90' lang='lat' dir='ltr'>nominis</span> <span class='ocrx_word' id='word_1_115' title='bbox 1553 1791 1768 1860; x_wconf 88' lang='lat' dir='ltr'>nostri</span> <span class='ocrx_word' id='word_1_116' title='bbox 1795 1791 2042 1859; x_wconf 87' lang='lat' dir='ltr'>inesset</span> <span class='ocrx_word' id='word_1_117' title='bbox 2063 1840 2083 1875; x_wconf 89' lang='lat'>,</span> <span class='ocrx_word' id='word_1_118' title='bbox 2121 1803 2200 1858; x_wconf 89' lang='lat' dir='ltr'>ut</span> <span class='ocrx_word' id='word_1_119' title='bbox 2233 1793 2617 1860; x_wconf 83' lang='lat' dir='ltr'>Romanam</span> 
     </span>
     <span class='ocr_line' id='line_1_15' title="bbox 460 1899 2620 1989; baseline 0.001 -21"><span class='ocrx_word' id='word_1_120' title='bbox 460 1901 801 1970; x_wconf 88' lang='lat' dir='ltr'>civitatem</span> <span class='ocrx_word' id='word_1_121' title='bbox 843 1927 981 1971; x_wconf 91' lang='lat' dir='ltr'>non</span> <span class='ocrx_word' id='word_1_122' title='bbox 1012 1903 1363 1974; x_wconf 83' lang='lat' dir='ltr'>Vicesimae</span> <span class='ocrx_word' id='word_1_123' title='bbox 1406 1901 1652 1989; x_wconf 84' lang='lat' dir='ltr'>modo,</span> <span class='ocrx_word' id='word_1_124' title='bbox 1680 1927 1918 1970; x_wconf 85' lang='lat' dir='ltr'>verum</span> <span class='ocrx_word' id='word_1_125' title='bbox 1959 1901 2164 1971; x_wconf 88' lang='lat' dir='ltr'>etiam</span> <span class='ocrx_word' id='word_1_126' title='bbox 2203 1899 2620 1970; x_wconf 83' lang='lat' dir='ltr'>affinitatum</span> 
     </span>
     <span class='ocr_line' id='line_1_16' title="bbox 458 1997 2619 2108; baseline 0.001 -30"><span class='ocrx_word' id='word_1_127' title='bbox 458 2009 709 2080; x_wconf 87' lang='lat' dir='ltr'>damno</span> <span class='ocrx_word' id='word_1_128' title='bbox 743 2011 917 2081; x_wconf 86' lang='lat' dir='ltr'>bene</span> <span class='ocrx_word' id='word_1_129' title='bbox 949 2014 1369 2108; x_wconf 87' lang='lat' dir='ltr'>compensari</span> <span class='ocrx_word' id='word_1_130' title='bbox 1409 1997 1777 2108; x_wconf 80' lang='lat' dir='ltr'>putarent3</span> <span class='ocrx_word' id='word_1_131' title='bbox 1811 2010 1927 2080; x_wconf 90' lang='lat' dir='ltr'>sed</span> <span class='ocrx_word' id='word_1_132' title='bbox 1959 2012 2067 2082; x_wconf 84' lang='lat' dir='ltr'>his</span> <span class='ocrx_word' id='word_1_133' title='bbox 2093 2011 2382 2081; x_wconf 82' lang='lat' dir='ltr'>maxime</span> <span class='ocrx_word' id='word_1_134' title='bbox 2422 2011 2619 2080; x_wconf 83' lang='lat' dir='ltr'>debe-</span> 
     </span>
    </p>
   </div>
   <div class='ocr_carea' id='block_1_3' title="bbox 440 2233 1491 4129">
    <p class='ocr_par' dir='ltr' id='par_1_3' title="bbox 452 2233 1491 2781">
     <span class='ocr_line' id='line_1_17' title="bbox 457 2233 1491 2291; baseline -0.002 -3"><span class='ocrx_word' id='word_1_135' title='bbox 457 2233 563 2288; x_wconf 86' lang='lat' dir='ltr'>sed</span> <span class='ocrx_word' id='word_1_136' title='bbox 599 2233 807 2287; x_wconf 85' lang='lat' dir='ltr'>videtur</span> <span class='ocrx_word' id='word_1_137' title='bbox 845 2235 1003 2287; x_wconf 85' lang='lat' dir='ltr'>etiam</span> <span class='ocrx_word' id='word_1_138' title='bbox 1034 2239 1091 2291; x_wconf 71' lang='grc' dir='ltr'>ἐκ</span> <span class='ocrx_word' id='word_1_139' title='bbox 1116 2241 1203 2290; x_wconf 82' lang='grc' dir='ltr'>τοῦ</span> <span class='ocrx_word' id='word_1_140' title='bbox 1229 2241 1388 2290; x_wconf 70' lang='grc' dir='ltr'>κοινοῦ</span> <span class='ocrx_word' id='word_1_141' title='bbox 1424 2251 1491 2286; x_wconf 84' lang='lat' dir='ltr'>ex</span> 
     </span>
     <span class='ocr_line' id='line_1_18' title="bbox 457 2312 1490 2387; baseline 0.006 -24"><span class='ocrx_word' id='word_1_142' title='bbox 457 2330 646 2381; x_wconf 77' lang='lat' dir='ltr'>quanto</span> <span class='ocrx_word' id='word_1_143' title='bbox 688 2313 857 2387; x_wconf 81' lang='lat' dir='ltr'>repeti</span> <span class='ocrx_word' id='word_1_144' title='bbox 900 2333 1075 2387; x_wconf 80' lang='lat' dir='ltr'>posse.</span> <span class='ocrx_word' id='word_1_145' title='bbox 1112 2314 1346 2387; x_wconf 80' lang='lat' dir='ltr'>Agnovit</span> <span class='ocrx_word' id='word_1_146' title='bbox 1384 2312 1490 2369; x_wconf 88' lang='lat' dir='ltr'>hoc</span> 
     </span>
     <span class='ocr_line' id='line_1_19' title="bbox 454 2392 1490 2464; baseline 0.001 -21"><span class='ocrx_word' id='word_1_147' title='bbox 454 2392 565 2464; x_wconf 80' lang='lat' dir='ltr'>ipse</span> <span class='ocrx_word' id='word_1_148' title='bbox 591 2406 644 2447; x_wconf 86' lang='lat' dir='ltr'>et</span> <span class='ocrx_word' id='word_1_149' title='bbox 664 2393 859 2448; x_wconf 75' lang='lat' dir='ltr'>omisit.</span> <span class='ocrx_word' id='word_1_150' title='bbox 874 2393 945 2447; x_wconf 87' lang='lat' dir='ltr'>G.</span> <span class='ocrx_word' id='word_1_151' title='bbox 970 2423 1041 2435; x_wconf 92' lang='lat'>--</span> <span class='ocrx_word' id='word_1_152' title='bbox 1064 2396 1357 2446; x_wconf 77' lang='lat' dir='ltr'>Gentilitate</span> <span class='ocrx_word' id='word_1_153' title='bbox 1376 2430 1393 2458; x_wconf 89' lang='lat'>,</span> <span class='ocrx_word' id='word_1_154' title='bbox 1407 2413 1490 2445; x_wconf 83' lang='lat' dir='ltr'>sa-</span> 
     </span>
     <span class='ocr_line' id='line_1_20' title="bbox 454 2471 1491 2547; baseline 0.003 -24"><span class='ocrx_word' id='word_1_155' title='bbox 454 2492 649 2524; x_wconf 79' lang='lat' dir='ltr'>crorum</span> <span class='ocrx_word' id='word_1_156' title='bbox 662 2512 677 2525; x_wconf 97' lang='lat'><strong>.</strong></span> <span class='ocrx_word' id='word_1_157' title='bbox 697 2510 714 2524; x_wconf 90' lang='lat'><strong>.</strong></span> <span class='ocrx_word' id='word_1_158' title='bbox 734 2477 1007 2527; x_wconf 76' lang='lat' dir='ltr'>.soe1&#39;etaoe.</span> <span class='ocrx_word' id='word_1_159' title='bbox 1028 2476 1239 2525; x_wconf 72' lang='lat' dir='ltr'>Gentiles</span> <span class='ocrx_word' id='word_1_160' title='bbox 1252 2471 1491 2547; x_wconf 60' lang='lat' dir='ltr'>eiusdem</span> 
     </span>
     <span class='ocr_line' id='line_1_21' title="bbox 454 2550 1490 2625; baseline 0.002 -22"><span class='ocrx_word' id='word_1_161' title='bbox 454 2552 626 2623; x_wconf 80' lang='lat' dir='ltr'>gentis</span> <span class='ocrx_word' id='word_1_162' title='bbox 650 2550 893 2619; x_wconf 80' lang='lat' dir='ltr'>homines</span> <span class='ocrx_word' id='word_1_163' title='bbox 915 2590 932 2617; x_wconf 84' lang='lat'><em>,</em></span> <span class='ocrx_word' id='word_1_164' title='bbox 970 2552 1065 2625; x_wconf 89' lang='lat' dir='ltr'>qui</span> <span class='ocrx_word' id='word_1_165' title='bbox 1090 2550 1319 2624; x_wconf 85' lang='lat' dir='ltr'>proinde</span> <span class='ocrx_word' id='word_1_166' title='bbox 1346 2550 1490 2605; x_wconf 86' lang='lat' dir='ltr'>idem</span> 
     </span>
     <span class='ocr_line' id='line_1_22' title="bbox 453 2630 1490 2696; baseline 0.004 -13"><span class='ocrx_word' id='word_1_167' title='bbox 453 2648 651 2683; x_wconf 85' lang='lat' dir='ltr'>nomen</span> <span class='ocrx_word' id='word_1_168' title='bbox 677 2630 879 2683; x_wconf 72' lang='lat' dir='ltr'>habent</span> <span class='ocrx_word' id='word_1_169' title='bbox 890 2668 907 2696; x_wconf 89' lang='lat'>‚</span> <span class='ocrx_word' id='word_1_170' title='bbox 928 2643 989 2684; x_wconf 86' lang='lat' dir='ltr'>ut</span> <span class='ocrx_word' id='word_1_171' title='bbox 1006 2632 1173 2685; x_wconf 84' lang='lat' dir='ltr'>Tullii</span> <span class='ocrx_word' id='word_1_172' title='bbox 1198 2650 1383 2685; x_wconf 84' lang='lat' dir='ltr'>omnes</span> <span class='ocrx_word' id='word_1_173' title='bbox 1404 2632 1490 2687; x_wconf 86' lang='lat' dir='ltr'>Ci-</span> 
     </span>
     <span class='ocr_line' id='line_1_23' title="bbox 452 2708 1490 2781; baseline 0.002 -20"><span class='ocrx_word' id='word_1_174' title='bbox 452 2708 661 2762; x_wconf 84' lang='lat' dir='ltr'>ceronis</span> <span class='ocrx_word' id='word_1_175' title='bbox 704 2719 827 2761; x_wconf 84' lang='lat' dir='ltr'>sunt</span> <span class='ocrx_word' id='word_1_176' title='bbox 850 2711 1095 2781; x_wconf 78' lang='lat' dir='ltr'>gentiles</span> <span class='ocrx_word' id='word_1_177' title='bbox 1119 2716 1385 2762; x_wconf 74' lang='lat' dir='ltr'>Sacrorum</span> <span class='ocrx_word' id='word_1_178' title='bbox 1409 2732 1490 2763; x_wconf 86' lang='lat' dir='ltr'>so-</span> 
     </span>
    </p>

    <p class='ocr_par' dir='ltr' id='par_1_4' title="bbox 449 2790 1490 3180">
     <span class='ocr_line' id='line_1_24' title="bbox 453 2790 1490 2861; baseline 0.006 -22.173"><span class='ocrx_word' id='word_1_179' title='bbox 453 2791 647 2853; x_wconf 73' lang='lat' dir='ltr'>cietas,</span> <span class='ocrx_word' id='word_1_180' title='bbox 675 2790 803 2861; x_wconf 85' lang='lat' dir='ltr'>quia</span> <span class='ocrx_word' id='word_1_181' title='bbox 836 2809 935 2844; x_wconf 80' lang='lat' dir='ltr'>sua</span> <span class='ocrx_word' id='word_1_182' title='bbox 958 2790 1059 2844; x_wconf 80' lang='lat' dir='ltr'>sibi</span> <span class='ocrx_word' id='word_1_183' title='bbox 1095 2809 1245 2844; x_wconf 82' lang='lat' dir='ltr'>sacra</span> <span class='ocrx_word' id='word_1_184' title='bbox 1276 2790 1490 2845; x_wconf 71' lang='lat' dir='ltr'>familiae</span> 
     </span>
     <span class='ocr_line' id='line_1_25' title="bbox 452 2868 1488 2946; baseline 0.002 -25"><span class='ocrx_word' id='word_1_185' title='bbox 452 2880 613 2939; x_wconf 87' lang='lat' dir='ltr'>atque</span> <span class='ocrx_word' id='word_1_186' title='bbox 628 2870 801 2940; x_wconf 80' lang='lat' dir='ltr'>gentis</span> <span class='ocrx_word' id='word_1_187' title='bbox 814 2870 1034 2943; x_wconf 81' lang='lat' dir='ltr'>propria</span> <span class='ocrx_word' id='word_1_188' title='bbox 1045 2868 1347 2935; x_wconf 83' lang='lat' dir='ltr'>habebant,</span> <span class='ocrx_word' id='word_1_189' title='bbox 1368 2888 1488 2946; x_wconf 68' lang='lat' dir='ltr'>quo</span> 
     </span>
     <span class='ocr_line' id='line_1_26' title="bbox 452 2946 1488 3006; baseline 0.004 -5"><span class='ocrx_word' id='word_1_190' title='bbox 452 2946 522 3001; x_wconf 82' lang='lat' dir='ltr'>ad</span> <span class='ocrx_word' id='word_1_191' title='bbox 541 2947 763 3003; x_wconf 84' lang='lat' dir='ltr'>heredes</span> <span class='ocrx_word' id='word_1_192' title='bbox 785 2949 947 3003; x_wconf 86' lang='lat' dir='ltr'>etiam</span> <span class='ocrx_word' id='word_1_193' title='bbox 963 2950 1267 3006; x_wconf 84' lang='lat' dir='ltr'>transirent.</span> <span class='ocrx_word' id='word_1_194' title='bbox 1272 2950 1403 3004; x_wconf 87' lang='lat' dir='ltr'>Vid.</span> <span class='ocrx_word' id='word_1_195' title='bbox 1419 2950 1488 3005; x_wconf 87' lang='lat' dir='ltr'>de</span> 
     </span>
     <span class='ocr_line' id='line_1_27' title="bbox 450 3023 1486 3097; baseline 0.003 -17"><span class='ocrx_word' id='word_1_196' title='bbox 450 3027 535 3081; x_wconf 89' lang='lat' dir='ltr'>his</span> <span class='ocrx_word' id='word_1_197' title='bbox 558 3023 785 3083; x_wconf 78' lang='lat' dir='ltr'>Guther.</span> <span class='ocrx_word' id='word_1_198' title='bbox 806 3029 874 3083; x_wconf 88' lang='lat' dir='ltr'>de</span> <span class='ocrx_word' id='word_1_199' title='bbox 889 3030 1011 3083; x_wconf 88' lang='lat' dir='ltr'>Vet.</span> <span class='ocrx_word' id='word_1_200' title='bbox 1032 3030 1063 3082; x_wconf 82' lang='lat' dir='ltr'>J</span> <span class='ocrx_word' id='word_1_201' title='bbox 1067 3049 1161 3083; x_wconf 88' lang='lat' dir='ltr'>ure</span> <span class='ocrx_word' id='word_1_202' title='bbox 1184 3030 1379 3085; x_wconf 81' lang='lat' dir='ltr'>Pontis.</span> <span class='ocrx_word' id='word_1_203' title='bbox 1378 3032 1486 3097; x_wconf 85' lang='lat' dir='ltr'>IV,</span> 
     </span>
     <span class='ocr_line' id='line_1_28' title="bbox 449 3110 729 3180; baseline 0.004 -19"><span class='ocrx_word' id='word_1_204' title='bbox 449 3112 487 3161; x_wconf 79' lang='lat'><strong>6</strong></span> <span class='ocrx_word' id='word_1_205' title='bbox 503 3120 556 3161; x_wconf 86' lang='lat' dir='ltr'>et</span> <span class='ocrx_word' id='word_1_206' title='bbox 584 3128 636 3180; x_wconf 81' lang='lat'><strong>7.</strong></span> <span class='ocrx_word' id='word_1_207' title='bbox 660 3110 729 3162; x_wconf 89' lang='lat' dir='ltr'>G.</span> 
     </span>
    </p>

    <p class='ocr_par' dir='ltr' id='par_1_5' title="bbox 440 3188 1484 4129">
     <span class='ocr_line' id='line_1_29' title="bbox 521 3188 1484 3261; baseline 0.002 -20"><span class='ocrx_word' id='word_1_208' title='bbox 521 3190 573 3241; x_wconf 84' lang='grc'>3.</span> <span class='ocrx_word' id='word_1_209' title='bbox 596 3194 693 3240; x_wconf 81' lang='lat' dir='ltr'>Per</span> <span class='ocrx_word' id='word_1_210' title='bbox 712 3191 932 3241; x_wconf 75' lang='lat' dir='ltr'>Latium.</span> <span class='ocrx_word' id='word_1_211' title='bbox 957 3188 1126 3242; x_wconf 81' lang='lat' dir='ltr'>Verbi</span> <span class='ocrx_word' id='word_1_212' title='bbox 1152 3188 1322 3260; x_wconf 55' lang='lat' dir='ltr'>patin</span> <span class='ocrx_word' id='word_1_213' title='bbox 1339 3225 1358 3254; x_wconf 84' lang='lat'>‚</span> <span class='ocrx_word' id='word_1_214' title='bbox 1387 3190 1484 3261; x_wconf 83' lang='lat' dir='ltr'>qui</span> 
     </span>
     <span class='ocr_line' id='line_1_30' title="bbox 446 3267 1481 3341; baseline 0 -20"><span class='ocrx_word' id='word_1_215' title='bbox 446 3269 503 3321; x_wconf 85' lang='lat' dir='ltr'>in</span> <span class='ocrx_word' id='word_1_216' title='bbox 529 3267 738 3322; x_wconf 78' lang='lat' dir='ltr'>civitate</span> <span class='ocrx_word' id='word_1_217' title='bbox 756 3267 931 3321; x_wconf 79' lang='lat' dir='ltr'>Latini</span> <span class='ocrx_word' id='word_1_218' title='bbox 948 3269 1092 3341; x_wconf 80' lang='lat' dir='ltr'>juris.</span> <span class='ocrx_word' id='word_1_219' title='bbox 1110 3268 1481 3339; x_wconf 80' lang='lat' dir='ltr'>magistratum</span> 
     </span>
     <span class='ocr_line' id='line_1_31' title="bbox 447 3346 1479 3421; baseline -0.002 -18"><span class='ocrx_word' id='word_1_220' title='bbox 447 3349 749 3421; x_wconf 76' lang='lat' dir='ltr'>gessissent.</span> <span class='ocrx_word' id='word_1_221' title='bbox 763 3348 991 3421; x_wconf 80' lang='lat' dir='ltr'>Appiani</span> <span class='ocrx_word' id='word_1_222' title='bbox 1012 3348 1191 3403; x_wconf 87' lang='lat' dir='ltr'>locum</span> <span class='ocrx_word' id='word_1_223' title='bbox 1208 3346 1479 3403; x_wconf 83' lang='lat' dir='ltr'>adscriba-</span> 
     </span>
     <span class='ocr_line' id='line_1_32' title="bbox 446 3425 1474 3519; baseline 0 -40"><span class='ocrx_word' id='word_1_224' title='bbox 446 3447 567 3481; x_wconf 81' lang='lat' dir='ltr'>mus</span> <span class='ocrx_word' id='word_1_225' title='bbox 594 3428 815 3481; x_wconf 83' lang='lat' dir='ltr'>Civ.11.</span> <span class='ocrx_word' id='word_1_226' title='bbox 854 3446 910 3499; x_wconf 87' lang='lat' dir='ltr'>p.</span> <span class='ocrx_word' id='word_1_227' title='bbox 945 3425 1161 3493; x_wconf 75' lang='grc' dir='ltr'><strong>443.Α.</strong></span> <span class='ocrx_word' id='word_1_228' title='bbox 1196 3426 1265 3479; x_wconf 84' lang='lat' dir='ltr'>H</span> <span class='ocrx_word' id='word_1_229' title='bbox 1290 3427 1474 3519; x_wconf 77' lang='lat' dir='ltr'>Steph.</span> 
     </span>
     <span class='ocr_line' id='line_1_33' title="bbox 446 3506 1472 3581; baseline -0.002 -20"><span class='ocrx_word' id='word_1_230' title='bbox 446 3508 574 3581; x_wconf 76' lang='lat' dir='ltr'>quia</span> <span class='ocrx_word' id='word_1_231' title='bbox 615 3506 682 3561; x_wconf 91' lang='lat' dir='ltr'>de</span> <span class='ocrx_word' id='word_1_232' title='bbox 722 3507 895 3579; x_wconf 80' lang='lat' dir='ltr'>patria</span> <span class='ocrx_word' id='word_1_233' title='bbox 927 3506 1088 3559; x_wconf 85' lang='lat' dir='ltr'>Plinii</span> <span class='ocrx_word' id='word_1_234' title='bbox 1118 3507 1287 3561; x_wconf 80' lang='lat' dir='ltr'>nostri</span> <span class='ocrx_word' id='word_1_235' title='bbox 1323 3507 1472 3579; x_wconf 80' lang='lat' dir='ltr'>agit,</span> 
     </span>
     <span class='ocr_line' id='line_1_34' title="bbox 446 3588 1472 3687; baseline 0.003 -45"><span class='ocrx_word' id='word_1_236' title='bbox 446 3591 594 3643; x_wconf 73' lang='grc' dir='ltr'>Πόλιν</span> <span class='ocrx_word' id='word_1_237' title='bbox 622 3590 887 3660; x_wconf 68' lang='grc' dir='ltr'><strong>Νεόκωμον</strong></span> <span class='ocrx_word' id='word_1_238' title='bbox 918 3591 941 3642; x_wconf 83' lang='grc' dir='ltr'><strong>ὁ</strong></span> <span class='ocrx_word' id='word_1_239' title='bbox 975 3592 1173 3659; x_wconf 75' lang='grc' dir='ltr'>Καῖσαρ</span> <span class='ocrx_word' id='word_1_240' title='bbox 1204 3592 1260 3687; x_wconf 65' lang='grc' dir='ltr'>ἐςθ</span> <span class='ocrx_word' id='word_1_241' title='bbox 1284 3588 1472 3645; x_wconf 76' lang='grc' dir='ltr'><strong>Λατίου</strong></span> 
     </span>
     <span class='ocr_line' id='line_1_35' title="bbox 443 3658 1474 3753; baseline 0.006 -34"><span class='ocrx_word' id='word_1_242' title='bbox 443 3664 637 3723; x_wconf 63' lang='grc' dir='ltr'>δίκαιον</span> <span class='ocrx_word' id='word_1_243' title='bbox 689 3666 771 3721; x_wconf 64' lang='grc' dir='ltr'>ἐπὶ</span> <span class='ocrx_word' id='word_1_244' title='bbox 806 3674 905 3721; x_wconf 77' lang='grc' dir='ltr'>τῶν</span> <span class='ocrx_word' id='word_1_245' title='bbox 936 3658 1141 3723; x_wconf 60' lang='lat' dir='ltr'>hri-mv</span> <span class='ocrx_word' id='word_1_246' title='bbox 1174 3670 1336 3740; x_wconf 47' lang='lat' dir='ltr'>&amp;mim</span> <span class='ocrx_word' id='word_1_247' title='bbox 1354 3706 1397 3753; x_wconf 83' lang='grc'>,</span> <span class='ocrx_word' id='word_1_248' title='bbox 1409 3664 1474 3725; x_wconf 76' lang='grc' dir='ltr'>ὧν</span> 
     </span>
     <span class='ocr_line' id='line_1_36' title="bbox 444 3743 1479 3821; baseline 0.002 -20"><span class='ocrx_word' id='word_1_249' title='bbox 444 3750 551 3803; x_wconf 79' lang='grc' dir='ltr'>ὅσοι</span> <span class='ocrx_word' id='word_1_250' title='bbox 582 3755 698 3801; x_wconf 69' lang='grc' dir='ltr'>κατ’</span> <span class='ocrx_word' id='word_1_251' title='bbox 727 3750 840 3809; x_wconf 69' lang='grc' dir='ltr'><strong>ἔτος</strong></span> <span class='ocrx_word' id='word_1_252' title='bbox 865 3743 1045 3819; x_wconf 70' lang='grc' dir='ltr'><strong>ἦρχον,</strong></span> <span class='ocrx_word' id='word_1_253' title='bbox 1082 3751 1329 3821; x_wconf 76' lang='grc' dir='ltr'><strong>ἐγίγνοντο</strong></span> <span class='ocrx_word' id='word_1_254' title='bbox 1375 3756 1479 3803; x_wconf 68' lang='lat' dir='ltr'>Pm-</span> 
     </span>
     <span class='ocr_line' id='line_1_37' title="bbox 440 3824 1477 3901; baseline 0.003 -20"><span class='ocrx_word' id='word_1_255' title='bbox 440 3830 603 3899; x_wconf 73' lang='grc' dir='ltr'><strong>μαίων</strong></span> <span class='ocrx_word' id='word_1_256' title='bbox 650 3830 869 3881; x_wconf 76' lang='grc' dir='ltr'>πολῖται·</span> <span class='ocrx_word' id='word_1_257' title='bbox 913 3824 1033 3883; x_wconf 66' lang='grc' dir='ltr'>τόδε</span> <span class='ocrx_word' id='word_1_258' title='bbox 1082 3828 1177 3901; x_wconf 75' lang='grc' dir='ltr'>γὰρ</span> <span class='ocrx_word' id='word_1_259' title='bbox 1218 3830 1375 3900; x_wconf 69' lang='grc' dir='ltr'>ἰσχύοι</span> <span class='ocrx_word' id='word_1_260' title='bbox 1420 3832 1477 3884; x_wconf 77' lang='grc' dir='ltr'>τὸ</span> 
     </span>
     <span class='ocr_line' id='line_1_38' title="bbox 440 3904 1475 3979; baseline 0 -18"><span class='ocrx_word' id='word_1_261' title='bbox 440 3908 647 3963; x_wconf 75' lang='grc' dir='ltr'>Λάτιον.</span> <span class='ocrx_word' id='word_1_262' title='bbox 672 3904 891 3979; x_wconf 85' lang='lat' dir='ltr'>Reliqua</span> <span class='ocrx_word' id='word_1_263' title='bbox 921 3905 1125 3962; x_wconf 86' lang='lat' dir='ltr'>dabunt</span> <span class='ocrx_word' id='word_1_264' title='bbox 1151 3906 1305 3973; x_wconf 73' lang='lat' dir='ltr'>JCti,</span> <span class='ocrx_word' id='word_1_265' title='bbox 1335 3925 1391 3960; x_wconf 73' lang='lat' dir='ltr'><strong>v.</strong></span> <span class='ocrx_word' id='word_1_266' title='bbox 1418 3926 1475 3979; x_wconf 74' lang='lat' dir='ltr'><strong>g.</strong></span> 
     </span>
     <span class='ocr_line' id='line_1_39' title="bbox 442 3984 1473 4059; baseline 0.003 -21"><span class='ocrx_word' id='word_1_267' title='bbox 442 3984 695 4039; x_wconf 82' lang='lat' dir='ltr'>Heinecc.</span> <span class='ocrx_word' id='word_1_268' title='bbox 720 3984 1004 4059; x_wconf 84' lang='lat' dir='ltr'>Antiquitt.</span> <span class='ocrx_word' id='word_1_269' title='bbox 1028 4006 1151 4058; x_wconf 83' lang='lat' dir='ltr'>app.</span> <span class='ocrx_word' id='word_1_270' title='bbox 1175 3986 1202 4040; x_wconf 91' lang='lat'>1</span> <span class='ocrx_word' id='word_1_271' title='bbox 1226 4026 1240 4041; x_wconf 90' lang='lat'><strong>.</strong></span> <span class='ocrx_word' id='word_1_272' title='bbox 1271 4006 1324 4057; x_wconf 87' lang='grc'>7.</span> <span class='ocrx_word' id='word_1_273' title='bbox 1355 4004 1473 4059; x_wconf 76' lang='lat' dir='ltr'>sqq.</span> 
     </span>
     <span class='ocr_line' id='line_1_40' title="bbox 442 4064 1478 4129; baseline 0.002 -12"><span class='ocrx_word' id='word_1_274' title='bbox 442 4064 580 4120; x_wconf 80' lang='lat' dir='ltr'>Add.</span> <span class='ocrx_word' id='word_1_275' title='bbox 610 4066 839 4119; x_wconf 78' lang='lat' dir='ltr'>XXXIX</span> <span class='ocrx_word' id='word_1_276' title='bbox 864 4102 881 4129; x_wconf 87' lang='lat'><strong>,</strong></span> <span class='ocrx_word' id='word_1_277' title='bbox 914 4086 963 4119; x_wconf 76' lang='lat'><strong>².</strong></span> <span class='ocrx_word' id='word_1_278' title='bbox 985 4066 1055 4118; x_wconf 89' lang='lat' dir='ltr'>G.</span> <span class='ocrx_word' id='word_1_279' title='bbox 1078 4098 1147 4107; x_wconf 89' lang='lat'>——</span> <span class='ocrx_word' id='word_1_280' title='bbox 1169 4070 1478 4119; x_wconf 76' lang='lat' dir='ltr'>Alienissae’mi</span> 
     </span>
    </p>
   </div>
   <div class='ocr_carea' id='block_1_4' title="bbox 440 4144 1472 4209">
    <p class='ocr_par' dir='ltr' id='par_1_6' title="bbox 440 4144 1472 4209">
     <span class='ocr_line' id='line_1_41' title="bbox 440 4144 1472 4209; baseline 0.001 -10"><span class='ocrx_word' id='word_1_281' title='bbox 440 4150 765 4199; x_wconf 74' lang='lat' dir='ltr'>habebamur.</span> <span class='ocrx_word' id='word_1_282' title='bbox 794 4145 1071 4209; x_wconf 83' lang='lat' dir='ltr'>Quantum</span> <span class='ocrx_word' id='word_1_283' title='bbox 1114 4144 1183 4199; x_wconf 81' lang='lat' dir='ltr'>ad</span> <span class='ocrx_word' id='word_1_284' title='bbox 1213 4146 1472 4201; x_wconf 63' lang='lat' dir='ltr'>vicesima</span> 
     </span>
    </p>
   </div>
   <div class='ocr_carea' id='block_1_5' title="bbox 1561 2233 2620 4219">
    <p class='ocr_par' dir='ltr' id='par_1_7' title="bbox 1577 2233 2618 2467">
     <span class='ocr_line' id='line_1_42' title="bbox 1577 2233 2616 2290; baseline -0.002 -2"><span class='ocrx_word' id='word_1_285' title='bbox 1577 2235 1836 2288; x_wconf 84' lang='lat' dir='ltr'>tributum</span> <span class='ocrx_word' id='word_1_286' title='bbox 1883 2235 2249 2290; x_wconf 59' lang='lat' dir='ltr'>&amp;notabantur</span> <span class='ocrx_word' id='word_1_287' title='bbox 2296 2245 2358 2288; x_wconf 81' lang='lat' dir='ltr'>ut</span> <span class='ocrx_word' id='word_1_288' title='bbox 2395 2233 2616 2287; x_wconf 83' lang='lat' dir='ltr'>alienis·</span> 
     </span>
     <span class='ocr_line' id='line_1_43' title="bbox 1577 2312 2618 2387; baseline 0 -19"><span class='ocrx_word' id='word_1_289' title='bbox 1577 2313 1700 2369; x_wconf 77' lang='lat' dir='ltr'>simi</span> <span class='ocrx_word' id='word_1_290' title='bbox 1713 2354 1732 2377; x_wconf 90' lang='lat'><em>,</em></span> <span class='ocrx_word' id='word_1_291' title='bbox 1756 2314 1882 2369; x_wconf 86' lang='lat' dir='ltr'>licet</span> <span class='ocrx_word' id='word_1_292' title='bbox 1899 2312 2164 2369; x_wconf 81' lang='lat' dir='ltr'>defunctis</span> <span class='ocrx_word' id='word_1_293' title='bbox 2177 2313 2422 2387; x_wconf 78' lang='lat' dir='ltr'>proximo</span> <span class='ocrx_word' id='word_1_294' title='bbox 2437 2313 2618 2387; x_wconf 76' lang='lat' dir='ltr'>gradu</span> 
     </span>
     <span class='ocr_line' id='line_1_44' title="bbox 1578 2392 2164 2467; baseline 0 -20"><span class='ocrx_word' id='word_1_295' title='bbox 1578 2406 1752 2461; x_wconf 78' lang='lat' dir='ltr'>essent</span> <span class='ocrx_word' id='word_1_296' title='bbox 1773 2394 2068 2467; x_wconf 74' lang='lat' dir='ltr'>conjuncti.</span> <span class='ocrx_word' id='word_1_297' title='bbox 2092 2392 2164 2448; x_wconf 89' lang='lat' dir='ltr'><strong>G.</strong></span> 
     </span>
    </p>

    <p class='ocr_par' dir='ltr' id='par_1_8' title="bbox 1574 2472 2616 3024">
     <span class='ocr_line' id='line_1_45' title="bbox 1657 2472 2614 2537; baseline -0.001 -9"><span class='ocrx_word' id='word_1_298' title='bbox 1657 2480 1709 2537; x_wconf 74' lang='grc'>4.</span> <span class='ocrx_word' id='word_1_299' title='bbox 1731 2480 1818 2527; x_wconf 82' lang='lat' dir='ltr'>lea</span> <span class='ocrx_word' id='word_1_300' title='bbox 1842 2476 2117 2527; x_wconf 73' lang='lat' dir='ltr'>maa-imum</span> <span class='ocrx_word' id='word_1_301' title='bbox 2136 2512 2152 2537; x_wconf 90' lang='lat'><strong>‚</strong></span> <span class='ocrx_word' id='word_1_302' title='bbox 2179 2486 2282 2527; x_wconf 84' lang='lat' dir='ltr'>etc.</span> <span class='ocrx_word' id='word_1_303' title='bbox 2307 2472 2437 2526; x_wconf 85' lang='lat' dir='ltr'>Vid.</span> <span class='ocrx_word' id='word_1_304' title='bbox 2459 2474 2513 2527; x_wconf 74' lang='lat' dir='ltr'><strong>J.</strong></span> <span class='ocrx_word' id='word_1_305' title='bbox 2545 2476 2614 2527; x_wconf 79' lang='lat' dir='ltr'><strong>A.</strong></span> 
     </span>
     <span class='ocr_line' id='line_1_46' title="bbox 1574 2553 2616 2609; baseline -0.002 -2"><span class='ocrx_word' id='word_1_306' title='bbox 1574 2554 1849 2609; x_wconf 72' lang='lat' dir='ltr'>Ernestius</span> <span class='ocrx_word' id='word_1_307' title='bbox 1873 2554 1944 2608; x_wconf 83' lang='lat' dir='ltr'>ad</span> <span class='ocrx_word' id='word_1_308' title='bbox 1974 2553 2033 2607; x_wconf 87' lang='lat' dir='ltr'><strong>h.</strong></span> <span class='ocrx_word' id='word_1_309' title='bbox 2073 2554 2112 2608; x_wconf 85' lang='lat' dir='ltr'>l&#39;.</span> <span class='ocrx_word' id='word_1_310' title='bbox 2150 2554 2206 2609; x_wconf 79' lang='lat' dir='ltr'><strong>S.</strong></span> <span class='ocrx_word' id='word_1_311' title='bbox 2229 2584 2304 2595; x_wconf 93' lang='lat'><em>-</em></span> <span class='ocrx_word' id='word_1_312' title='bbox 2327 2556 2616 2605; x_wconf 66' lang='lat' dir='ltr'>Maximum</span> 
     </span>
     <span class='ocr_line' id='line_1_47' title="bbox 1576 2636 2614 2707; baseline 0 -22"><span class='ocrx_word' id='word_1_313' title='bbox 1576 2638 1860 2707; x_wconf 58' lang='lat' dir='ltr'>beneficium</span> <span class='ocrx_word' id='word_1_314' title='bbox 1885 2637 2174 2691; x_wconf 70' lang='lat' dir='ltr'>vertebatur</span> <span class='ocrx_word' id='word_1_315' title='bbox 2193 2637 2244 2686; x_wconf 75' lang='lat' dir='ltr'>in</span> <span class='ocrx_word' id='word_1_316' title='bbox 2267 2636 2614 2702; x_wconf 68' lang='lat' dir='ltr'>gravissimam</span> 
     </span>
     <span class='ocr_line' id='line_1_48' title="bbox 1576 2709 2616 2785; baseline -0.002 -20"><span class='ocrx_word' id='word_1_317' title='bbox 1576 2716 1830 2783; x_wconf 74' lang='lat' dir='ltr'>injuriam.</span> <span class='ocrx_word' id='word_1_318' title='bbox 1861 2714 1982 2769; x_wconf 82' lang='lat' dir='ltr'>scil.</span> <span class='ocrx_word' id='word_1_319' title='bbox 2009 2711 2156 2785; x_wconf 89' lang='lat' dir='ltr'>quod</span> <span class='ocrx_word' id='word_1_320' title='bbox 2181 2749 2196 2776; x_wconf 90' lang='lat'><strong>,</strong></span> <span class='ocrx_word' id='word_1_321' title='bbox 2233 2729 2402 2783; x_wconf 83' lang='lat' dir='ltr'>quum</span> <span class='ocrx_word' id='word_1_322' title='bbox 2433 2709 2616 2766; x_wconf 65' lang='lat' dir='ltr'>Lasufi</span> 
     </span>
     <span class='ocr_line' id='line_1_49' title="bbox 1575 2790 2612 2864; baseline -0.003 -18"><span class='ocrx_word' id='word_1_323' title='bbox 1575 2803 1748 2846; x_wconf 78' lang='lat' dir='ltr'>essent</span> <span class='ocrx_word' id='word_1_324' title='bbox 1765 2831 1783 2857; x_wconf 86' lang='lat'>,</span> <span class='ocrx_word' id='word_1_325' title='bbox 1795 2793 1845 2847; x_wconf 88' lang='lat' dir='ltr'>ei</span> <span class='ocrx_word' id='word_1_326' title='bbox 1863 2792 2110 2864; x_wconf 77' lang='lat' dir='ltr'>vectigali</span> <span class='ocrx_word' id='word_1_327' title='bbox 2123 2790 2342 2845; x_wconf 84' lang='lat' dir='ltr'>obnoxii</span> <span class='ocrx_word' id='word_1_328' title='bbox 2361 2810 2472 2845; x_wconf 84' lang='lat' dir='ltr'>nou</span> <span class='ocrx_word' id='word_1_329' title='bbox 2490 2792 2612 2843; x_wconf 79' lang='lat' dir='ltr'>fue-</span> 
     </span>
     <span class='ocr_line' id='line_1_50' title="bbox 1575 2868 2612 2935; baseline -0.001 -11"><span class='ocrx_word' id='word_1_330' title='bbox 1575 2883 1698 2925; x_wconf 83' lang='lat' dir='ltr'>rant</span> <span class='ocrx_word' id='word_1_331' title='bbox 1715 2910 1731 2935; x_wconf 90' lang='lat'><strong>‚</strong></span> <span class='ocrx_word' id='word_1_332' title='bbox 1749 2872 1808 2927; x_wconf 88' lang='lat' dir='ltr'>in</span> <span class='ocrx_word' id='word_1_333' title='bbox 1829 2892 1970 2926; x_wconf 80' lang='lat' dir='ltr'>nova</span> <span class='ocrx_word' id='word_1_334' title='bbox 1987 2868 2292 2926; x_wconf 83' lang='lat' dir='ltr'>conditione</span> <span class='ocrx_word' id='word_1_335' title='bbox 2311 2870 2541 2925; x_wconf 81' lang='lat' dir='ltr'>civitatis</span> <span class='ocrx_word' id='word_1_336' title='bbox 2555 2868 2612 2924; x_wconf 82' lang='lat' dir='ltr'>id</span> 
     </span>
     <span class='ocr_line' id='line_1_51' title="bbox 1574 2950 2328 3024; baseline -0.003 -19"><span class='ocrx_word' id='word_1_337' title='bbox 1574 2950 1807 3023; x_wconf 80' lang='lat' dir='ltr'>pendere</span> <span class='ocrx_word' id='word_1_338' title='bbox 1827 2954 2174 3024; x_wconf 81' lang='lat' dir='ltr'>cogebantur.</span> <span class='ocrx_word' id='word_1_339' title='bbox 2189 2952 2328 3009; x_wconf 64' lang='lat' dir='ltr'>Eius.</span> 
     </span>
    </p>

    <p class='ocr_par' dir='ltr' id='par_1_9' title="bbox 1561 3028 2620 4219">
     <span class='ocr_line' id='line_1_52' title="bbox 1643 3028 2609 3104; baseline -0.002 -21"><span class='ocrx_word' id='word_1_340' title='bbox 1643 3030 1696 3083; x_wconf 83' lang='grc'>5.</span> <span class='ocrx_word' id='word_1_341' title='bbox 1719 3034 2042 3104; x_wconf 77' lang='lat' dir='ltr'>Affinicatum</span> <span class='ocrx_word' id='word_1_342' title='bbox 2059 3034 2266 3083; x_wconf 80' lang='lat' dir='ltr'>damno.</span> <span class='ocrx_word' id='word_1_343' title='bbox 2281 3031 2466 3095; x_wconf 81' lang='lat' dir='ltr'>Quum</span> <span class='ocrx_word' id='word_1_344' title='bbox 2483 3028 2578 3081; x_wconf 85' lang='lat' dir='ltr'>ille</span> <span class='ocrx_word' id='word_1_345' title='bbox 2593 3067 2609 3093; x_wconf 86' lang='lat'><strong>,</strong></span> 
     </span>
     <span class='ocr_line' id='line_1_53' title="bbox 1570 3110 2620 3183; baseline -0.001 -20"><span class='ocrx_word' id='word_1_346' title='bbox 1570 3110 1665 3181; x_wconf 84' lang='lat' dir='ltr'>qui</span> <span class='ocrx_word' id='word_1_347' title='bbox 1691 3129 1751 3163; x_wconf 86' lang='lat' dir='ltr'>ex</span> <span class='ocrx_word' id='word_1_348' title='bbox 1779 3112 2066 3183; x_wconf 81' lang='lat' dir='ltr'>peregrino</span> <span class='ocrx_word' id='word_1_349' title='bbox 2093 3110 2223 3163; x_wconf 83' lang='lat' dir='ltr'>civis</span> <span class='ocrx_word' id='word_1_350' title='bbox 2249 3112 2404 3162; x_wconf 85' lang='lat' dir='ltr'>Rom.</span> <span class='ocrx_word' id='word_1_351' title='bbox 2433 3110 2620 3162; x_wconf 64' lang='lat' dir='ltr'>faetus</span> 
     </span>
     <span class='ocr_line' id='line_1_54' title="bbox 1571 3190 2608 3264; baseline -0.002 -21"><span class='ocrx_word' id='word_1_352' title='bbox 1571 3202 1708 3243; x_wconf 81' lang='lat' dir='ltr'>esset</span> <span class='ocrx_word' id='word_1_353' title='bbox 1720 3228 1737 3254; x_wconf 84' lang='lat'><strong>,</strong></span> <span class='ocrx_word' id='word_1_354' title='bbox 1752 3203 1971 3262; x_wconf 82' lang='lat' dir='ltr'>propter</span> <span class='ocrx_word' id='word_1_355' title='bbox 1983 3192 2072 3264; x_wconf 70' lang='lat' dir='ltr'>ins</span> <span class='ocrx_word' id='word_1_356' title='bbox 2085 3190 2478 3245; x_wconf 81' lang='lat' dir='ltr'>connubiorum</span> <span class='ocrx_word' id='word_1_357' title='bbox 2499 3208 2608 3241; x_wconf 89' lang='lat' dir='ltr'>non</span> 
     </span>
     <span class='ocr_line' id='line_1_55' title="bbox 1567 3268 2608 3343; baseline 0 -22"><span class='ocrx_word' id='word_1_358' title='bbox 1567 3279 1745 3341; x_wconf 80' lang='lat' dir='ltr'>posset</span> <span class='ocrx_word' id='word_1_359' title='bbox 1774 3289 1996 3324; x_wconf 74' lang='lat' dir='ltr'>uxorem</span> <span class='ocrx_word' id='word_1_360' title='bbox 2025 3268 2362 3343; x_wconf 77' lang='lat' dir='ltr'>peregrinam</span> <span class='ocrx_word' id='word_1_361' title='bbox 2386 3268 2608 3321; x_wconf 83' lang='lat' dir='ltr'>habere.</span> 
     </span>
     <span class='ocr_line' id='line_1_56' title="bbox 1566 3347 2615 3427; baseline -0.001 -26"><span class='ocrx_word' id='word_1_362' title='bbox 1566 3347 1828 3427; x_wconf 71' lang='lat' dir='ltr'>Ulpianus</span> <span class='ocrx_word' id='word_1_363' title='bbox 1879 3349 2076 3423; x_wconf 74' lang='lat' dir='ltr'>fragm.</span> <span class='ocrx_word' id='word_1_364' title='bbox 2105 3349 2156 3400; x_wconf 87' lang='lat' dir='ltr'><strong>V</strong></span> <span class='ocrx_word' id='word_1_365' title='bbox 2174 3386 2191 3413; x_wconf 84' lang='lat'><em>,</em></span> <span class='ocrx_word' id='word_1_366' title='bbox 2218 3356 2270 3413; x_wconf 79' lang='grc'>4.</span> <span class='ocrx_word' id='word_1_367' title='bbox 2340 3373 2364 3395; x_wconf 74' lang='grc' dir='ltr'>ι</span> <span class='ocrx_word' id='word_1_368' title='bbox 2393 3347 2615 3401; x_wconf 84' lang='lat' dir='ltr'>Connu-</span> 
     </span>
     <span class='ocr_line' id='line_1_57' title="bbox 1563 3427 2616 3486; baseline -0.002 -6"><span class='ocrx_word' id='word_1_369' title='bbox 1563 3427 1712 3483; x_wconf 84' lang='lat' dir='ltr'>bium</span> <span class='ocrx_word' id='word_1_370' title='bbox 1749 3428 1950 3486; x_wconf 74' lang='lat' dir='ltr'>habent</span> <span class='ocrx_word' id='word_1_371' title='bbox 1984 3429 2130 3485; x_wconf 78' lang='lat' dir='ltr'>cives</span> <span class='ocrx_word' id='word_1_372' title='bbox 2159 3430 2313 3481; x_wconf 87' lang='lat' dir='ltr'>Rom.</span> <span class='ocrx_word' id='word_1_373' title='bbox 2357 3445 2483 3480; x_wconf 83' lang='lat' dir='ltr'>cum</span> <span class='ocrx_word' id='word_1_374' title='bbox 2535 3427 2616 3479; x_wconf 86' lang='lat' dir='ltr'>ei-</span> 
     </span>
     <span class='ocr_line' id='line_1_58' title="bbox 1561 3507 2614 3572; baseline -0.002 -12"><span class='ocrx_word' id='word_1_375' title='bbox 1561 3507 1714 3561; x_wconf 74' lang='lat' dir='ltr'>vibus</span> <span class='ocrx_word' id='word_1_376' title='bbox 1741 3510 1892 3563; x_wconf 86' lang='lat' dir='ltr'>Rom.</span> <span class='ocrx_word' id='word_1_377' title='bbox 1920 3547 1937 3572; x_wconf 92' lang='lat'><strong>‚</strong></span> <span class='ocrx_word' id='word_1_378' title='bbox 1969 3528 2094 3563; x_wconf 85' lang='lat' dir='ltr'>cum</span> <span class='ocrx_word' id='word_1_379' title='bbox 2117 3508 2318 3562; x_wconf 79' lang='lat' dir='ltr'>Latinis</span> <span class='ocrx_word' id='word_1_380' title='bbox 2347 3518 2529 3560; x_wconf 82' lang='lat' dir='ltr'>autem</span> <span class='ocrx_word' id='word_1_381' title='bbox 2555 3518 2614 3561; x_wconf 85' lang='lat' dir='ltr'>et</span> 
     </span>
     <span class='ocr_line' id='line_1_59' title="bbox 1561 3586 2608 3661; baseline -0.002 -20"><span class='ocrx_word' id='word_1_382' title='bbox 1561 3588 1852 3661; x_wconf 79' lang='lat' dir='ltr'>peregrinis</span> <span class='ocrx_word' id='word_1_383' title='bbox 1897 3588 1971 3643; x_wconf 68' lang='lat' dir='ltr'>ita</span> <span class='ocrx_word' id='word_1_384' title='bbox 2003 3627 2020 3653; x_wconf 88' lang='lat'>‚</span> <span class='ocrx_word' id='word_1_385' title='bbox 2065 3588 2137 3645; x_wconf 72' lang='lat' dir='ltr'>Sl</span> <span class='ocrx_word' id='word_1_386' title='bbox 2187 3586 2608 3644; x_wconf 77' lang='lat' dir='ltr'><strong>CONCESSVM</strong></span> 
     </span>
     <span class='ocr_line' id='line_1_60' title="bbox 1565 3666 2606 3731; baseline -0.001 -9"><span class='ocrx_word' id='word_1_387' title='bbox 1565 3668 1697 3722; x_wconf 87' lang='lat' dir='ltr'><strong>SIT.</strong></span> <span class='ocrx_word' id='word_1_388' title='bbox 1716 3695 1742 3714; x_wconf 72' lang='lat' dir='ltr'>v·</span> <span class='ocrx_word' id='word_1_389' title='bbox 1758 3669 1881 3724; x_wconf 87' lang='lat' dir='ltr'>Sen.</span> <span class='ocrx_word' id='word_1_390' title='bbox 1902 3668 1972 3723; x_wconf 86' lang='lat' dir='ltr'>de</span> <span class='ocrx_word' id='word_1_391' title='bbox 1994 3669 2178 3724; x_wconf 84' lang='lat' dir='ltr'>Benef.</span> <span class='ocrx_word' id='word_1_392' title='bbox 2201 3668 2300 3731; x_wconf 78' lang='lat' dir='ltr'>IV,</span> <span class='ocrx_word' id='word_1_393' title='bbox 2323 3666 2410 3721; x_wconf 84' lang='lat'><strong>35.</strong></span> <span class='ocrx_word' id='word_1_394' title='bbox 2425 3694 2450 3712; x_wconf 68' lang='lat' dir='ltr'>a</span> <span class='ocrx_word' id='word_1_395' title='bbox 2473 3668 2606 3721; x_wconf 88' lang='lat' dir='ltr'>Pro-</span> 
     </span>
     <span class='ocr_line' id='line_1_61' title="bbox 1566 3746 2608 3802; baseline 0.002 -3"><span class='ocrx_word' id='word_1_396' title='bbox 1566 3746 1686 3801; x_wconf 85' lang='lat' dir='ltr'>misi</span> <span class='ocrx_word' id='word_1_397' title='bbox 1725 3748 1823 3801; x_wconf 81' lang='lat' dir='ltr'>tibi</span> <span class='ocrx_word' id='word_1_398' title='bbox 1857 3748 2024 3802; x_wconf 82' lang='lat' dir='ltr'>filiam</span> <span class='ocrx_word' id='word_1_399' title='bbox 2072 3750 2129 3802; x_wconf 89' lang='lat' dir='ltr'>in</span> <span class='ocrx_word' id='word_1_400' title='bbox 2165 3746 2566 3801; x_wconf 79' lang='lat' dir='ltr'>matrimonium</span> <span class='ocrx_word' id='word_1_401' title='bbox 2589 3766 2608 3801; x_wconf 71' lang='grc' dir='ltr'><strong><em>ε</em></strong></span> 
     </span>
     <span class='ocr_line' id='line_1_62' title="bbox 1568 3826 2612 3900; baseline -0.002 -19"><span class='ocrx_word' id='word_1_402' title='bbox 1568 3838 1754 3899; x_wconf 84' lang='lat' dir='ltr'>postea</span> <span class='ocrx_word' id='word_1_403' title='bbox 1795 3828 2103 3900; x_wconf 80' lang='lat' dir='ltr'>peregrinus</span> <span class='ocrx_word' id='word_1_404' title='bbox 2137 3826 2465 3899; x_wconf 76' lang='lat' dir='ltr'>apparuisti:</span> <span class='ocrx_word' id='word_1_405' title='bbox 2497 3846 2612 3880; x_wconf 81' lang='lat' dir='ltr'>non</span> 
     </span>
     <span class='ocr_line' id='line_1_63' title="bbox 1569 3904 2614 3961; baseline -0.002 0"><span class='ocrx_word' id='word_1_406' title='bbox 1569 3918 1648 3961; x_wconf 83' lang='lat' dir='ltr'>est</span> <span class='ocrx_word' id='word_1_407' title='bbox 1667 3906 1798 3960; x_wconf 81' lang='lat' dir='ltr'>mihi</span> <span class='ocrx_word' id='word_1_408' title='bbox 1813 3926 1939 3961; x_wconf 88' lang='lat' dir='ltr'>cum</span> <span class='ocrx_word' id='word_1_409' title='bbox 1977 3920 2192 3961; x_wconf 86' lang='lat' dir='ltr'>externo</span> <span class='ocrx_word' id='word_1_410' title='bbox 2223 3904 2614 3959; x_wconf 70' lang='lat' dir='ltr'>connubium.»</span> 
     </span>
     <span class='ocr_line' id='line_1_64' title="bbox 1566 3985 2606 4058; baseline 0.001 -20"><span class='ocrx_word' id='word_1_411' title='bbox 1566 3985 1699 4039; x_wconf 83' lang='lat' dir='ltr'>Vid.</span> <span class='ocrx_word' id='word_1_412' title='bbox 1719 3987 1919 4058; x_wconf 86' lang='lat' dir='ltr'>Spanh.</span> <span class='ocrx_word' id='word_1_413' title='bbox 1944 3988 2079 4041; x_wconf 87' lang='lat' dir='ltr'>Orb.</span> <span class='ocrx_word' id='word_1_414' title='bbox 2107 3988 2259 4041; x_wconf 85' lang='lat' dir='ltr'>Rom.</span> <span class='ocrx_word' id='word_1_415' title='bbox 2288 3986 2476 4039; x_wconf 82' lang='lat' dir='ltr'>Exere.</span> <span class='ocrx_word' id='word_1_416' title='bbox 2507 3986 2564 4039; x_wconf 89' lang='lat'>11</span> <span class='ocrx_word' id='word_1_417' title='bbox 2585 4024 2606 4049; x_wconf 85' lang='lat'><em>,</em></span> 
     </span>
     <span class='ocr_line' id='line_1_65' title="bbox 1569 4064 2606 4139; baseline 0 -20"><span class='ocrx_word' id='word_1_418' title='bbox 1569 4086 1657 4119; x_wconf 68' lang='grc' dir='ltr'>υ.</span> <span class='ocrx_word' id='word_1_419' title='bbox 1687 4076 1739 4119; x_wconf 84' lang='lat' dir='ltr'>et</span> <span class='ocrx_word' id='word_1_420' title='bbox 1763 4064 1891 4121; x_wconf 87' lang='lat' dir='ltr'>inde</span> <span class='ocrx_word' id='word_1_421' title='bbox 1915 4066 2170 4124; x_wconf 74' lang='lat' dir='ltr'>Heinecc.</span> <span class='ocrx_word' id='word_1_422' title='bbox 2197 4068 2345 4119; x_wconf 76' lang='lat' dir='ltr'>Anu.</span> <span class='ocrx_word' id='word_1_423' title='bbox 2375 4084 2502 4139; x_wconf 81' lang='lat' dir='ltr'>app.</span> <span class='ocrx_word' id='word_1_424' title='bbox 2539 4066 2566 4119; x_wconf 93' lang='lat'>1</span> <span class='ocrx_word' id='word_1_425' title='bbox 2585 4106 2606 4129; x_wconf 85' lang='lat'><em>,</em></span> 
     </span>
     <span class='ocr_line' id='line_1_66' title="bbox 1567 4146 1876 4219; baseline 0 -18"><span class='ocrx_word' id='word_1_426' title='bbox 1567 4146 1654 4201; x_wconf 84' lang='grc'>33.</span> <span class='ocrx_word' id='word_1_427' title='bbox 1675 4164 1790 4219; x_wconf 72' lang='lat' dir='ltr'>sqq.</span> <span class='ocrx_word' id='word_1_428' title='bbox 1807 4146 1876 4201; x_wconf 89' lang='lat' dir='ltr'><strong>G.</strong></span> 
     </span>
    </p>
   </div>
  </div>
 </body>
</html>
