2857 4690
447 418 586 502 244

987 363 1088 473 e.
1141 400 1496 470 PL1N11
1548 395 2025 465 SECUNDI

373 585 404 636 7
437 539 662 636 jestati
705 530 1124 604 humanitate
1149 517 1560 593 detrahitur!
1588 521 1737 587 Jam
1773 516 2088 600 firmitas,
2126 517 2595 612 jam-proceri-

351 728 362 744 κ
445 667 545 722 tas
579 644 912 743 corporiS,
942 643 1085 736 jam
1123 637 1344 710 honor
1381 630 1661 724 capitiS,
1692 642 1769 698 et
1802 627 2096 722 dignitas
2134 628 2305 714 oriS‚
2342 628 2427 697 ad
2466 629 2599 698 hoc

441 762 654 833 aetatis
685 755 1016 827 indeflexa
1041 745 1424 830 maturitas,
1462 765 1587 809 nec
1610 739 1753 808 sine
1776 737 2073 834 quodam
2098 763 2378 808 munere
2393 737 2598 806 deum

331 888 338 896 ‘
438 870 768 944 festinatis
807 859 1171 934 senectutis
1219 851 1595 951 insignibus
1634 847 1721 917 ad
1751 847 2141 942 ..augendam
2178 847 2597 943 majestatem

441 999 682 1054 ornata
709 975 1006 1049 caesaries
1019 1024 1040 1060 ‚
1058 991 1286 1038 nonne
1307 963 1512 1058 longe
1530 961 1797 1055 lateque
1813 961 2203 1056 Principem
2216 959 2601 1032 ostentant?

539 1099 624 1166 V.
659 1088 893 1160 Talem
941 1105 1083 1153 esse
1131 1073 1469 1172 oportuit,
1505 1094 1711 1166 quem
1758 1094 1899 1138 non
1948 1067 2127 1138 bella
2174 1066 2432 1154 civilia,
2470 1091 2599 1136 nec

443 1206 646 1278 arinis
671 1219 990 1296 oppressa
1019 1184 1434 1283 respublica,
1460 1180 1578 1251 sed
1594 1204 1727 1275 pax
1748 1233 1769 1267 ,
1806 1195 1873 1248 et
1902 1179 2202 1273 adoptiO,
2226 1193 2295 1248 et
2319 1177 2595 1246 tandem

375 1351 402 1384 2
443 1330 717 1390 exorata
755 1308 954 1380 terris
994 1291 1309 1384 mimina,
1344 1292 1705 1362 dedissent.
1746 1293 1862 1360 Au
1897 1289 1995 1360 fas
2036 1302 2215 1374 erat,
2252 1285 2423 1356 nihil
2464 1285 2597 1354 dif-

444 1432 618 1501 ferre
655 1427 834 1494 inter
867 1419 1374 1510 imperatorem,
1411 1425 1615 1496 quem
1652 1400 1993 1486 homines,
2027 1414 2098 1468 et
2130 1423 2333 1493 quem
2352 1395 2599 1484 Me-

442 1533 729 1610 cissent?
755 1551 1046 1627 quorum
1081 1517 1354 1616 quidem
1391 1515 1463 1582 in
1502 1527 1604 1600 te,
1640 1513 1865 1580 Caesar
1905 1513 2240 1606 Auguste,
2262 1509 2597 1605 judicium

443 1668 513 1724 et
531 1651 754 1732 favor,
783 1659 948 1713 tunc
975 1635 1236 1718 statim,
1273 1650 1484 1723 quum
1518 1621 1605 1692 ad
1636 1623 2003 1693 exercitum
2042 1622 2601 1719 proficiscereris,

375 1771 407 1824 3
444 1779 511 1834 et
539 1756 815 1856 quidem
842 1748 1164 1820 inusitato
1188 1737 1441 1811 indicio
1464 1733 1731 1803 enituit.
1751 1735 1931 1804 Nam
1956 1747 2231 1802 caeteros
2258 1733 2602 1827 principes

441 1986 673 2056 rigorem
699 1975 943 2032 incidunt
960 2009 976 2036 ,
998 1965 1302 2038 simplicitati
1325 1959 1403 2012 illi
1422 1969 1477 2010 et

445 2066 647 2138 ἀφελείᾳ
681 2053 1010 2113 nonu-arium
1029 2089 1047 2117 ‚
1085 2063 1203 2118 quae
1237 2039 1371 2093 nihil
1408 2035 1476 2090 fi-

443 2159 588 2199 ctum
597 2180 614 2206 ,
625 2137 762 2195 nihil
776 2131 1040 2190 adscitum
1050 2126 1236 2190 habet,
1247 2119 1339 2174 sed
1353 2135 1478 2173 can-

445 2225 572 2279 ‹lide
585 2219 767 2276 omnia
781 2254 800 2281 ,
822 2227 876 2268 et
887 2207 1118 2276 excussis
1135 2201 1290 2275 quasi
1307 2197 1477 2252 omni-

445 2308 546 2360 bus
571 2298 750 2357 cordis
776 2291 1068 2351 recessibus
1097 2297 1257 2357 atque
1284 2278 1440 2353 plicis
1458 2314 1475 2340 ,

445 2382 802 2439 administrat.
823 2375 894 2427 G.

515 2484 570 2535 7.
595 2465 684 2514 Ad
705 2462 799 2510 Ιιοσ
809 2488 966 2507 .....
977 2447 1257 2499 maturitas.
1277 2442 1365 2491 Ad
1381 2440 1477 2489 Ιιοσ

445 2548 611 2599 (etatis
647 2554 856 2609 tempus
883 2538 1138 2603 provecta
1153 2560 1170 2587 ,
1211 2520 1314 2594 sed¹
1332 2536 1470 2571 nou-

443 2626 577 2679 dum
599 2636 778 2677 tamen
799 2604 997 2685 deflexa
1019 2606 1278 2658 uicum-itas
1295 2638 1312 2665 ,
1343 2617 1477 2651 non-

446 2707 578 2759 dum
613 2696 786 2753 minui
819 2706 978 2763 atque
1013 2687 1317 2741 decrescere
1343 2678 1476 2732 inci-

445 2788 616 2859 piens.
641 2782 813 2849 Prope
835 2773 998 2842 ἀκμὴν
1025 2777 1078 2820 et
1101 2778 1372 2819 summum
1391 2756 1475 2811 vi-

447 2883 628 2939 gorem
646 2871 728 2913 est
741 2868 865 2909 aetas
883 2854 1155 2921 (quartum
1179 2854 1230 2893 et
1245 2838 1477 2911 quadra·

446 2946 702 3019 gesimum
728 2951 928 2991 annum
952 2942 1068 2981 tum
1086 2922 1277 2995 agebat
1293 2918 1477 2989 Traja-

447 3029 568 3095 nus)
583 3062 600 3089 ,
621 3019 862 3077 nondum
881 3024 1060 3067 tamen
1085 3003 1356 3059 declinare
1373 3018 1478 3052 coe-

448 3110 525 3181 pit
538 3145 555 3171 ,
577 3117 638 3157 ut
655 3102 770 3167 sol,
787 3112 954 3170 quum
976 3088 1211 3163 primurn
1237 3082 1480 3137 solstitia-

447 3190 554 3243 lem
578 3182 868 3239 terminum
891 3170 1064 3241 attigit
1083 3207 1098 3234 ,
1127 3162 1377 3219 deflectit.
1404 3160 1476 3215 G.

449 3300 521 3311 --
532 3270 689 3320 Recte
703 3256 882 3315 omnia
896 3252 1186 3308 Gesnerus,
1209 3243 1312 3295 nisi
1329 3241 1479 3313 quod

449 3352 525 3401 ad
543 3350 635 3398 hoc
659 3358 804 3397 nunc
825 3346 904 3389 est
922 3370 939 3396 ,
959 3339 1212 3403 praterea
1227 3363 1244 3389 ,
1271 3336 1333 3375 ut
1355 3341 1481 3375 ceu-

449 3428 548 3481 ties
571 3422 714 3496 apud
737 3416 993 3471 Plinium.
1021 3406 1180 3463 Conf.
1209 3404 1380 3476 Epist.
1412 3402 1442 3453 1
1460 3438 1477 3465 ,

455 3528 520 3562 10
535 3546 552 3573 ,
575 3509 630 3560 6.
649 3503 716 3555 Ε.
731 3528 803 3540 --
817 3498 906 3549 Ad
918 3496 1032 3545 hoc.
1056 3484 1372 3541 Arntzenius
1397 3482 1479 3534 in·

449 3593 765 3659 terpretatur
789 3576 982 3629 adhaec
997 3608 1012 3632 ,
1034 3582 1298 3638 praterea.
1325 3562 1392 3616 G.
1407 3590 1480 3603 —-

445 3665 637 3721 Malim
663 3662 737 3713 ad
755 3659 876 3708 hoec.
899 3648 1332 3705 s.--Festinacis.
1347 3680 1360 3692 .
1383 3681 1396 3693 .
1417 3680 1431 3693 .
1454 3680 1467 3693 .

449 3746 735 3814 insignibus.
757 3730 1044 3790 claudian.
1078 3724 1243 3797 Nupt.
1267 3723 1477 3775 Honor.

452 3828 556 3891 3²4
573 3842 588 3876 :
607 3823 872 3885 Vultusque
891 3824 1102 3862 auctura
1119 3805 1363 3865 verendos
1387 3805 1481 3853 Ca-

450 3909 592 3958 nities
611 3902 795 3967 festina
813 3894 969 3947 venit.
993 3888 1063 3942 G.
1078 3917 1150 3929 --
1165 3890 1330 3952 Longe
1355 3884 1478 3933 late-

450 4006 562 4056 que.
599 3984 721 4035 Non
755 3976 932 4029 refero
967 3966 1040 4023 ad
1063 3966 1340 4035 principem
1355 3960 1479 4012 haec

451 4061 696 4121 adverbia
715 4096 732 4122 ,
758 4052 854 4109 sed
891 4048 964 4103 ad
989 4058 1255 4099 ostentant.
1283 4040 1482 4092 Narrat

449 4166 478 4201 e
511 4144 681 4197 Dione
707 4177 722 4204 ,
747 4136 844 4189 lib.
871 4126 1105 4184 LXVIII
1135 4120 1441 4193 xiphilinus
1459 4158 1476 4183 ‚

445 4244 570 4301 pag.
597 4220 722 4295 785.
746 4220 818 4271 D.
839 4212 896 4265 in
920 4200 1269 4279 Expeditione
1291 4212 1479 4255 contra

1568 1957 1841 2027 Agat-enos
1870 1972 2061 2026 magno
2091 1955 2147 2006 in
2174 1951 2417 2026 periculo
2440 1952 2605 2004 fuisse

1570 2039 1861 2109 Trajanum
1888 2055 1905 2090 ε
1948 2037 2053 2090 Καὶ
2093 2037 2241 2096 αὐτὸς
2284 2036 2605 2106 βραχυτάτου

1572 2113 1747 2174 {Sinos
1774 2121 2043 2190 τρωθῆνὰι,
2076 2117 2254 2186 καίπερ
2282 2117 2372 2172 τὴν
2404 2117 2605 2181 βασιλι-

1572 2200 1659 2256 κὴν
1684 2199 1861 2255 στολὴν
1891 2198 2218 2266 ἀποθέμενος,
2254 2197 2337 2248 ἴνα
2368 2195 2437 2266 μὴ
2468 2215 2601 2266 γνω-

1572 2284 1741 2351 ρισθῇ,
1764 2283 1853 2340 τῆς
1880 2273 1941 2330 δὲ
1965 2279 2139 2338 πολιᾶς
2166 2278 2316 2329 αὐτοῦ
2341 2281 2397 2328 τὸ
2418 2281 2601 2347 γαῦρον

1571 2360 1656 2413 καί
1703 2364 1760 2413 τὸ
1815 2358 2152 2430 otgivam-ptati<
2194 2362 2281 2409 τοῦ
2327 2356 2605 2426 προσώπου

1572 2436 1791 2503 ἰδόντες,
1816 2438 2141 2494 ὓπετόπησάν
2170 2456 2226 2489 τε
2250 2430 2404 2499 εἶναι,
2432 2437 2483 2497 ὃς
2514 2432 2605 2501 ἦν,

1570 2520 1655 2573 καὶ
1676 2518 2002 2583 ἐπετόξωσσιν
2020 2520 2157 2589 αὐτῷ
2179 2536 2227 2569 κ.
2244 2536 2293 2568 τ.
2314 2522 2361 2568 λ.
2376 2513 2609 2569 Viderat

1569 2596 1749 2651 locum
1772 2596 1999 2668 Lipsius.
2023 2594 2092 2646 G.

1642 2678 1714 2730 V.
1733 2698 1784 2731 ².
1800 2678 2105 2727 Exercitum.
2126 2674 2171 2723 A
2193 2668 2525 2735 Domitianum
2548 2672 2605 2725 in

1569 2755 1911 2812 Germaniam
1936 2752 2241 2806 inferiorem
2269 2752 2461 2805 missus
2479 2792 2496 2817 ‚
2526 2752 2605 2803 le-

1571 2848 1723 2909 gatus
1744 2832 2057 2890 consularis.
2080 2832 2180 2885 En.
2196 2862 2268 2871 --
2282 2834 2476 2882 Iudicio
2504 2835 2608 2883 cm·-

1572 2922 1682 2971 tuit.
1698 2919 1893 2968 Iudicio
1914 2926 2166 2985 typorum
2184 2909 2503 2982 Cuspiuiani
2522 2930 2607 2963 er-

1570 2998 1681 3051 rori
1696 2996 1903 3048 videtur
1925 2990 2141 3045 deberi:
2168 2990 2327 3062 plane
2344 2990 2608 3043 omittitur

1570 3079 1627 3131 in
1640 3075 2029 3133 Schwarziano.
2044 3074 2274 3132 Enotuit,
2292 3068 2439 3141 quod
2454 3082 2533 3122 est
2548 3070 2607 3121 iu

1572 3156 1896 3231 quibusdam
1918 3152 2065 3207 libris
2079 3190 2096 3215 ‚
2120 3162 2173 3204 et
2204 3150 2381 3221 ipsum
2402 3150 2605 3203 Plinia-

1572 3254 1705 3291 uum
1726 3249 1805 3291 est
1822 3236 1877 3287 Π
1892 3270 1909 3297 ,
1931 3252 1995 3285 10
2010 3268 2027 3295 ,
2046 3232 2098 3285 3.
2115 3230 2378 3281 Caeterum
2392 3228 2609 3281 Ernesti

1574 3335 1725 3369 meus
1743 3314 1847 3385 legi
1868 3312 2077 3381 volebat
2096 3311 2315 3361 eminuit.
2328 3306 2399 3361 G.
2411 3306 2609 3359 —Vid.

1574 3401 1606 3453 J
1610 3409 1631 3451 .'
1642 3401 1704 3451 A.
1723 3392 1996 3449 Ernestius
2010 3389 2079 3443 ad
2092 3388 2445 3441 bunclocum.
2460 3387 2518 3441 S.
2534 3418 2611 3427 -—-

1578 3484 1797 3546 Quorum
1820 3479 1871 3527 iu
1900 3489 1948 3525 te
1962 3472 2211 3541 judicium
2238 3483 2287 3519 et
2296 3470 2457 3536 favor
2487 3481 2607 3516 tunc

1572 3561 1743 3611 statim
1769 3557 2004 3607 inusitato
2038 3552 2220 3602 indicio
2250 3550 2443 3598 enituit.
2464 3545 2608 3598 Ver..

1574 3639 1705 3692 bum
1732 3638 1909 3687 enituit
1942 3650 2055 3684 non
2096 3638 2175 3682 est
2210 3638 2397 3699 aptum
2430 3643 2610 3697 neque

1570 3715 1774 3790 judicio
1793 3752 1809 3777 ,
1836 3728 2009 3783 neque
2034 3708 2225 3761 favori.
2251 3706 2389 3760 Hinc
2414 3704 2608 3777 quasi-

1574 3806 1687 3849 tum
1701 3792 1913 3849 videtur
1928 3792 2134 3849 enotuit,
2154 3786 2301 3859 quod
2317 3804 2415 3838 nec
2428 3786 2611 3856 ipsum

1573 3871 1919 3931 commodum
1947 3882 2044 3923 est.
2068 3867 2251 3920 Verba
2280 3865 2499 3938 propria
2526 3866 2611 3917 fa-

1574 3956 1692 4011 vori
1718 3963 1844 4007 sunt
1874 3952 2083 4001 eminere
2108 3958 2168 4017 et
2202 3948 2431 3997 emicare.
2462 3944 2613 3998 Con-

1578 4032 1877 4089 funduntur
1896 4040 2075 4083 autem
2092 4044 2230 4099 sape
2246 4026 2303 4077 in
2321 4024 2473 4076 libris
2493 4028 2612 4075 emi-

1576 4136 1691 4171 nere
1714 4126 1769 4167 et
1796 4116 1995 4163 enitere.
2010 4107 2143 4161 Vid.
2178 4126 2230 4159 v.
2261 4125 2311 4157 c.
2342 4104 2611 4159 Burman-

1576 4216 1709 4253 num
1732 4192 1805 4247 ad
1828 4192 2043 4247 Sueten.
2065 4188 2235 4261 Calig.
2264 4185 2350 4240 15.
2379 4184 2521 4239 En.
