2857 4690
812 363 1337 432 EPISTOLA‘
1380 364 1685 432 XVIII.

2218 365 2306 460 37

190 498 426 553 rantur
462 509 478 553 ε
522 482 651 553 alii·
680 499 911 554 contra
953 487 1081 556 hoc
1121 487 1339 580 ipsum
1377 483 1684 555 laudibus
1720 484 1976 572 ferunt,
2013 486 2194 580 quod
2228 491 2314 557 sit

188 593 540 664 frustratus
568 594 909 688 improbas
938 620 1085 690 spes
1108 595 1490 680 hominum3
1513 619 1680 690 quos
1703 597 1796 664 sic
1823 594 2160 690 decipere,
2187 623 2314 693 pro

188 705 485 774 moribus
538 719 955 804 temporum,
998 705 1353 799 prudentia
1405 721 1525 775 est.
1575 705 1852 776 Addunt
1901 706 2135 788 etiam,
2176 733 2312 776 non

190 812 387 882 fuisse
425 816 483 884 ei
520 815 845 903 liberum,
883 815 1015 884 alio
1052 831 1449 886 testamento
1491 819 1700 904 mori3
1735 842 1952 912 neque
1989 821 2169 887 enim
2207 845 2313 887 re-

188 921 454 1017 liquisse
482 951 643 1020 opes
669 925 847 1012 filiae,
866 926 977 996 sed
1012 928 1407 1017 reddidisse,
1437 929 1679 1023 quibus
1701 943 1937 998 auctus
1961 954 2083 1022 per
2109 929 2312 1000 filiam
2405 933 2414 944 ’

188 1032 424 1104 fuerat.
468 1038 647 1106 Nam
700 1037 1024 1106 Curtilius
1066 1040 1371 1126 Mancia,
1421 1064 1696 1134 perosus
1743 1045 2062 1134 generum
2121 1066 2316 1112 suum
2355 1069 2387 1125 4

188 1146 559 1216 Domitium
596 1149 945 1218 Lucanum
986 1147 1235 1242 (frater
1272 1165 1372 1220 est
1403 1149 1624 1247 Tulli)
1647 1143 1782 1220 ⁴sub
1821 1175 1898 1220 ea
1935 1151 2319 1222 conditione

190 1254 393 1324 filiam
438 1259 619 1352 ejus,
656 1273 930 1351 neptem
973 1284 1195 1350 suam,
1242 1261 1636 1334 instituerat·
1665 1260 2010 1347 heredem,
2051 1265 2105 1331 si
2149 1278 2321 1332 esset

192 1389 389 1435 manu
424 1369 637 1462 patris
663 1370 919 1439 emissa.
946 1372 1274 1441 Emiserat
1300 1387 1522 1466 pater,
1548 1367 1983 1466 adoptaverat
2005 1389 2316 1467 patruus:

192 1491 387 1572 atque
420 1481 515 1548 ita
552 1481 1057 1577 circumscripto
1092 1497 1523 1568 testamento,
1555 1508 1827 1552 consors
1863 1481 2070 1552 frater
2102 1485 2169 1552 in
2207 1510 2322 1578 pa-

194 1589 309 1656 tris
336 1604 737 1684 potestatem
760 1595 1244 1688 emancipatam
1268 1593 1471 1664 filiam
1492 1593 1868 1689 adoptionis
1889 1593 2119 1666 fraude
2147 1621 2325 1664 revo-

194 1715 487 1788 caverat,
522 1715 593 1769 et
628 1701 895 1795 quidem
936 1727 1088 1774 cum
1126 1705 1365 1799 opibus
1401 1702 1848 1798 amplissimis.
1883 1706 2038 1772 Fuit
2075 1703 2322 1799 alioqui
2362 1723 2391 1776 5

198 1807 504 1880 fratribus
540 1809 670 1880 illis
707 1815 895 1907 quasi
933 1812 1069 1884 fato
1111 1813 1376 1901 datum',
1412 1827 1490 1883 ut
1523 1812 1761 1882 divites
1799 1813 2036 1882 fierent
2073 1815 2322 1883 invitis-

198 1919 411 2004 simis,
434 1945 473 1990 a
499 1922 749 2016 quibus
784 1921 939 1992 facti
965 1938 1143 1993 sunt.
1171 1924 1359 2012 Quin
1390 1925 1592 1992 etiam
1615 1923 1956 1990 Domitius
1983 1921 2180 2012 Afer,
2207 1925 2323 2017 qui

198 2027 337 2100 illos
366 2032 433 2099 in
468 2055 717 2100 nomen
758 2036 1145 2128 assumpsit,
1188 2033 1458 2127 reliquit
1493 2045 1960 2100 testamentum
1990 2046 2144 2099 ante
2173 2046 2323 2100 octo

198 2152 263 2206 et
300 2138 529 2210 decem
582 2166 793 2210 annos
838 2159 1335 2237 nuncupatum,
1373 2142 1672 2237 adeoque
1712 2156 1942 2237 postea
1985 2141 2325 2235 improba-

202 2264 334 2318 tum
374 2252 539 2336 sibi,
580 2268 657 2320 ut
699 2255 909 2347 patris
952 2279 1185 2324 eorum
1222 2254 1400 2323 bona
1441 2251 1918 2349 proscribenda
1968 2253 2324 2321 curaverit.

202 2364 369 2431 Mira
406 2362 587 2433 illius
624 2366 981 2458 asperitaS,
1018 2367 1187 2435 mira
1223 2364 1501 2435 felicitas
1539 2365 1781 2432 horum
1812 2388 1828 2431 z
1869 2361 2046 2433 illius
2075 2363 2327 2456 asperi-
2367 2377 2398 2427 6

204 2550 488 2607 Medice'am
506 2555 790 2609 lectionem
804 2594 820 2619 ‚
840 2568 901 2609 ut
913 2556 1069 2629 plane
1088 2556 1215 2612 huic

204 2628 313 2685 loco
328 2646 529 2705 aptam.
547 2634 840 2707 vulgatum
859 2635 1035 2689 adhuc
1052 2640 1218 2705 quide

204 2714 281 2763 1710
307 2717 381 2763 uei
404 2717 469 2765 de
482 2730 659 2782 patre,
693 2736 783 2767 avo
794 2753 811 2776 ,
839 2735 1047 2784 proavo,
1073 2719 1219 2783 quasi

204 2794 305 2841 orbi
326 2808 615 2861 queramur.
636 2795 769 2860 Quae
790 2794 831 2847 si
855 2794 1009 2849 lectio
1038 2796 1216 2848 locum

204 2867 391 2923 hahere
426 2870 619 2925 debeat
637 2910 655 2937 ‚
696 2885 809 2925 tum
847 2877 956 2924 orbi
988 2873 1182 2929 fuerint
1198 2914 1213 2938 ,

204 2946 437 3003 inaudita
454 2988 473 3016 ,
497 2964 760 3023 quantum
787 2964 1025 3017 constat,
1055 2954 1218 3024 signi-

206 3028 447 3083 ficatione
464 3068 481 3095 ‚
522 3051 633 3084 non
668 3032 761 3103 qui
784 3032 965 3086 liberis
997 3046 1179 3087 carent
1200 3072 1216 3099 ,

206 3108 291 3161 ned
316 3113 649 3161 exhereditati
666 3133 685 3161 .·
712 3128 869 3182 quem
894 3112 1220 3165 intellectum

208 3188 516 3242 Buchuerus
557 3189 773 3262 quidem
817 3192 915 3243 sibi
956 3191 1219 3245 iuvenisse

206 3267 411 3320 videtur
430 3287 590 3340 supra
605 3268 679 3334 V,
706 3289 755 3333 1,
778 3272 831 3325 3.
851 3270 952 3325 sed
972 3270 1103 3323 nihil
1126 3272 1221 3323 im·

206 3345 373 3415 pedit,
407 3350 541 3420 quin
576 3350 830 3403 sententia
862 3352 1034 3423 cogit,
1078 3362 1135 3403 ut
1170 3363 1220 3404 et

206 3426 275 3479 ibi
312 3428 563 3481 solemnis
604 3428 919 3500 significatio
954 3430 1220 3494 obtineat3

206 3517 253 3557 et
280 3507 393 3577 jam
421 3520 607 3562 contra
640 3508 771 3562 dixit
804 3509 873 3563 ad
901 3528 1022 3563 eum
1048 3510 1221 3582 ipsum

206 3584 379 3639 locum
407 3586 733 3641 Gronovius.
762 3588 831 3641 G.
1016 3590 1023 3597 ’

273 3674 326 3730 4.
356 3670 587 3720 Curtilius
614 3672 848 3730 Mancia,
888 3670 1139 3723 exercitus
1166 3669 1223 3721 in

209 3736 515 3803 Germania’
532 3748 740 3821 legatus
775 3748 876 3801 sub
906 3749 1134 3803 Nerone.
1154 3779 1227 3788 —

214 3830 377 3877 Frater
394 3842 468 3880 est
484 3831 629 3880 Tulli.
644 3828 857 3881 certius
875 3847 935 3881 ex
951 3827 1222 3881 Mediceo:

204 3906 360 3971 ftom-
384 3910 425 3957 is
456 3911 603 3959 Tulli.
638 3906 939 3964 Plinianum
976 3908 1097 3962 hoc.
1130 3911 1226 3961 Re-

218 3986 341 4055 cepit
365 3998 415 4040 et
442 3986 733 4059 Gierigius.
762 3986 819 4041 S.

278 4094 343 4107 --
354 4070 735 4134 Cirwcmscre'pm
753 4082 1052 4119 testamento.
1074 4068 1229 4120 Com-

220 4158 381 4201 mento
394 4146 635 4223 quodam
654 4182 671 4211 ,
686 4145 833 4219 quod
850 4146 983 4219 juris
1002 4147 1229 4220 speciem

1313 2556 1475 2609 habet
1492 2594 1508 2619 ,
1540 2556 1689 2609 eluso
1721 2567 1772 2608 et
1800 2556 2070 2608 frustrato,
2105 2554 2204 2609 Illa
2229 2556 2332 2609 cir-

1313 2636 1650 2707 cumscriptio
1667 2635 1723 2687 in
1743 2654 1806 2688 eo
1825 2636 1980 2699 inest,
2000 2634 2146 2708 quod
2164 2634 2331 2689 filiam

1312 2714 1492 2768 &au-is
1505 2754 1521 2779 ‚
1548 2714 1874 2787 emancipari
1895 2718 2096 2789 jussam
2111 2756 2125 2780 ‚
2147 2727 2206 2768 ut
2224 2716 2331 2768 srui

1310 2806 1487 2865 posset
1517 2805 1830 2848 testamento
1857 2795 1941 2847 avi
1975 2794 2057 2847 sui
2077 2834 2094 2859 ‚
2117 2794 2334 2865 adoptat

1313 2876 1474 2927 frater
1499 2876 1544 2927 is
1563 2913 1578 2937 ‚
1619 2876 1712 2947 qui
1748 2894 1943 2927 consors
1983 2886 2117 2927 esset
2157 2874 2333 2927 fratris

1313 2954 1724 3026 emaumipmffl,
1750 2954 1855 3008 hoc
1882 2964 1960 3007 est
1978 2991 1993 3017 ‚
2022 2953 2076 3005 in
2100 2958 2336 3007 commu-

1314 3033 1476 3085 nione
1512 3032 1775 3085 bonorum
1817 3032 2046 3089 indivisa
2086 3051 2208 3085 cum
2243 3032 2336 3084 illo

1314 3112 1510 3165 viveret
1529 3129 1543 3163 τ
1568 3111 1713 3165 hunc
1739 3113 1881 3166 enim
1901 3131 2014 3166 esse
2035 3116 2332 3172 consortem,

1315 3192 1427 3245 leti
1451 3190 1643 3245 docent
1661 3230 1677 3255 ,
1706 3202 1757 3244 et
1784 3192 2076 3245 Burmann.
2104 3190 2170 3243 ad
2191 3189 2334 3242 vell.

1316 3272 1345 3323 1
1359 3310 1375 3337 ‚
1396 3291 1480 3325 10.
1498 3271 1668 3343 Igitur
1686 3270 1832 3344 quod
1854 3270 1924 3324 ad
1950 3273 2123 3341 ipsum
2139 3267 2338 3321 reditu-

1316 3370 1435 3405 rum
1460 3364 1570 3405 erat
1588 3391 1604 3416 ‚
1633 3348 1700 3405 de
1719 3352 1874 3403 bonis
1891 3350 2012 3401 ffliae
2031 3367 2139 3402 nou
2159 3366 2340 3401 eman-

1319 3433 1525 3503 cipatae,
1539 3430 1670 3483 illud
1687 3424 1798 3503 jam
1810 3428 2040 3491 redibat,
2057 3438 2338 3499 postquam

1320 3512 1650 3582 emancipata
1694 3508 1910 3581 quidem
1935 3546 1950 3572 ‚
2009 3507 2102 3562 sed
2153 3508 2339 3561 eadem

1319 3590 1565 3661 adoptata
1596 3609 1626 3643 a
1653 3590 1812 3643 fratre
1839 3600 2078 3641 consorte
2104 3598 2234 3641 erat.
2267 3587 2336 3642 G.

1393 3672 1445 3725 5.
1475 3672 1716 3721 Domitius
1743 3670 1881 3737 Afer.
1909 3667 2114 3719 Profuit
2139 3667 2226 3721 hic
2255 3666 2336 3720 lo·

1320 3768 1413 3802 cus
1453 3749 1603 3802 nobis
1641 3746 1711 3801 ad
1748 3745 2202 3817 interpretandum
2229 3766 2340 3800 non

1320 3828 1481 3881 nimis
1497 3828 1703 3881 facilem
1719 3826 1894 3879 locum
1913 3825 2339 3893 QuintilianiVI,

1326 3908 1356 3959 3
1373 3948 1388 3972 ,
1431 3928 1498 3978 9²
1514 3946 1528 3973 ‚
1569 3908 1661 3959 uhi
1704 3919 1951 3978 putamus
1989 3906 2152 3979 hujus
2185 3916 2342 3957 testa·

1324 3988 1490 4041 menti
1515 3986 1830 4040 mentionem
1853 3985 1986 4040 fleri.
2007 3985 2074 4037 G.
2091 3987 2343 4035 —Domi-

1327 4071 1421 4119 tim
1447 4071 1588 4135 Afer,
1612 4064 1752 4119 idem
1779 4066 1872 4138 qui
1888 4064 1944 4119 II
1963 4104 1978 4127 ,
2003 4084 2088 4134 ep.
2116 4070 2178 4128 14
2198 4099 2213 4125 ‚
2244 4080 2306 4113 10
2322 4098 2338 4123 ,

1331 4145 1560 4199 occurrit
1569 4146 1816 4219 .Quoquo
1829 4143 1990 4199 modo
2001 4143 2340 4209 inclarescere
