2857 4690
523 351 661 450 378
1080 357 1560 428 c.·1›1.1N11
1605 359 2084 428 ssscuum

626 489 1047 558 LXXXVII.
1094 489 1307 560 Civile
1340 491 1472 562 hoc
1501 506 1678 577 erat,
1711 506 1780 562 et
1811 494 2068 587 parenti
2105 489 2374 586 publico
2409 517 2658 563 conve·

518 594 1025 682 nientissimum,
1052 596 1221 666 nihil
1250 622 1524 694 cogere,
1553 623 1940 694 semperque
1967 600 2372 687 meminisse,
2401 597 2654 668 nullam

518 713 773 772 tantam
805 715 1199 797 potestatem
1238 707 1548 799 cuiquam
1575 705 1720 775 dari
1759 731 1984 800 posce,
2017 721 2094 774 ut
2121 729 2258 774 non
2287 707 2370 774 sit
2401 707 2657 800 gratior

454 839 481 874 2
517 820 843 902 potestate
896 807 1181 879 libertae.
1226 813 1490 907 Dignus
1531 837 1602 882 es
1620 863 1640 899 ,
1675 813 1920 897 Caesar,
1961 814 2076 907 qui
2119 811 2340 881 officia
2378 811 2654 882 mandes

517 911 851 1007 deponere
888 915 1307 1010 optantibus3
1350 921 1464 1013 qui
1517 919 1893 1012 petentibus
1947 919 2358 990 vacationem
2405 919 2654 988 invitus

516 1019 781 1114 quidem
803 1074 822 1109 ,
866 1021 981 1090 sed
1024 1036 1249 1092 tamen
1280 1024 1570 1111 tribuas;
1619 1025 1731 1119 qui
1774 1025 1860 1093 ab
1901 1025 2128 1094 amicis
2168 1023 2514 1093 orantibus
2551 1049 2652 1094 re·

517 1126 738 1218 quiem
768 1151 905 1196 non
934 1142 1001 1198 te
1030 1128 1311 1225 relinqui
1342 1145 1568 1225 putes;
1595 1131 1710 1224 qui
1743 1155 2004 1225 semper
2031 1131 2356 1216 invenias,
2385 1144 2452 1200 et
2485 1155 2654 1225 quos

452 1249 483 1300 3
517 1255 599 1300 ex
646 1235 783 1304 otio
820 1259 1125 1322 revoceS,
1168 1250 1237 1306 et
1284 1261 1452 1332 quos
1483 1239 1624 1308 otio
1663 1236 1917 1307 reddas.
1968 1239 2109 1306 Vos
2141 1259 2442 1332 quoque,
2483 1261 2654 1332 quos

518 1359 757 1432 parens
782 1355 1007 1410 noster
1030 1341 1434 1412 familiariter
1459 1345 1782 1437 inspicere
1807 1343 2142 1437 dignatur,
2177 1342 2396 1412 fovete
2425 1358 2652 1412 sancte

510 1443 835 1536 judicium
870 1449 1011 1542 ejus
1030 1501 1049 1536 ,
1082 1449 1261 1544 quod
1288 1447 1375 1518 de
1406 1451 1596 1520 vobis
1635 1449 1838 1518 habet
1867 1473 1882 1517 ε
1913 1450 2022 1518 hic
2055 1463 2276 1518 vester
2314 1447 2507 1518 labor
2533 1463 2646 1518 est.

450 1573 484 1630 4
516 1551 831 1648 Princeps
870 1556 1047 1624 enim
1066 1608 1085 1643 ,
1142 1581 1348 1649 quum
1406 1559 1478 1626 in
1521 1580 1656 1626 uno
1701 1556 2014 1650 probavit
2059 1579 2284 1638 amare
2327 1579 2398 1623 se
2449 1556 2650 1640 scire,

519 1673 711 1728 vacat
744 1660 975 1754 culpa,
1010 1663 1065 1730 si
1098 1661 1261 1732 alios
1296 1665 1514 1733 minus
1538 1677 1736 1732 amat.
1773 1665 2005 1758 Ipsum
2039 1660 2304 1755 quidem
2337 1663 2488 1755 quis
2513 1685 2650 1730 me·

518 1763 829 1834 diocriter
860 1764 1118 1861 diligat,
1140 1793 1345 1863 quum
1376 1768 1554 1865 leges
1579 1767 1845 1838 amandi
1869 1793 2004 1838 non
2027 1767 2140 1836 det
2155 1821 2172 1852 ‚
2197 1766 2313 1837 sed
2335 1765 2654 1861 accipiat?

516 1870 627 1940 hic
666 1894 950 1964 praesena
971 1927 990 1960 ‚
1032 1873 1141 1944 ille
1182 1874 1440 1946 mavult
1483 1875 1720 1946 absens
1759 1876 1968 1944 amari
2001 1900 2016 1942 ς
2055 1887 2332 1968 uterque
2361 1887 2656 1958 ametur,

518 1991 593 2046 ut
638 1979 926 2067 mavult3
960 2005 1160 2052 nemo
1196 1984 1265 2050 in
1302 1979 1571 2052 taedium
1611 1981 1955 2076 proes'entia
1977 2033 1996 2065 ,
2033 2003 2230 2050 nemo
2269 1979 2339 2047 in
2373 1978 2650 2048 oblivio-

446 2097 481 2151 5
518 2107 669 2152 nem
714 2085 1005 2156 absentia
1048 2091 1287 2158 veniat.
1324 2089 1538 2157 Tenet
1583 2089 1860 2182 quisque
1901 2085 2158 2173 locum,
2210 2109 2408 2181 quem
2449 2083 2650 2156 semel

518 2194 788 2276 meruit3
813 2191 1197 2289 faciliusque
1218 2209 1319 2264 est
1332 2247 1351 2278 ‚
1374 2209 1454 2264 ut
1473 2194 1680 2264 oculis
1707 2195 1850 2287 ejus
1873 2192 2096 2262 vultus
2117 2191 2434 2278 absentie,
2453 2215 2650 2286 quam

518 2311 592 2369 ut
628 2300 851 2369 animo
888 2301 1126 2371 caritas
1158 2299 1434 2371 excidat.
1476 2321 1482 2330 ·

620 2406 1068 2477 LXXXVIII.
1111 2407 1413 2503 Plerique
1455 2408 1784 2503 principes
1803 2460 1824 2495 ,
1873 2430 2078 2501 quum
2129 2416 2348 2475 essent
2407 2402 2650 2473 civium

514 2510 798 2597 domini,
838 2510 1226 2583 libertorum
1262 2528 1454 2583 erant
1489 2514 1664 2582 servi
1699 2538 1714 2580 ε
1755 2514 1998 2583 horum
2039 2509 2364 2595 consiliis,
2407 2509 2650 2579 horum

514 2631 683 2685 nutu
710 2617 1147 2712 regebantur:
1174 2644 1294 2714 per
1320 2620 1446 2689 hos
1471 2618 1854 2706 audiebant,
1883 2642 2004 2713 per
2023 2618 2147 2687 hos
2173 2615 2647 2711 loquebantur:

516 2747 636 2817 per
664 2722 787 2792 hos
817 2739 1119 2819 praeturae
1150 2728 1381 2812 etiam,
1411 2739 1481 2796 et
1508 2724 1873 2795 sacerdotia
1899 2738 1967 2793 et
1994 2722 2407 2805 consulatus»,
2446 2722 2649 2791 immo

452 2865 479 2899 2
516 2843 583 2903 et
612 2829 696 2898 ab
724 2830 830 2899 his
860 2831 1272 2926 petebantur.
1306 2836 1409 2902 Tu
1441 2832 1693 2902 libertis
1717 2832 1852 2901 tuis
1877 2854 2212 2900 summum
2241 2826 2510 2923 quidem
2539 2828 2648 2897 ho·

516 3028 687 3065 unum
702 3012 922 3065 fortasse
938 3012 1115 3065 locum
1134 3010 1311 3066 Ovidii
1330 3030 1394 3066 ex
1407 3010 1536 3064 Her.
1625 3022 1772 3063 ctum
1789 3007 1966 3071 verbi,
1981 3018 2294 3061 wasnaum
2317 3022 2450 3058 sane
2461 3005 2646 3067 Plinio,

516 3090 1540 3157 XVIII,1r,-Aacen⁸uru⁸cram,nioi
1625 3106 1736 3141 non
1765 3086 2082 3150 attendi-ee,
2111 3086 2207 3157 qui
2241 3102 2431 3153 ampo·
2465 3084 2650 3137 sub-ti-

516 3168 684 3242 quod,
704 3189 871 3242 quum
887 3172 1098 3225 vincula
1116 3172 1269 3226 navis
1283 3171 1538 3235 Solveret,
1625 3176 1860 3221 tuen-unt.
1919 3170 2075 3217 Seu-el
2121 3182 2186 3217 ex
2237 3164 2384 3219 Mss.
2445 3163 2648 3234 reponit

518 3248 571 3301 in
588 3250 815 3321 speculis
822 3251 997 3305 omnin
1006 3249 1221 3323 Abydos
1228 3262 1384 3305 erat·
1398 3250 1536 3303 Eu.
1624 3246 1974 3301 schwartius.
1986 3244 2055 3297 G.

590 3328 921 3383 LXXXVH.
949 3336 1003 3395 4.
1042 3334 1233 3385 γονέα.
1266 3332 1347 3382 Al.
1376 3333 1536 3385 venit.
1685 3326 2034 3391 LXXXVIII.
2054 3325 2640 3377 nummu-seni.

518 3408 663 3480 quod
722 3428 927 3464 verum.
980 3407 1369 3482 corrigendum
1413 3410 1540 3463 itm
1625 3406 1700 3458 Ut
1741 3402 1995 3459 Claudius
2036 3402 2272 3456 Narciui
2293 3440 2309 3465 ,
2355 3400 2606 3454 Pallanti·
2627 3437 2644 3463 ,

520 3500 677 3543 antea
709 3507 927 3543 cumr.
960 3488 1126 3543 Docet
1146 3488 1347 3541 Plinius
1360 3526 1376 3551 ,
1410 3486 1542 3560 quid
1625 3484 1693 3539 de
1712 3486 1863 3557 cujus
1875 3484 2062 3555 opibus
2076 3522 2091 3546 ,
2110 3500 2178 3535 ne
2192 3483 2349 3553 longe
2367 3481 2642 3543 abeamus,

521 3568 679 3625 faciat
701 3569 965 3640 Traianus
988 3570 1193 3642 legibue
1215 3566 1432 3623 amandi
1451 3568 1542 3621 ob-
1627 3564 1736 3618 vid.
1759 3564 1858 3636 Ep.
1883 3562 1992 3615 vn
2010 3600 2025 3627 ,
2051 3580 2116 3630 ²9
2141 3598 2158 3625 ,
2177 3562 2380 3616 etvm
2399 3564 2482 3623 ‚6.
2505 3560 2644 3613 G.—

520 3648 759 3721 neqnium
788 3662 1065 3722 pastam.
1086 3648 1143 3701 S.
1628 3644 1786 3698 Conf.
1833 3644 2050 3697 Sueton-
2089 3639 2283 3695 Claud.
2325 3638 2504 3692 xxlx
2525 3676 2546 3703 ‚
2595 3650 2644 3691 et

590 3760 663 3771 --
676 3732 915 3781 Absenoe’a
932 3732 1123 3783 veniae.
1140 3728 1542 3783 RecteSchwar·
1627 3730 1788 3785 Galh.
1811 3730 1960 3783 XIV.
1982 3734 2042 3782 E.

522 3810 635 3861 zius
656 3824 687 3859 e
710 3805 880 3861 codd.
908 3807 1119 3863 duobus
1140 3809 1335 3880 recepit
1360 3812 1504 3860 mie
1523 3828 1542 3859 .·
1703 3816 2008 3863 adamum
2019 3809 2216 3877 quidm
2229 3808 2482 3857 hononm.
2503 3810 2638 3857 &un-

522 3884 669 3959 qnod
690 3898 745 3938 et
760 3888 1099 3959 sequentibus
1116 3889 1308 3961 aptius.
1328 3888 1465 3941 Eun.
1625 3910 1755 3943 muta
1774 3929 1789 3949 ,
1821 3890 1864 3941 si
1891 3886 2180 3960 cogitemus
2207 3896 2258 3937 te
2275 3922 2292 3949 ,
2325 3884 2418 3956 qui
2443 3884 2642 3943 haben

596 3967 643 4020 5.
671 3971 828 4019 Semel
844 3973 1031 4021 mer-uie.
1060 3972 1270 4029 Mer-uit,
1298 3968 1399 4021 hoc
1426 3978 1504 4021 eut
1522 4005 1536 4030 ‚
1627 3982 1684 4023 ut
1719 3970 1904 4041 paullo
1937 3978 2056 4041 poa
2083 4004 2100 4029 ,
2138 3970 2296 4019 honor
2341 3968 2502 4017 omnis
2545 3962 2643 4015 iffi!

524 4056 879 4115 consequutus
908 4059 986 4099 est
1010 4084 1027 4110 ,
1049 4066 1153 4099 non
1183 4048 1392 4101 exclusa
1419 4048 1540 4101 lieet
1629 4060 1926 4121 proveatur.
1963 4049 2032 4103 Et
2065 4058 2242 4099 tomen
2280 4042 2642 4097 duriusculum

524 4122 793 4194 dignitate.
826 4124 999 4179 Credo
1018 4164 1034 4189 ,
1072 4124 1141 4180 ad
1168 4126 1311 4181 hunc
1339 4126 1542 4181 intele
1630 4138 1706 4183 est
1720 4148 1956 4180 summum
1972 4149 1990 4179 .·
2007 4126 2190 4198 itaque
2203 4126 2314 4179 fere
2329 4134 2408 4177 eet
2429 4160 2443 4187 ,
2463 4134 2526 4177 ut
2541 4138 2643 4175 ma·-
