2857 4690
466 279 689 420 ‘'194
1178 326 1259 394 c,
1312 327 1662 399 PL1N11
1709 328 1901 397 Lm.
1954 331 2041 398 x.

540 448 804 518 modico
824 448 1165 544 impendio
1174 451 1373 545 jussi,
1392 475 1481 520 an
1507 452 1802 548 recipere
1819 467 1885 522 et
1907 450 2234 522 sustinere
2256 475 2426 545 opus
2445 454 2674 546 possit.

473 589 501 622 ιι
539 559 866 645 Pecunia,
902 561 1293 630 curantibus
1325 562 1556 649 nobis,
1588 577 1934 634 contracta
1977 587 2116 630 non
2159 560 2373 630 deerit
2400 615 2420 650 ‚
2457 562 2512 631 si
2554 577 2630 631 tu
2652 617 2672 646 ‚

536 670 829 740 Domine
856 724 875 755 ‚
932 672 1063 740 hoc
1115 697 1324 767 genus
1368 673 1592 767 operis
1644 687 1712 743 et
1765 671 2140 742 salubritati
2188 686 2257 740 et
2300 671 2671 740 amoenitati

534 779 728 849 valde
764 781 1045 851 sitientis
1071 780 1349 852 coloniae
1378 781 1756 854 indulseris.

603 979 744 1032 XCI.
771 999 820 1032 1.
848 981 1073 1052 Sinope,
1094 980 1343 1054 Diogenis
1360 983 1550 1057 Cynici
1644 983 1881 1055 Augusta
1923 981 2228 1054 Sinopensis
2273 991 2514 1035 vocatur.
2556 981 2658 1033 En.

530 1061 698 1131 patria
715 1098 730 1124 ,
762 1059 911 1114 sedes
936 1062 1065 1114 olim
1097 1061 1442 1116 Ponticorum
1465 1082 1549 1116 re·
1724 1083 1771 1115 x.
1803 1066 2031 1130 Recipere
2041 1099 2194 1112 .....
2205 1080 2343 1128 opus.
2370 1062 2537 1134 Aqua
2558 1059 2663 1112 du-

529 1157 679 1210 gum,
692 1145 927 1210 aCytoro
942 1141 1041 1206 164
1054 1140 1550 1214 millibuspassuum
1645 1153 1790 1196 ctum
1803 1179 1820 1207 ,
1860 1159 1978 1214 que
2016 1151 2226 1214 quantu
2272 1139 2429 1194 molis
2471 1139 2668 1192 fua-int

528 1217 747 1271 distans.
776 1218 859 1270 Ibi
886 1217 1188 1273 Hal-doinus
1223 1239 1287 1274 ex
1318 1220 1548 1274 nummis
1645 1241 1806 1294 opera
1819 1262 1836 1290 ,
1861 1221 1982 1274 totis
2005 1220 2152 1273 libris
2177 1219 2500 1291 explicatum
2518 1238 2553 1271 a
2573 1219 2668 1272 1²2-

527 1298 841 1371 comprobnt
863 1299 1025 1353 fuisse
1045 1300 1175 1352 olim
1188 1300 1448 1354 coloniam
1465 1320 1550 1354 ro-
1643 1303 1846 1365 hretto,
1870 1311 1922 1354 et
1950 1299 2106 1353 docet
2133 1317 2258 1354 cum
2283 1317 2382 1352 suo
2409 1297 2664 1352 Frontino

524 1393 776 1442 mannum
821 1379 879 1432 in
904 1378 967 1432 iis
998 1380 1141 1434 enim
1172 1379 1381 1434 colonia
1405 1379 1547 1435 Julia
1642 1379 1887 1435 Polenus.
1922 1379 1991 1433 G.

2384 1577 2662 1598 m

1414 1762 1760 1852 XCII.

1126 2011 1580 2061 TRAIANUS
1629 2009 1934 2059 PLmlo
1985 2009 2040 2056 S·

611 2197 721 2264 U‘r
762 2193 1057 2288 coepisti,
1097 2191 1401 2262 Secunde
1446 2190 1817 2275 carissime,
1849 2186 2123 2282 explora
2149 2184 2526 2280 diligenter,
2559 2210 2646 2255 an

514 2301 701 2373 locus
750 2302 893 2391 ille,
924 2326 1124 2397 quem
1168 2315 1550 2397 suspectum
1581 2300 1826 2389 haba,
1857 2300 2181 2369 sustinere
2223 2321 2396 2392 opus
2433 2321 2652 2393 aquae-

515 2413 753 2482 ductus
784 2415 1012 2505 possit.
1048 2416 1279 2506 Neque
1321 2414 1501 2481 enim
1542 2408 1988 2481 dubitandum
2040 2421 2239 2503 puto,
2279 2407 2448 2500 quin
2477 2431 2656 2501 aqua

512 2521 937 2617 perducenda
976 2524 1061 2590 sit
1097 2522 1165 2589 in
1208 2520 1541 2592 coloniam
1587 2522 2025 2616 Sinopensem
2048 2573 2067 2608 ‚
2111 2520 2166 2588 si
2201 2516 2406 2587 modo
2445 2532 2515 2587 et
2555 2518 2652 2585 vi-

512 2626 699 2701 ribus
730 2633 865 2700 suis
897 2633 1038 2727 ipsa
1078 2633 1147 2701 id
1183 2632 1457 2729 adsequi
1491 2644 1750 2727 potest,
1789 2656 1998 2727 quum
2035 2628 2402 2725 plurimum
2439 2652 2522 2699 ea
2545 2650 2651 2698 res

512 2755 580 2810 et
616 2739 990 2811 salubritati
1026 2756 1094 2811 et
1126 2742 1456 2837 voluptati
1487 2744 1630 2837 ejus
1658 2741 1980 2813 collatura
2015 2742 2121 2810 sit.

1364 3144 1780 3240 XCIII.

959 3365 1247 3426 Libellum
1275 3365 1682 3424 Amisenorum
1709 3364 1885 3423 mittit
1911 3364 2182 3442 Trojano.

939 3567 1001 3616 C·
1044 3564 1403 3614 PLINIUS
1455 3564 1859 3613 TRAIANO
1909 3564 2092 3613 IMP.
2145 3564 2199 3611 8.

599 3736 1195 3805 Auisssnonun
1238 3732 1472 3801 civitas
1505 3746 1573 3800 et
1611 3730 1818 3800 libera
1859 3746 1927 3801 et
1968 3730 2282 3803 foederata
2299 3734 2635 3807 beneficio

499 3842 927 3938 indulgentias
970 3858 1099 3911 tuae
1142 3841 1399 3935 legibus
1434 3841 1568 3912 suis
1613 3843 1846 3911 utitur.
1895 3847 1972 3913 ln
2015 3842 2144 3913 hac
2185 3842 2424 3915 datum
2467 3847 2634 3917 mihi

565 4036 759 4090 XCIII.
796 4040 1016 4096 Amisus,
1056 4047 1175 4098 aut,
1217 4033 1508 4088 secundum
1604 4036 1700 4089 ubi
1723 4036 1847 4089 olim
1883 4055 2030 4109 reges
2067 4033 2283 4091 Pontici·
2298 4036 2628 4096 domicilium

494 4116 745 4182 Plinium,
755 4114 1330 4181 Amisum,urhsnobilis
1338 4112 1508 4179 Ponti,
1603 4114 1872 4170 habebant
1889 4156 1906 4184 ,
1924 4115 2163 4170 libertate
2186 4134 2284 4173 sm
2311 4119 2625 4177 coleh-ntur.
