2857 4690
853 336 1383 405 EPISTOLA
1436 338 1656 405 XIII.
2219 329 2314 399 63

1110 541 1289 560 mm
1295 539 2302 562 mmmmmmmm

1114 727 1390 814 XIII.

330 963 463 1032 Quae
492 959 648 1016 circa
674 955 933 1016 Helvidii
960 955 1239 1016 ultionem
1265 957 1450 1037 egerit
1466 1001 1483 1029 ,
1505 955 1959 1035 pertuleritque,
1988 956 2194 1016 ordine

1123 1069 1405 1116 renarrat.

550 1258 613 1304 c.
666 1255 1023 1306 »Limus
1070 1257 1553 1317 quapnxro
1603 1234 1636 1266 '⁴‘
1686 1257 1847 1306 suo
1897 1257 1954 1304 S.

305 1431 647 1519 Qunwo
696 1428 1061 1499 studiosius
1118 1430 1579 1525 intentiusque
1623 1429 1840 1525 legisti
1880 1429 2088 1500 libros
2105 1485 2124 1519 ‚
2165 1457 2334 1526 quos

229 1541 297 1609 (le
326 1536 611 1611 Helvidii
644 1539 904 1609 ultione
934 1541 1331 1634 composui;
1367 1531 1560 1619 tanto
1595 1541 1962 1635 impensius
1997 1540 2296 1636 postulas
2316 1533 2363 1628 ,’

230 1667 293 1720 ut
327 1651 731 1746 perscribam
783 1650 907 1718 tibi
925 1703 945 1738 ‚
985 1673 1265 1744 quaeque
1301 1665 1490 1720 extra
1543 1647 1787 1736 libroS‚
1827 1676 2112 1747 quaeque
2159 1653 2336 1721 circa

232 1759 409 1831 libros
426 1815 445 1848 ‚
483 1774 705 1830 totum
740 1758 1031 1854 denique
1065 1759 1372 1828 ordinem
1410 1760 1546 1845 rei,
1591 1763 1702 1830 cui
1741 1786 1862 1855 per
1899 1777 2164 1831 aetatem
2201 1787 2337 1831 non

231 1871 584 1942 interfuisti.
618 1871 863 1940 Occiso
893 1869 1285 1938 Domitiano
1312 1871 1516 1938 statui
1544 1893 1808 1938 mecum
1834 1895 1913 1939 ac
1953 1869 2340 1954 deliberavi,
2377 1903 2404 1935 2

232 2005 346 2050 esse
363 2004 680 2076 magnam
706 1976 1192 2076 pulchramque
1214 1979 1566 2048 materiam
1591 1979 1962 2048 insectandi
1992 1997 2342 2068 nocentes,

230 2093 483 2160 miseros
508 2089 933 2177 vindicandi,
964 2113 1033 2158 se
1060 2087 1468 2183 proferendi.
1488 2093 1701 2158 Porro
1717 2145 1738 2176 ‚
1772 2090 1948 2158 inter
1972 2089 2185 2159 multa
2211 2115 2342 2160 sce-

232 2201 343 2270 lera
369 2201 740 2270 multorum
760 2253 781 2287 ‚
808 2197 1070 2268 nullum
1100 2200 1393 2268 atrocius
1416 2198 1792 2286 videbatur,
1824 2223 2027 2293 quam
2056 2198 2241 2292 quod
2276 2200 2345 2267 in

232 2327 443 2382 senatu
480 2325 757 2384 senator
790 2309 1118 2394 senatori,
1155 2310 1510 2405 praetorius
1542 2305 1910 2399 consulari,
1950 2334 2066 2380 reo
2099 2309 2346 2405 judex,

234 2448 447 2493 manus
480 2420 839 2491 intulisset.
875 2423 1125 2490 Fuerat
1150 2419 1400 2514 alioqui
1445 2422 1612 2490 mihi
1639 2446 1794 2491 cum
1833 2420 2142 2491 Helvidio
2183 2424 2345 2491 ami-

232 2536 407 2624 citia,
440 2548 701 2631 quanta
734 2547 1050 2628 potuerat
1083 2556 1225 2601 esse
1258 2556 1419 2602 cum
1453 2558 1568 2620 eo,
1600 2535 1716 2628 qui
1751 2549 1934 2603 metu
1967 2549 2346 2628 temporum

234 2672 462 2717 nomen
488 2647 765 2741 iugem,
806 2667 1133 2738 paresque
1160 2645 1470 2734 virtutes,
1495 2668 1756 2714 secessu
1781 2645 2064 2740 tegebat.
2103 2649 2352 2717 Fuerat
2387 2664 2418 2717 3

234 2782 369 2827 cum
406 2757 608 2827 Arria
645 2770 714 2824 et
751 2755 1006 2824 Fannia
1045 2777 1063 2823 ε
1095 2778 1382 2848 quarum
1422 2752 1668 2842 altera,
1708 2752 1995 2823 Helvidii
2031 2780 2352 2840 noverca,

236 2866 429 2937 altera
450 2921 473 2953 ‚
508 2880 727 2935 mater
761 2888 1083 2934 novercae.
1118 2863 1254 2933 Sed
1298 2888 1437 2933 non
1482 2865 1575 2934 ita
1619 2888 1726 2933 me
1753 2866 1909 2959 jura
1943 2866 2242 2961 privata,
2277 2864 2374 2937 ut⁴

238 2976 569 3070 publicum
602 2974 739 3063 fas,
775 2990 844 3045 et
882 2974 1246 3069 indignitas
1277 2970 1476 3059 facti,
1510 2989 1578 3042 et
1620 2974 1906 3071 exempli
1941 2978 2142 3063 ratio,
2184 2978 2355 3047 inci·-

296 3168 447 3222 xm.
464 3168 491 3193 '
509 3168 591 3221 De
614 3170 846 3221 Ummidii
874 3170 1124 3233 Quadrati
1152 3185 1242 3238 ge·
1338 3169 1409 3218 sic
1439 3168 1654 3219 habuisti
1683 3182 1918 3221 statutum
1955 3188 2066 3220 cum
2098 3172 2266 3220 animo
2297 3188 2360 3219 ac

240 3266 353 3302 nere
392 3246 739 3319 nuribusque
781 3246 1037 3300 nonnulla
1084 3246 1247 3299 habet
1341 3249 1662 3299 deliberatum
1671 3286 1688 3308 ‚
1714 3268 1879 3300 omnes
1890 3283 2221 3301 ..........
2239 3250 2360 3316 reji-

243 3326 365 3389 vn,
395 3346 483 3400 ep.
508 3332 593 3389 ²4-
616 3326 720 3379 En.
1342 3346 1465 3379 cere.
1485 3326 2058 3380 S.—-Manusimu1issee.
2078 3326 2155 3379 De
2176 3326 2361 3379 eadem

304 3424 351 3460 1.
372 3413 451 3459 De
468 3408 687 3459 Helvidii
721 3408 919 3457 ulcione.
942 3406 1025 3457 De
1054 3404 1249 3475 quibus
1344 3424 1403 3459 re
1426 3405 1645 3458 Tacitus
1685 3405 1863 3477 Agr-ic.
1892 3422 2012 3476 cap.
2039 3404 2140 3469 45,
2167 3410 2365 3459 Nostra.-

242 3486 523 3558 npra‚VII
536 3526 553 3552 ,
582 3486 650 3539 3ο
664 3521 681 3547 ‚
705 3491 759 3546 4.
777 3484 847 3537 G.
876 3482 945 3535 Hi
972 3483 1089 3536 libri
1110 3484 1249 3535 mul·
1346 3489 1533 3537 duxere
1543 3488 1818 3537 Helvidium
1837 3487 1889 3535 in
1903 3504 2148 3536 carcerem
2159 3506 2362 3547 manus,

244 3576 345 3619 tum
360 3565 731 3639 probabuntur
749 3563 932 3616 amicis
952 3562 1127 3616 Plinii.
1148 3563 1249 3615 En.
1346 3564 1459 3617 sive
1495 3564 1668 3645 ipsum
1709 3580 1966 3615 manuum
2015 3564 2366 3619 ministerium

306 3664 353 3699 ².
367 3648 535 3697 8ωωὶ
544 3662 807 3695 neumae
825 3644 1107 3695 deliberavi.
1124 3645 1254 3693 Deli·
1348 3642 1669 3714 intelligatur
1682 3681 1699 3707 ,
1729 3643 1839 3696 sive
1857 3680 1872 3706 ,
1899 3643 2045 3715 quod
2067 3646 2270 3700 malunt
2297 3646 2364 3699 ad

248 3726 407 3777 ber-are
420 3742 558 3796 soepe
574 3723 645 3775 ita
665 3721 887 3783 dicitur,
906 3732 969 3774 ut
988 3720 1057 3773 sit
1072 3720 1252 3775 decer-
1348 3740 1472 3773 eum
1499 3722 1673 3775 locum
1699 3738 1822 3777 cum
1840 3720 2120 3776 Buchnero
2138 3726 2368 3778 Boxhor·

250 3820 392 3867 nere,
419 3816 649 3858 statuere
674 3821 687 3854 ι
710 3820 779 3854 ne
802 3813 955 3872 putet
972 3838 989 3865 ,
1010 3800 1085 3853 sic
1112 3799 1256 3855 ordi·
1353 3801 1474 3855 nius
1491 3843 1506 3869 ‚
1535 3801 1778 3855 delatoris
1809 3806 2230 3877 accusatorisque
2258 3824 2369 3859 sus·

250 3883 407 3937 nanda
428 3884 535 3938 hoc
554 3882 677 3935 loco
697 3882 857 3933 verba
876 3918 895 3943 ,
912 3884 1176 3933 deliberavi
1196 3900 1259 3931 ac
1355 3893 1517 3953 ceptae
1533 3892 1702 3953 partes
1721 3881 1790 3935 ita
1809 3894 2076 3937 notentur.
2096 3884 2166 3938 G.

252 3978 419 4015 meeum
437 3964 610 4015 statui.
639 3961 831 4015 Cicero
848 3961 1005 4012 Verr.
1028 3961 1143 4013 Act.
1169 3960 1256 4025 11,
1386 4000 1394 4009 .
1427 3960 1476 4011 3.
1488 3963 1642 4011 Arria
1659 3974 1710 4011 ee
1723 3964 1933 4015 Fannia.
1955 3962 2237 4035 Dequibu·
2249 3964 2334 4015 111
2353 4000 2368 4027 ‚

260 4056 301 4101 ι,
324 4058 369 4093 1:
388 4044 528 4111 qnod
550 4046 643 4093 ism
660 4055 790 4092 certe
806 4055 1047 4091 statuerat
1062 4060 1123 4091 ac
1140 4044 1260 4092 deli·
1364 4058 1385 4091 ι
1397 4059 1420 4092 1
1432 4078 1447 4102 ,
1469 4038 1520 4091 3.
1545 4040 1738 4093 Fannia
1755 4058 1982 4095 noverca
2002 4043 2224 4097 Helvidii
2243 4082 2260 4105 ,
2289 4044 2370 4111 μί

256 4118 493 4173 ben-amm
522 4140 625 4172 non
662 4124 847 4171 adesse.
872 4118 1007 4171 Ibid.
1032 4118 1113 4170 111
1130 4160 1145 4186 ,
1168 4125 1257 4181 41:
1357 4118 1632 4185 Helvidio,
1655 4132 1713 4173 ut
1734 4120 1808 4173 ait
1827 4122 1973 4174 Cort.
2001 4124 2101 4175 En.
