2857 4690
611 379 1127 451 PANEGYR.
1166 382 1382 451 CAP.
1435 382 1842 451 LXXVII.
2147 382 2291 456 363

136 514 362 597 etiam
378 510 780 581 dinumerati
802 536 1031 583 sumus
1055 538 1072 581 ε
1097 512 1385 607 vicitque
1412 515 1736 584 sententia
1753 538 1891 583 non
1914 514 2155 608 prima,
2179 516 2293 585 sed

138 615 421 687 melior.
451 618 544 687 At
576 618 719 711 quis
754 632 947 689 antea
984 617 1198 713 loqui,
1232 620 1378 712 quis
1408 610 1669 690 hiscere
1703 619 2021 707 audebat,
2055 634 2294 715 praeter
2331 628 2363 681 3

137 724 445 793 miseros
488 722 635 793 illos
657 774 678 809 ‚
718 724 834 818 qui
868 726 1065 818 primi
1094 726 1684 821 interrogabantur
1709 723 1741 794 Ρ
1764 726 1982 795 coeteri
2026 724 2294 820 quidem

139 828 367 899 defixi
394 843 464 898 et
492 830 751 915 attoniti
781 830 991 925 ipsam
1012 829 1191 902 illam
1218 846 1472 902 mutam
1497 856 1580 904 ac
1607 831 2042 902 sedentariam
2070 856 2299 901 assen-

142 935 377 1005 tiendi
411 936 867 1007 necessitatem
880 984 901 1021 ,
936 960 1071 1032 quo
1094 962 1251 1007 cum
1288 936 1518 1008 dolore
1553 939 1798 1025 animi,
1823 962 1958 1033 quo
1994 962 2148 1007 cum
2181 952 2296 1010 to-

144 1042 299 1110 tius
328 1042 633 1136 corporis
661 1041 941 1112 horrore
977 1040 1548 1139 perpetiebantur!
1583 1046 1778 1114 Unus
1806 1043 2112 1141 solusque
2141 1068 2298 1114 cen·
2332 1058 2366 1117 4

146 1148 401 1233 sebat‚
434 1146 614 1241 quod
652 1162 1083 1243 sequerentur
1120 1174 1351 1221 omnes
1365 1201 1385 1234 ‚
1424 1164 1494 1219 et
1529 1175 1762 1221 omnes
1799 1150 2254 1270 improbarent
2277 1201 2298 1235 ,

146 1254 229 1324 in
266 1253 505 1347 primis
547 1254 720 1348 ipse,
748 1256 863 1349 qui
902 1270 1281 1327 censuerat:
1324 1256 1492 1327 adeo
1526 1254 1710 1327 nulla
1739 1258 1951 1353 magis
1991 1256 2300 1327 omnibus

150 1357 549 1455 displicent,
570 1383 767 1453 quam
792 1386 939 1455 quae
960 1362 1051 1431 sic
1076 1361 1271 1452 fiunt,
1290 1376 1606 1459 tanquam
1629 1362 1936 1433 omnibus
1961 1356 2296 1484 placeant!

152 1469 477 1535 Fortasse
515 1468 889 1561 Imperator
934 1468 1003 1547 in
1046 1483 1279 1539 senatu
1324 1468 1409 1539 ad
1451 1470 1888 1541 reverentiam
1927 1469 2068 1564 ejus
2109 1492 2299 1539 com·
2335 1478 2368 1534 ⁵

156 1570 547 1666 ponebatur
596 1597 612 1639 ε
672 1587 982 1643 caeterum
1038 1598 1339 1671 egressus
1358 1629 1378 1663 ,
1431 1576 1651 1646 statim
1705 1600 1776 1645 se
1825 1574 2184 1670 recipiebat
2232 1575 2302 1643 in

156 1677 574 1772 principem,
612 1680 982 1774 §omniaque
1033 1680 1403 1751 consularia
1456 1681 1678 1751 officia
1741 1682 2037 1776 abigere,
2096 1677 2302 1774 negli-

160 1808 365 1879 gere,
386 1796 813 1855 contemnere
835 1783 1107 1857 solebat.
1135 1784 1253 1856 Ille
1276 1810 1440 1857 vero
1461 1786 1553 1857 ita
1576 1785 1808 1857 consul
1821 1838 1842 1871 ,
1866 1800 1944 1855 ut
1969 1788 2022 1857 si
2043 1798 2300 1855 tantum
2335 1799 2372 1851 6

162 1887 409 1961 consul
440 1888 655 1979 foret3
690 1890 855 1961 nihil
890 1892 1063 1967 infra
1090 1916 1163 1962 se
1203 1892 1514 1987 putabat,
1551 1894 1675 1963 nisi
1710 1891 1890 1987 quod
1932 1891 2106 1962 infra
2145 1914 2302 1960 con·

164 1993 387 2068 sulem
436 2010 625 2065 esset.
670 2000 768 2069 Ac
820 2000 1113 2093 primum
1133 2050 1154 2085 ‚
1194 1998 1289 2067 ita
1336 1998 1540 2070 domo
1589 1998 2134 2094 progrediebatur
2153 2047 2174 2084 ,
2227 2008 2304 2065 ut
2339 2024 2372 2079 7

164 2099 365 2169 illum
390 2099 612 2173 nullus
638 2118 994 2199 apparatus
1022 2106 1415 2200 arrogantiae
1445 2103 1830 2200 principalis
1843 2157 1862 2191 ‚
1889 2102 2110 2173 nullus
2137 2126 2306 2197 proe-

167 2231 531 2277 cursorum
576 2207 899 2281 tumultus
944 2210 1312 2285 detineret:
1360 2234 1494 2280 una
1536 2225 1680 2280 erat
1716 2211 1784 2281 in
1825 2208 2048 2280 limine
2085 2232 2307 2296 mora,

166 2311 554 2386 consultare
572 2338 725 2386 aves
740 2370 759 2404 ‚
784 2318 1200 2412 revererique
1218 2317 1564 2388 numinum
1587 2317 1898 2388 monitus.
1927 2316 2146 2388 Nemo
2162 2338 2308 2411 pro-
2342 2332 2374 2382 s

170 2415 575 2490 tffrbabatur
589 2475 611 2510 ‚
648 2447 845 2492 nemo
876 2423 1434 2495 submovebatur:
1467 2438 1655 2494 tanta
1681 2424 2044 2494 viatoribus
2081 2423 2268 2517 quies
2285 2474 2306 2507 ,

170 2539 405 2596 tannis
422 2526 640 2622 pudor
660 2527 969 2614 fascibus,
992 2544 1070 2599 ut
1090 2529 1479 2626 plerumque
1501 2529 1712 2602 aliena
1741 2529 1938 2599 turba
1955 2529 2309 2600 subsistere

173 2646 250 2700 et
284 2631 626 2704 consulem
652 2650 720 2704 et
746 2637 1115 2730 principem
1152 2651 1437 2733 cogeret.
1468 2638 1682 2732 Ipsius
1711 2634 1978 2730 quidem
2013 2634 2308 2732 officium
2341 2667 2376 2720 9

172 2751 320 2806 tam
356 2737 693 2810 modicum
714 2791 735 2825 ,
771 2752 904 2810 tam
941 2755 1412 2837 temperatum,
1451 2757 1527 2812 ut
1566 2744 1872 2838 antiquus
1905 2739 2142 2836 aliquis
2171 2764 2310 2810 ma·

177 2867 486 2941 gnusque
522 2845 751 2916 consul
778 2846 901 2916 sub
924 2847 1103 2918 bono
1130 2848 1427 2942 principe
1453 2847 1758 2918 incedere
1788 2846 2152 2916 videretur:
2187 2848 2314 2916 iter

178 2948 281 3020 illi
308 2953 545 3046 saepius
572 2953 643 3023 in
673 2952 924 3038 forum,
954 2951 1337 3048 frequenter
1362 2967 1586 3022 tamen
1619 2967 1688 3022 et
1719 2955 1790 3021 in
1821 2975 2152 3045 campum.

288 3059 643 3128 LXXVII.
675 3061 851 3130 Nam
888 3060 1157 3130 comitia
1192 3056 1540 3128 consulum
1574 3057 1803 3127 obibat
1834 3059 2015 3152 ipse3
2050 3070 2312 3126 tantum

182 3189 269 3234 ex
326 3164 813 3235 renuntiatione
865 3189 1098 3234 eorum
1152 3161 1510 3259 voluptatis
1528 3214 1549 3248 ,
1609 3177 1932 3258 quantum
1991 3163 2175 3258 prius
2232 3185 2315 3232 ex

183 3269 627 3340 destinatione
685 3270 1005 3366 capiebat.
1068 3270 1350 3342 Stabant
1402 3269 1732 3341 candidati
1796 3283 1950 3339 ante
2017 3263 2314 3339 curulem
2352 3300 2383 3334 ι

184 3505 339 3578 ponit
352 3506 683 3558 sedentariam
699 3501 1017 3562 usenfiendi
1036 3521 1215 3558 neees-
1297 3523 1425 3556 cm.
1446 3501 1598 3572 Vidit
1619 3504 1730 3577 jam
1756 3499 2030 3556 Livineius
2046 3539 2064 3567 ,
2095 3501 2191 3572 qui
2227 3499 2320 3556 de-

186 3586 416 3654 sitatem.
429 3583 1215 3638 En.—1>inummeimmus.Nu-
1298 3582 1460 3639 beliat
1471 3580 1666 3637 audiri.
1687 3583 1944 3651 Negiigen
1955 3615 1974 3641 ,
1997 3594 2316 3643 contemnem,

184 3663 381 3724 lna-ati
398 3701 417 3728 ‚
455 3674 518 3716 nt
552 3662 959 3737 intelligeretur,
994 3681 1107 3716 non
1144 3659 1215 3716 ad
1300 3673 1419 3734 post
1439 3664 1636 3732 ⁴2me
1658 3659 1848 3714 misere
1871 3657 2088 3729 frigent.
2103 3657 2161 3712 S.

187 3743 471 3798 arbitrium
492 3741 713 3796 can-aris
727 3779 746 3807 ‚
774 3740 867 3798 sed
886 3761 949 3796 ex
962 3739 1216 3813 plurimo·
1372 3757 1425 3812 7.
1453 3746 1832 3792 Putem-somn.
1846 3735 2219 3810 Apparitorum
2237 3775 2254 3802 ,
2269 3751 2324 3793 et

186 3843 313 3878 rum
334 3823 591 3878 sententia
616 3840 857 3876 caussam
880 3819 1129 3893 judicari.
1146 3821 1212 3873 E.
1302 3817 1790 3874 anteambulonum.
1813 3816 1922 3871 En.

263 3902 319 3957 5.
343 3904 749 3970 componebatur.
766 3899 1215 3974 Seoomponehat‚
1372 3918 1427 3970 9.
1459 3901 1684 3970 Officium
1709 3911 1815 3950 tam
1848 3898 2116 3950 modicum.
2141 3897 2324 3952 Turba

188 3980 475 4036 simulabat
490 3999 619 4034 voce
632 4017 649 4044 ,
672 3981 823 4034 vultu
835 4018 854 4045 ‚
872 3979 1217 4052 corporisque
1301 3976 1666 4034 comitantium
1679 3975 1850 4030 omnis
1860 3975 2088 4048 generis.
2101 3977 2320 4032 sueton.

188 4060 376 4115 habitu
394 4059 739 4131 neven-entiam
756 4057 1061 4132 quamdam.
1078 4061 1215 4118 Ε.--
1302 4055 1492 4112 Claud.
1515 4056 1600 4108 11:
1623 4057 1734 4106 Sine
1751 4059 1954 4111 solemni
1971 4057 2136 4126 ffcio
2153 4059 2326 4108 lectica

194 4145 427 4208 Abigea.
450 4141 622 4196 Immo
648 4143 862 4200 abicere,
889 4137 945 4194 id
962 4151 1039 4193 est
1058 4179 1073 4206 ,
1088 4144 1213 4206 abji-
1303 4142 1355 4190 in
1376 4138 1668 4206 Capitolium
1689 4138 1818 4187 latus
1839 4150 1926 4187 ese.
1948 4134 2016 4192 G.
