2857 4690
742 395 1261 471 PANEGYR.
1314 400 1534 469 CAP.
1585 400 1860 470 LXIX.
2213 398 2344 471 351

158 546 433 627 -atque
464 532 559 599 ita
592 554 633 599 a
660 534 961 628 principe
989 548 1331 629 sperarent
1362 534 1650 604 honores
1667 588 1688 621 ‚
1725 534 1780 603 si
1813 558 1850 601 a
1889 547 2117 603 senatu
2157 536 2352 629 petis-

184 652 397 707 sent.
434 639 593 727 Quo
634 637 902 733 quidem
935 642 1005 708 in
1036 639 1214 727 loco,
1252 642 1309 708 si
1342 641 1580 734 quibus
1614 664 1786 735 opus
1813 636 2114 734 exemplo
2134 692 2154 727 ,
2185 640 2356 734 adje-
2391 648 2422 701 3

182 744 419 829 cisti,
456 759 533 815 ut
569 759 635 814 te
678 747 1111 816 imitarentur.
1156 743 1456 815 Arduum
1481 800 1502 835 ,
1544 750 1794 834 Caesar,
1833 744 2245 840 exemplum,
2289 762 2357 817 et

184 849 413 945 quod
476 851 715 921 imitari
770 876 906 921 non
957 854 1167 946 magis
1222 852 1524 947 quisque.
1557 851 2054 921 candidatorum
2073 905 2094 940 ,
2157 877 2356 948 quam

186 956 605 1051 principum
643 958 867 1051 possit.
910 959 1080 1047 Quis
1122 960 1299 1027 enim
1330 955 1448 1027 .vel
1481 982 1616 1027 uno
1659 958 1766 1027 die
1801 958 2206 1027 reverentior
2245 984 2354 1029 se—

190 1076 427 1131 natus
466 1060 849 1132 candidatus
869 1114 889 1147 ,
942 1086 1143 1159 quam
1194 1077 1301 1151 tu,
1352 1088 1559 1157 quum
1603 1065 1789 1133 omni
1831 1066 1998 1148 vita,
2052 1078 2194 1133 tum
2242 1064 2356 1135 illo

192 1171 375 1263 ipso
414 1180 749 1263 tempore,
790 1194 926 1263 quo
962 1168 1219 1263 judicas
1256 1168 1342 1238 de
1383 1168 1782 1239 candidatis?
1813 1170 1924 1237 An
1961 1166 2140 1239 aliud
2181 1194 2223 1237 a
2260 1184 2354 1258 te,
2390 1184 2422 1243 4

194 1296 433 1367 quam
469 1288 732 1343 senatus
761 1278 1131 1345 reverentia
1160 1275 1450 1346 obtinuit
1467 1328 1488 1363 ,
1517 1290 1592 1345 ut
1611 1276 1964 1371 juvenibus
1987 1272 2358 1347 clarissimae

200 1379 445 1473 gentis
477 1378 772 1449 debitum
800 1384 1023 1476 generi
1050 1381 1374 1452 honorem
1392 1435 1413 1470 ,
1449 1381 1566 1452 sed
1593 1396 1948 1477 antequam
1973 1380 2355 1471 deberetur,

200 1483 553 1554 offerres?
584 1485 881 1556 Tandem
912 1512 1073 1583 ergo
1096 1486 1405 1559 nobilitas
1439 1511 1575 1558 non
1607 1488 2032 1571 obscuratur,
2065 1487 2176 1557 sed
2209 1486 2354 1559 illu·
2391 1502 2422 1550 5

204 1606 481 1661 stratur
513 1616 555 1661 a
588 1593 887 1687 principe
927 1617 944 1662 ε
984 1593 1251 1665 tandem
1294 1593 1440 1664 illos
1477 1596 1846 1689 ingentium
1889 1594 2184 1663 virorum
2227 1620 2350 1663 ne·-

205 1712 457 1792 potes‚
507 1695 653 1767 illos
709 1712 1009 1793 posteros
1066 1698 1416 1787 libertatis,
1473 1724 1598 1769 nec
1651 1714 1858 1769 terret
1908 1702 2171 1788 Caesar,
2231 1725 2356 1771 nec

206 1816 433 1898 pavet
480 1828 496 1871 :
534 1806 693 1898 quin
736 1806 941 1875 immo
984 1806 1301 1876 festinatis
1343 1804 1708 1875 honoribus
1757 1803 2120 1899 amplificat
2157 1820 2355 1899 atque

206 1923 431 2005 auget
450 1962 471 1995 ‚
518 1925 586 1979 et
634 1911 993 2004 majoribus
1036 1913 1169 1982 suis
1210 1911 1446 1981 reddit.
1497 1911 1565 1981 Si
1606 1911 1766 2006 quid
1803 1934 2082 2005 usquam
2109 1912 2354 2005 stirpis

208 2018 517 2111 antiqua!
534 2067 554 2101 ,
600 2019 655 2085 si
695 2017 853 2112 quid
900 2017 1175 2087 residuae
1219 2016 1568 2101 claritatis3
1616 2017 1748 2087 hoc
1795 2014 2206 2111 amplexatur
2223 2070 2246 2105 ‚
2285 2032 2356 2087 et

212 2121 523 2206 refovet,
574 2137 642 2192 et
686 2125 754 2191 in
796 2148 990 2193 usum
1030 2123 1405 2220 reipublicoe
1456 2124 1742 2217 promit..
1769 2125 1939 2192 Sunt
1979 2123 2050 2191 in
2099 2122 2352 2193 honore
2385 2136 2420 2187 6

216 2226 577 2297 hominum
594 2282 615 2315 ,
648 2244 718 2299 et
750 2231 818 2299 in
853 2230 1110 2301 honore
1143 2231 1334 2301 famae
1372 2254 1617 2325 magna
1653 2230 1922 2299 nomina
1955 2252 2038 2299 ex
2068 2230 2353 2299 tenebris

212 2332 616 2424 oblivionis,
662 2334 1067 2432 indulgentia
1112 2338 1387 2409 Caesaris
1404 2391 1427 2424 ‚
1480 2337 1668 2432 cujus
1701 2353 1834 2425 est,
1877 2350 1954 2405 ut
1992 2333 2248 2408 nobiles
2287 2353 2355 2406 et

216 2456 607 2527 conservet,
650 2457 720 2512 et
756 2441 1017 2514 efficiat.

218 2650 277 2690 et
306 2655 554 2706 prensam
594 2637 1007 2710 eonjunguntur.
1052 2637 1251 2710 Magno

220 2717 501 2770 ustorum
520 2734 779 2772 consensu
792 2719 1013 2788 probata
1030 2736 1131 2771 vox
1157 2755 1175 2781 ,
1201 2729 1253 2772 et

220 2796 469 2868 apprime
504 2797 573 2850 ad
598 2797 653 2851 h.
688 2799 729 2850 l.
765 2798 1079 2852 conveniens
1108 2801 1253 2852 'recte

220 2875 471 2930 restituta
501 2893 533 2930 a
554 2876 855 2932 Scluat-zio
892 2895 991 2950 pro
1018 2881 1253 2930 Consula-

220 2971 355 3008 tum.
376 2955 447 3009 G.

300 3041 357 3098 4.
381 3039 587 3086 &nam
606 3039 873 3087 reverentia
890 3038 1116 3087 obtinuit.
1130 3032 1252 3088 Sola

224 3115 527 3174 reverentia
554 3125 766 3168 senatus
790 3125 1059 3186 permotus
1076 3131 1133 3166 es
1150 3149 1167 3176 ,
1192 3121 1255 3164 ut

220 3193 513 3265 juvenibus
524 3195 781 3248 honorem
800 3193 1021 3248 offerres
1037 3229 1055 3255 ,
1068 3203 1121 3245 et
1138 3189 1253 3262 qui·

224 3272 353 3325 dem
382 3289 649 3342 antequam
682 3277 937 3326 deber-emt·
958 3311 975 3334 ‚
1006 3273 1111 3324 hoo
1132 3281 1211 3324 est
1230 3307 1247 3334 ,

226 3363 355 3406 ante
381 3371 581 3406 annum
606 3353 807 3426 legibus
824 3351 1103 3406 annalibus
1122 3367 1249 3404 eon-

226 3433 493 3488 stimtum.
514 3433 695 3498 Quare
721 3451 811 3486 eos
836 3431 1017 3506 paullo
1031 3443 1147 3502 post
1156 3433 1245 3500 fe-

224 3519 439 3567 :cinaeos
470 3515 677 3566 bonvm
716 3513 859 3568 dicit.
894 3513 957 3566 E.
994 3541 1065 3554 —
1096 3513 1245 3564 Debi-

226 3609 335 3644 tum
346 3595 519 3660 generi
542 3595 774 3644 leonas-em
786 3631 803 3654 ‚
833 3593 923 3644 sed
940 3605 1081 3650 ante,
1099 3607 1250 3657 quam

224 3675 513 3731 debentur,
548 3673 765 3740 «ᾔστην.
804 3673 1041 3724 Acumen
1064 3667 1251 3741 quierit

226 3753 287 3802 in
342 3751 509 3802 verbo
543 3749 811 3804 debendi:
846 3763 901 3803 et
924 3787 940 3812 ‚
982 3759 1045 3802 nt
1080 3747 1250 3820 magis

226 3841 449 3884 acutum
474 3840 609 3882 esset
626 3867 642 3894 ,
672 3835 927 3883 deber-sem·
942 3829 1116 3901 posuit
1132 3828 1253 3882 sim-

226 3907 437 3980 pliciter
447 3949 465 3975 ,
474 3909 871 3982 intelligendum
880 3920 959 3962 est
966 3911 1098 3977 ipsis.
1110 3909 1246 3962 Eu·

300 3987 357 4042 5.
372 3989 579 4042 Pmmie.
598 3988 675 4040 Ex
700 3987 1021 4043 obscuritate
1044 3999 1251 4061 protra-

228 4068 308 4120 hit
334 4079 391 4120 et
404 4065 477 4119 ad
498 4067 727 4120 honores
750 4081 1039 4140 promovet.
1057 4069 1120 4121 E.

298 4149 355 4200 6.
418 4151 479 4196 In
527 4148 711 4198 hom
732 4149 913 4216 sam.
950 4146 1255 4218 Elegantius

1338 2640 1498 2710 longe
1513 2639 1665 2693 nobis
1688 2657 1927 2712 qnoque,
1949 2649 2008 2692 ut
2025 2641 2140 2711 jam
2155 2641 2352 2712 Lipsio,

1339 2717 1411 2772 ad
1425 2719 1554 2773 Tac.
1581 2719 1719 2772 nist.
1752 2719 1836 2772 111
1853 2759 1868 2772 .
1898 2720 1966 2774 36
1990 2755 2007 2782 ,
2033 2718 2273 2782 videtur,
2309 2719 2355 2772 si

1338 2810 1512 2861 esset,
1543 2801 1596 2851 in
1629 2817 1716 2850 ore
1735 2801 1918 2868 samoe.
1945 2798 2070 2851 Post
2095 2801 2260 2852 verba
2283 2801 2357 2850 in·

1339 2879 1590 2946 dulgentia
1633 2879 1836 2928 Caesan’s
1869 2876 2050 2930 deesse
2099 2893 2356 2940 extracta,

1338 2955 1421 3008 vel
1440 2955 1610 3008 simile
1627 2955 1780 3027 quid,
1799 2954 1938 3009 idem
1965 2967 2114 3008 notat
2125 2956 2352 3026 Lipsius.

1336 3034 1442 3090 Sed
1464 3045 1634 3105 potest
1663 3046 1840 3088 tamen
1866 3053 1932 3085 es:
1961 3038 2166 3086 tenebn's
2193 3035 2354 3106 signi·

1338 3113 1500 3168 ficare
1531 3124 1649 3184 post
1681 3114 1968 3178 tenebram
2009 3125 2060 3168 et
2097 3115 2353 3167 ablativus

1340 3195 1646 3262 indulgentia
1661 3191 1920 3266 adipsum
1937 3209 2050 3246 sune
2063 3193 2266 3248 mser-ri.
2280 3191 2352 3246 G.

1335 3303 1409 3314 —
1424 3275 1574 3342 cnjus
1589 3287 1662 3324 ese
1677 3309 1692 3336 ,
1715 3289 1802 3338 ut,
1827 3287 1930 3328 etc.
1949 3272 2075 3326 Vid.
2101 3273 2152 3326 J.
2169 3273 2230 3325 Α.
2259 3273 2354 3326 ΕΙ·-

1334 3352 1532 3406 nutius
1555 3351 1626 3406 ad
1651 3352 1708 3404 h.
1737 3353 1778 3406 l.
1805 3355 1860 3408 S.
1887 3379 1958 3394 --
1982 3354 2128 3420 Cujus
2152 3367 2256 3412 ese,
2279 3367 2352 3405 ue.

1332 3431 1655 3486 Schwarzius
1663 3432 1931 3503 evestigiis
1937 3431 2192 3484 librorum
2206 3429 2356 3484 addit

1334 3514 1430 3564 Ιιοσ
1444 3531 1463 3562 .·
1493 3513 1628 3580 eujus
1665 3511 1758 3562 Ιιοο
1787 3525 1858 3562 ese
1868 3531 1889 3571 ,-
1923 3509 2070 3582 quod
2091 3527 2233 3564 -sane
2271 3521 2354 3564 est

1334 3589 1554 3644 latinius
1579 3627 1596 3654 ,
1639 3609 1765 3644 nam
1805 3589 1916 3642 sine
1957 3593 2050 3642 hoc
2078 3627 2094 3654 ,
2129 3589 2354 3643 debebat

1334 3687 1450 3722 esse
1466 3707 1482 3732 ,
1504 3673 1687 3721 nobiles
1704 3673 1912 3742 ffcm.
1933 3668 2038 3724 sed
2057 3681 2182 3723 atat
2195 3669 2351 3722 Plinii

1328 3751 1442 3822 jam
1464 3747 1772 3802 discesserat
1789 3749 2028 3819 paullum
2054 3767 2084 3802 a
2117 3767 2236 3802 vera
2259 3767 2350 3804 ra-

1338 3828 1514 3882 tione:
1546 3846 1704 3899 supra
1737 3845 1856 3899 cap.
1881 3827 2008 3892 Lx,
2033 3847 2216 3896 panem
2245 3844 2346 3890 est,

1314 3947 1319 3954 .
1340 3923 1398 3961 ut
1417 3911 1470 3959 in
1495 3910 1684 3959 curiam
1698 3910 1872 3958 venias
1886 3944 1906 3969 ,
1927 3925 2024 3978 pro
2041 3945 2058 3968 ,
2085 3910 2138 3958 ia
2164 3909 2352 3960 cur-iam

1339 3990 1526 4039 min.
1547 3986 1684 4038 Eu.
1705 4015 1777 4026 --
1793 3989 2008 4058 Efficias.
2029 3989 2156 4042 Jure
2179 4005 2350 4043 annu·

1327 4065 1518 4120 -lorum
1533 4063 1658 4118 dato
1679 4101 1696 4128 ‚
1719 4065 1973 4138 ing-uos
1993 4067 2154 4131 faeit3
2175 4085 2352 4122 eumu-

1342 4145 1462 4198 latis
1485 4144 1772 4198 bonoribus
1793 4183 1812 4210 ‚
1839 4145 2056 4202 nobiles.
2079 4147 2182 4198 En.
