2857 4690
796 323 1310 446 ΡΑΝΕὲΥΒ.
1368 377 1590 446 CAP.
1644 375 1744 446 11.

2190 377 2329 480 239
2405 332 2410 337 ι

195 506 438 573 veritas
471 514 736 572 constet
761 525 782 588 ;
813 511 1209 594 tantumque
1235 525 1275 569 a
1304 501 1523 595 specie
1556 499 1953 570 adulationis
1986 497 2159 571 absit
2186 527 2331 597 gra·

200 613 444 682 tiarum
481 611 662 681 actio
697 633 875 696 mea,
911 623 1236 702 quantum
1281 609 1468 680 abest
1506 629 1546 678 a
1586 611 1991 680 necessitate.

293 724 386 790 11.
429 719 764 815 Equidem
807 741 944 786 non
985 717 1238 787 consuli
1276 719 1516 806 mod0,
1558 719 1673 789 sed
1718 717 2031 790 omnibus
2078 721 2334 792 civibus

201 829 594 900 enitendum
623 852 802 913 reor,
833 851 918 895 ne
952 825 1112 920 quid
1150 825 1232 895 de
1265 828 1569 922 principe
1599 844 1829 897 nostro
1862 829 1953 897 ita
1980 827 2237 916 dicant,
2258 844 2337 899 ut

203 941 376 1010 idem
411 938 582 1008 illud
614 938 696 1006 de
731 936 862 1006 alio
889 935 1020 1006 dici
1048 937 1340 1030 potuisse
1368 936 1696 1007 videatur.
1732 939 1961 1027 Quare
1990 940 2234 1010 abeant
2259 963 2337 1010 ac
2374 971 2403 1007 a

205 1050 524 1120 recedant
555 1073 748 1118 voces
784 1045 944 1134 illae,
981 1070 1145 1140 quas
1175 1061 1394 1115 metus
1427 1047 1839 1142 exprimebat
1870 1073 1885 1116 ε
1920 1047 2117 1136 nihil,
2142 1047 2336 1144 quale

205 1175 402 1246 ante,
427 1159 760 1245 dicamus3
791 1155 957 1224 nihil
995 1155 1206 1240 enim,
1238 1155 1433 1250 quale
1464 1171 1680 1244 antea,
1706 1159 2045 1252 patimur:
2074 1183 2199 1227 nec
2224 1183 2338 1226 ea-

205 1269 357 1339 dem
397 1268 481 1338 de
524 1267 828 1361 principe
869 1263 1124 1359 palam,
1169 1289 1316 1358 quae
1355 1267 1573 1359 priua,
1616 1266 2099 1360 praedicemus3·
2122 1293 2339 1362 neque

207 1380 390 1447 enim
417 1375 652 1446 eadem
677 1389 932 1444 secreto
950 1373 1322 1467 loquimur,
1343 1399 1493 1468 quae
1515 1377 1718 1470 priuS.
1740 1377 2179 1448 Discernatur
2195 1404 2339 1447 ora·
2380 1389 2410 1443 3

209 1487 506 1556 tionibus
523 1486 765 1555 nostris
789 1483 1133 1554 diversitas
1150 1498 1526 1578 temporum
1545 1535 1564 1566 ‚
1585 1500 1653 1554 et
1669 1511 1749 1555 ex
1767 1488 1911 1582 ipso
1930 1512 2171 1583 genere
2193 1513 2343 1584 gra-

209 1602 456 1668 tiarum
507 1595 917 1690 agendarum
969 1591 1418 1688 intelligatur,
1461 1595 1568 1663 cui
1600 1647 1621 1681 ,
1662 1596 1931 1690 quando
1978 1598 2113 1667 sint
2155 1613 2339 1668 actae.

212 1711 564 1802 Nusquam
601 1720 678 1775 ut
715 1705 876 1792 deo,
915 1727 1246 1798 nusquam
1285 1718 1364 1771 ut
1397 1704 1657 1772 numini
1694 1705 2122 1777 blandiamur
2154 1733 2170 1776 :
2204 1729 2343 1776 non

216 1821 396 1888 enim
448 1817 532 1886 de
581 1831 898 1910 tyranno,
938 1813 1053 1882 sed
1103 1811 1186 1881 de
1227 1813 1416 1900 cive;
1454 1837 1589 1881 non
1629 1812 1713 1883 de
1752 1813 2063 1904 domine,
2105 1816 2220 1886 sed
2261 1815 2345 1885 de

218 1942 495 2022 parente
537 1926 894 2020 loquimur.
941 1926 1173 1992 Unum
1219 1919 1328 1991 ille
1369 1945 1439 1990 se
1478 1946 1560 1991 ex
1597 1924 1819 2012 nobis,
1858 1939 1927 1994 et
1971 1925 2103 1995 hoc
2136 1928 2345 2020 magis
2383 1963 2413 2012 4

217 2035 484 2105 excellit
530 2049 732 2129 atque
779 2035 1056 2120 eminet,
1107 2029 1292 2126 quod
1337 2055 1549 2100 unum
1598 2057 1681 2101 ex
1728 2034 1921 2104 nobis
1962 2049 2187 2130 putat3
2221 2062 2347 2119 nec

217 2147 442 2214 minus
491 2143 830 2213 hominem
873 2167 976 2228 se,
1011 2165 1212 2236 quam
1261 2140 1646 2211 hominibus
1690 2168 1964 2237 praeesse
2020 2147 2342 2217 meminit.

220 2253 685 2350 Intelligamus
733 2278 895 2349 ergo
944 2253 1123 2322 bona
1171 2265 1436 2337 nostra,
1478 2251 1846 2351 dignosque
1896 2280 2019 2325 nos
2054 2255 2184 2327 illis
2221 2283 2348 2328 usu
2385 2278 2417 2334 5

226 2484 308 2536 tit.
333 2484 485 2555 Soepe
495 2484 632 2553 fides
653 2493 703 2534 et
728 2481 912 2532 veritas
939 2490 998 2531 ut
1019 2477 1242 2530 effectus

227 2574 278 2613 et
292 2580 478 2614 caussa
499 2562 817 2633 junguntur.
835 2558 950 2611 Nisi
967 2556 1154 2610 melius
1175 2556 1244 2609 sit

215 2644 372 2711 fidem
394 2658 493 2711 pro
510 2638 838 2710 simplicitate
858 2650 1018 2708 atque
1033 2634 1246 2707 integri·

228 2730 333 2773 tate
367 2719 610 2790 accipere
623 2755 641 2782 ,
667 2736 697 2769 e
722 2734 826 2790 qua
851 2716 1038 2769 verina
1068 2732 1246 2767 conse-

228 2798 430 2871 quitur.
479 2798 731 2851 Preeatur
773 2796 971 2851 Plinius
985 2832 1000 2859 ,
1046 2805 1106 2847 nt
1149 2794 1246 2847 sibi

231 2878 500 2949 contingat
513 2918 530 2942 ,
559 2876 726 2930 libere
751 2888 804 2929 et
837 2892 897 2929 ex
930 2873 1092 2929 animi
1120 2892 1242 2928 sen-

231 2956 394 3009 tentia
419 2968 474 3009 et
498 2974 622 3009 vere
646 2954 840 3009 dicere.
867 2954 930 3007 E.
945 2958 1066 3005 -Α
1079 2972 1242 3005 neces-

231 3040 390 3088 simse-
397 3033 558 3100 Quod
567 3072 582 3099 ,
596 3034 796 3087 etiamsi
808 3033 1095 3105 gratiarum
1109 3031 1244 3086 actio

233 3114 528 3167 intermissa
556 3114 735 3167 fuisset
749 3155 766 3181 ,
791 3126 963 3166 tamen
985 3112 1034 3165 ei
1060 3130 1091 3165 a
1111 3112 1246 3165 Trn-

233 3196 356 3266 jano
387 3193 524 3247 nihil
555 3193 732 3246 finisset
767 3190 1084 3246 timendum.
1109 3192 1248 3263 Ergo

237 3272 394 3325 etiam
415 3272 474 3324 in
489 3272 592 3325 hoc
610 3273 679 3325 ab
695 3271 936 3345 aequitate
957 3282 1008 3324 et
1026 3270 1252 3324 clemen·

235 3352 308 3403 tia
335 3352 628 3423 Trajanum
661 3350 860 3405 laudat.
889 3352 952 3403 Ε.
977 3380 1052 3391 —-
1075 3349 1159 3403 Sic
1199 3360 1251 3401 et

237 3428 521 3501 Gierigius.
547 3428 651 3483 sed
674 3428 929 3483 falluntur
947 3428 1046 3481 viri
1065 3426 1252 3482 doctis-

239 3506 372 3561 nimi.
403 3512 456 3559 A
482 3510 796 3570 necessitate,
820 3506 1046 3560 subaudi
1069 3510 1250 3559 adula-

243 3589 402 3641 tionis.
422 3587 478 3641 S.

309 3668 380 3721 II.
407 3684 458 3720 1.
484 3669 753 3734 Equidem.
773 3702 787 3716 .
809 3668 1082 3718 ‚videaeun
1107 3664 1158 3717 J.
1185 3664 1251 3717 A.

243 3745 462 3800 Ernestii
476 3745 636 3799 crinin
652 3742 721 3797 dc
733 3744 996 3810 hocloco,
1011 3744 1110 3817 qui
1124 3742 1254 3796 mihi

243 3826 550 3879 sanissimus
567 3822 800 3886 videtur,
815 3825 1154 3878 vehementer
1165 3824 1262 3875 mi-

241 3924 348 3959 mr.
369 3906 428 3961 S.
447 3934 518 3947 -
533 3904 637 3960 sed
661 3905 904 3957 omnibus
938 3902 1142 3957 civibus
1161 3906 1261 3954 eni-

245 3989 441 4037 tendum
471 4002 616 4048 reor,
653 4002 720 4037 ne
753 3982 885 4055 quid
923 3980 992 4035 de
1024 3982 1261 4055 principe

244 4077 423 4119 nostro
457 4066 532 4118 ita
571 4062 778 4127 dieunt,
813 4074 874 4115 ut
896 4065 1025 4113 idem
1047 4064 1177 4115 illud
1195 4059 1262 4114 de

246 4143 348 4197 alio
359 4142 468 4198 dici
485 4141 724 4215 potuisse
737 4139 992 4195 videatur.
1007 4140 1102 4194 Hic
1121 4141 1264 4193 locus

1337 2496 1448 2530 non
1460 2498 1569 2533 una
1582 2479 1649 2535 de
1662 2498 1845 2536 caussa
1859 2482 2351 2555 displicet.Primum

1339 2560 1617 2612 enitendum
1633 2574 1710 2615 est
1729 2563 1800 2615 ab
1815 2566 2072 2618 sententia
2094 2565 2350 2633 alienum,

1294 2708 1302 2716 .
1339 2646 1390 2690 et
1410 2649 1503 2695 aut
1518 2643 1785 2693 videndum
1807 2644 2013 2714 scripsit
2030 2648 2241 2709 Plinius,
2262 2658 2355 2700 aut

1339 2734 1448 2769 non
1480 2718 1615 2771 bene
1645 2720 1870 2792 scripsit.
1902 2722 2038 2775 Nam
2070 2726 2357 2797 requiritur

1339 2794 1427 2847 hic
1462 2796 1775 2867 significatio
1812 2800 2064 2867 cavendi,
2096 2820 2215 2875 que
2244 2822 2355 2857 non

1338 2885 1416 2925 est
1462 2874 1519 2927 in
1550 2876 1711 2929 verbo
1749 2882 1980 2932 enitendi.
2022 2880 2226 2935 Deinde
2257 2902 2357 2937 nec

1337 2951 1562 3006 alterum
1574 2953 1764 3025 placet,
1778 2956 1921 3029 quod
1937 2957 2156 3023 dieit,ne
2168 2960 2354 3032 quid...

1339 3033 1414 3082 ita
1438 3030 1615 3087 dicant
1629 3072 1645 3098 ,
1668 3046 1727 3086 ut
1745 3038 1873 3087 idem
1890 3040 2021 3089 illud
2038 3041 2101 3089 de
2125 3042 2228 3091 αΙίο
2250 3039 2359 3093 dici

1341 3110 1571 3183 potuisse
1592 3112 1851 3167 videatur.
1866 3115 1977 3169 Etsi
1988 3118 2215 3191 maxime
2237 3119 2359 3173 cim-

1341 3190 1549 3261 pliciter
1556 3189 1782 3258 dicatur,
1796 3214 1864 3248 ne
1877 3198 2005 3248 idem
2014 3194 2118 3251 dici
2128 3198 2359 3267 potuisse

1344 3269 1606 3335 videatur,
1624 3282 1799 3326 tamen
1814 3277 1941 3326 illud
1951 3275 2109 3347 plane
2120 3277 2358 3349 languet,

1345 3360 1396 3402 et
1410 3348 1641 3403 alienum
1656 3364 1752 3405 est.
1770 3352 1907 3405 Eu.

1419 3448 1447 3481 2
1456 3468 1469 3481 .
1477 3434 1753 3497 Loquimur,
1767 3434 2033 3499 quoepn’us.
2044 3429 2228 3486 Paullo
2237 3451 2363 3487 con-

1347 3506 1637 3561 cinniorem
1667 3510 1977 3563 sententiam
2010 3528 2041 3562 e
2073 3510 2215 3566 libri·
2246 3512 2360 3568 MS.

1348 3598 1402 3640 et
1436 3586 1589 3641 editis
1609 3586 1865 3659 Gierigius
1906 3586 2137 3641 reddidit
2161 3606 2176 3643 τ
2208 3612 2364 3661 neque

1350 3668 1479 3717 enim
1497 3668 1667 3717 eadem
1684 3682 1889 3727 secreto,
1912 3666 2191 3735 qnoepn'us,
2214 3674 2365 3739 quui-

1352 3764 1476 3797 mur.
1515 3745 1579 3797 E.
1607 3774 1671 3785 —
1699 3744 1781 3796 Al.
1818 3764 1973 3813 neque
2000 3750 2129 3798 em'm
2158 3752 2360 3815 eodan,

1355 3844 1469 3893 qua·
1496 3826 1637 3892 prius
1650 3862 1666 3885 ,
1706 3839 1887 3875 secreto
1920 3829 2178 3893 loquimur.
2204 3829 2364 3893 Quod

1355 3902 1521 3975 magis
1539 3902 1694 3954 etiam
1722 3901 1913 3975 placet.
1944 3904 1997 3957 S.

1428 3982 1480 4035 5.
1496 3984 1775 4050 Dignosque
1790 4000 1877 4033 nos
1891 3984 2002 4035 illis.
2020 3984 2074 4038 Si
2090 3984 2294 4039 facilem
2314 3998 2369 4040 et

1359 4062 1441 4117 eui
1452 4060 1673 4115 similem
1686 4060 1775 4114 hic
1788 4080 1999 4134 quoqne
2012 4062 2237 4117 Plinium
2256 4082 2367 4119 esse

1357 4141 1631 4205 volutum,
1676 4140 1751 4195 sic
1800 4150 1859 4193 ut
1898 4141 2077 4214 Lipnio
2113 4140 2367 4198 suadente
