2857 4690
501 324 633 421 178
1140 325 1215 393 c.
1268 325 1614 395 PLINII
1664 326 1852 394 ΜΒ.
1901 328 1986 395 x.

505 532 839 553 mmussu
844 530 2240 553 'mmmmmmmsaeum
2245 533 2514 554 mmm
2519 530 2616 555 Μ

1118 706 1500 807 LXXI.
1579 718 1943 839 (LXVI)

492 956 580 1013 De
612 952 681 1009 iis
700 994 717 1023 ,
746 950 847 1029 qui
872 948 1045 1009 liberi
1072 946 1223 1020 nati,
1256 946 1505 1025 expositi
1531 956 1702 1019 su'nt3
1731 946 1941 1006 deinde
1971 946 2183 1007 sublati
2209 951 2244 1006 a
2275 948 2624 1027 quibusdam

984 1058 1043 1104 et
1068 1046 1128 1103 in
1154 1043 1436 1103 servitute
1459 1044 1690 1103 educati
1713 1057 1875 1118 sunt,
1909 1046 2132 1122 quaerit.

936 1255 995 1302 C·
1033 1253 1387 1301 PLINIUS
1437 1253 1836 1301 TRAIANO
1887 1254 2066 1301 [ΗΡ.
2119 1256 2170 1301 S.

588 1438 899 1517 Mamm,
937 1432 1269 1517 Domine,
1318 1445 1386 1499 et
1430 1430 1516 1499 ad
1567 1444 1775 1500 totam
1819 1432 2230 1525 provinciam
2275 1436 2624 1527 pertinens

495 1541 773 1639 quaestio
808 1555 909 1611 est
952 1541 1035 1609 de
1078 1538 1463 1609 conditione
1505 1554 1574 1607 et
1625 1536 1956 1608 alimentis
1991 1564 2252 1625 eorum,
2289 1567 2462 1636 quos
2503 1544 2627 1611 'vo-

428 1690 458 1724 2
496 1662 651 1717 cant
689 1654 1026 1748 Θρεπτούς.
1074 1653 1153 1719 In
1189 1673 1321 1744 qua
1355 1673 1518 1743 ego,
1547 1647 1789 1718 auditis
1815 1650 2404 1721 constitutionibus
2438 1655 2632 1747 prin-

494 1767 755 1860 cipum,
782 1762 943 1857 quia
978 1758 1144 1829 nihil
1184 1758 1600 1828 inveniebam
1637 1773 1756 1827 aut
1781 1759 2128 1853 proprium
2153 1812 2172 1845 ‚
2207 1775 2324 1830 aut
2356 1762 2628 1831 univer-

496 1873 665 1958 sale,
706 1872 889 1969 quod
928 1869 1013 1939 ad
1049 1866 1370 1962 Bithynos
1416 1866 1734 1952 ferretur,
1769 1866 2256 1938 consulendum
2292 1884 2358 1939 te
2392 1871 2630 1940 existi-

496 1986 709 2072 mavi,
735 1982 899 2079 quid
915 1980 1253 2051 observari
1273 1976 1489 2047 velles.
1536 1980 1770 2073 Neque
1805 1979 1984 2047 enirn
2011 1980 2270 2075 putavi,
2295 2004 2489 2075 posse
2516 2006 2631 2051 me

498 2096 569 2163 in
613 2118 694 2163 eo
715 2146 736 2181 ‚
784 2090 969 2188 quod
1010 2088 1478 2159 auctoritatem
1515 2102 1698 2155 tuam
1732 2103 2035 2181 posceret
2058 2142 2077 2177 ,
2129 2088 2446 2184 exemplis
2483 2116 2631 2161 esse

428 2228 459 2282 3
498 2218 910 2273 contentum.
954 2194 1391 2270 Recitabatur
1431 2211 1656 2266 autem
1714 2196 1894 2291 apud
1934 2220 2043 2266 me
2079 2197 2408 2287 edictum,
2442 2200 2630 2294 quod

498 2311 845 2384 dicebatur
896 2310 1030 2380 divi
1074 2306 1398 2402 Augusti,
1433 2305 1518 2375 ad
1565 2306 1856 2376 Anniam
1903 2307 2288 2402 pertinens:
2334 2311 2630 2380 recitatoe

497 2439 567 2493 et
602 2421 895 2519 epistolae
929 2419 1064 2488 divi
1100 2416 1494 2512 Vespasiani
1517 2415 1602 2484 ad
1618 2417 2185 2506 Lacedaemonios3
2213 2433 2282 2488 et
2315 2419 2454 2488 divi
2485 2423 2628 2491 Titi

500 2532 587 2601 ad
624 2530 889 2601 eosdem
912 2583 931 2616 ‚
979 2527 1133 2597 dein
1170 2525 1257 2594 ad
1300 2525 1577 2596 Achaeos
1609 2550 1628 2614 ;
1665 2541 1733 2596 et
1770 2528 2142 2596 Domitiani
2185 2528 2270 2597 ad
2305 2529 2628 2600 Avidium

498 2643 864 2736 Nigrinum
892 2652 960 2708 et
984 2637 1377 2707 Armenium
1409 2636 1781 2706 Brocchum
1801 2689 1821 2724 ‚
1857 2638 2310 2732 proconsules3
2343 2640 2502 2708 item
2535 2641 2630 2710 ad

498 2750 1086 2823 Lacedaemonios:
1118 2771 1265 2841 quae
1322 2745 1471 2814 ideo
1514 2746 1633 2815 tibi
1664 2771 1803 2815 non
1843 2749 2028 2832 misi,
2067 2749 2226 2843 quia
2283 2764 2352 2818 et
2385 2774 2628 2843 parum

500 2860 850 2930 emendata
868 2911 889 2946 ,
918 2873 987 2927 et
1010 2855 1313 2952 quaedam
1344 2880 1482 2924 non
1510 2869 1704 2925 certae
1732 2855 1886 2926 fidei
1912 2856 2340 2946 videbantur,
2365 2873 2435 2928 et
2467 2861 2632 2952 quia

500 2995 658 3041 vera
692 2984 761 3041 et
802 2966 1153 3038 emendata
1205 2967 1274 3034 in
1315 2966 1574 3036 scriniis
1609 2967 1741 3035 tuis
1783 2991 1922 3037 esse
1957 2967 2326 3038 credebam.

544 3181 739 3236 LXXI.
750 3199 772 3234 1
783 3174 1181 3250 ,ΘριπτοὺςΩιιί
1192 3175 1295 3228 sint
1304 3176 1520 3248 θριπτοὶ,
1615 3165 1745 3231 cuit,
1763 3167 1843 3220 vir
1859 3185 2095 3220 summus
2104 3167 2375 3222 Cornelius
2391 3167 2632 3242 Bynker·

504 3277 560 3332 q.
582 3257 639 3312 d.
654 3259 851 3316 nutv-iti,
875 3255 1000 3308 satis
1022 3253 1217 3306 indicat
1234 3253 1518 3324 imperator
1615 3245 1778 3300 shoek
1789 3245 1978 3319 dejure
1989 3245 2629 3312 occidendiliheroacJX,

504 3331 1516 3410 mponsionesuassuitxoivoudegunt,
1613 3345 1672 3398 p.
1694 3327 1816 3390 213,
1837 3343 1952 3397 sqq.
1969 3326 2036 3378 G.

508 3415 563 3470 id
576 3427 674 3482 est,
688 3416 951 3482 expositos,
974 3411 1113 3466 idem
1142 3429 1307 3482 genus
1335 3409 1519 3462 dicunt
1685 3405 1738 3458 3.
1760 3402 2140 3458 Lacedmnonii
2155 3402 2357 3474 abipso
2379 3403 2632 3476 Lycurgo

506 3495 607 3548 snb
634 3503 891 3565 respectu.
923 3491 1181 3546 ceterum
1213 3501 1381 3542 totum
1414 3489 1518 3541 hoc
1605 3483 1738 3555 jussi
1765 3493 1914 3536 erant
1937 3481 2132 3536 liberos
2157 3480 2356 3534 debiles
2373 3492 2427 3534 et
2442 3480 2634 3537 defor-

507 3581 873 3646 argumentnm
886 3569 1143 3642 elegantia
1156 3587 1261 3641 qua
1276 3569 1405 3620 solet
1415 3579 1518 3620 tra-
1612 3581 1722 3616 mes
1743 3562 1798 3614 in
1816 3561 2038 3633 Taygeti
2055 3561 2248 3614 montis
2265 3561 2518 3632 spelunca
2542 3581 2633 3614 ex-

510 3651 671 3707 otavit
685 3689 701 3715 ,
718 3661 769 3704 et
792 3651 963 3722 ipsum
978 3649 1263 3720 Traianum
1287 3649 1408 3718 jura
1426 3645 1517 3698 do·
1611 3659 1826 3714 ponere.
1843 3641 1944 3692 En.

1069 3891 1951 3928 --—--—-—-000---—
1970 3906 2062 3916 --
