2857 4690
782 354 1300 425 PANEGYR.
1355 353 1578 422 CAP.
1627 357 1762 426 xi.

2215 355 2356 430 255

198 483 321 553 tibi
348 496 603 565 terras,
628 494 699 550 te
714 478 913 548 terris
942 474 1255 570 reliquit;
1287 501 1369 544 eo
1386 477 1536 572 ipso
1559 501 1760 548 carus
1779 481 2098 552 omnibus
2123 507 2204 554 ac
2241 483 2363 552 de·-

202 590 633 672 sideranduS,
667 588 851 685 quod
886 601 1357 682 prospexerat,
1394 613 1482 658 ne
1515 587 2030 663 desideraretur.

296 707 427 776 xl.
478 703 705 792 Quem
751 715 827 770 tu
876 697 1191 793 lacrymis
1226 700 1560 794 primum,
1603 701 1697 770 ita
1735 716 1813 772 ut
1847 701 2063 774 filium
2099 703 2366 789 decuit,
2419 758 2452 792 .‚

206 840 363 886 mox
398 811 671 909 templis
708 811 1113 896 honestasti,
1140 835 1279 880 non
1308 810 1612 885 imitatus
1645 811 1826 900 illos,
1855 815 1974 908 qui
2009 815 2140 886 hoc
2169 815 2366 900 idem,
2442 815 2474 912 ἵ,
2539 861 2550 888 ι

208 924 325 995 sed
346 923 485 994 alia
508 937 734 993 mente
750 974 769 1006 ,
795 919 1419 992 fecerunt.·Dicavit
1441 921 1602 992 caelo
1623 924 1934 996 Tiberius
1951 929 2369 1022 Augustum,
2441 945 2448 952 ·

209 1034 325 1106 sed
359 1048 442 1104 ut
462 1033 833 1127 majestatis
864 1030 1119 1102 crimen
1154 1029 1504 1102 induceret
1536 1057 1552 1100 ε
1591 1032 1956 1110 Claudium
1991 1040 2178 1111 Nero
2197 1091 2218 1123 ‚
2255 1038 2370 1108 sed

214 1161 289 1217 ut
320 1143 685 1217 irrideret·
714 1141 1201 1238 Vespasianum
1240 1141 1472 1228 Titus,
1493 1144 1930 1216 Domitianus
1953 1147 2226 1236 Titum;
2253 1149 2370 1218 sed

213 1255 355 1346 ille,
394 1270 473 1326 ut
514 1254 619 1324 dei
672 1252 884 1342 filius,
924 1251 1069 1336 hic,
1110 1265 1189 1320 ut
1234 1249 1439 1321 frater
1475 1251 1838 1325 videretur.
1888 1260 1996 1328 Tu
2041 1243 2372 1334 sideribus
2409 1297 2436 1330 a

214 1381 477 1464 patrem
502 1363 826 1448 intulisti,
858 1387 1001 1433 non
1036 1360 1125 1432 ad
1156 1375 1411 1434 metum
1433 1362 1721 1451 civium,
1753 1391 1894 1438 non
1930 1366 2000 1438 in
2025 1385 2374 1440 contume-

218 1476 375 1550 liam
418 1477 824 1562 numinum,
862 1499 1001 1544 ιιοιι
1052 1475 1127 1546 in
1166 1473 1498 1544 honorem
1541 1489 1778 1566 tuum3
1815 1479 1932 1550 sed
1971 1482 2132 1575 quia
2169 1480 2372 1552 deum

216 1587 453 1658 credis,
494 1587 725 1658 Minus
766 1599 867 1654 est
905 1584 1073 1672 hoe,
1108 1609 1321 1678 quum
1364 1583 1445 1653 fit
1480 1585 1566 1654 ab
1603 1586 1736 1674 his,
1775 1591 1894 1683 qui
1929 1605 1999 1659 et
2035 1615 2178 1662 sese
2213 1592 2376 1663 deos
2411 1613 2444 1666 3

216 1831 295 1886 xl
314 1871 332 1896 ,
356 1838 459 1896 124
483 1847 497 1882 :
533 1833 733 1900 Ofama
752 1833 942 1900 ingens.
969 1829 1245 1896 S.—1pso.

216 1911 551 1966 Gesneriana
575 1929 673 1982 per
701 1926 987 1984 operarum
1006 1945 1023 1972 .
1063 1907 1123 1960 ni
1150 1907 1250 1962 tal-

219 1993 321 2056 lor,
348 1989 727 2063 negligentiam
754 1993 871 2060 ipse.
896 1989 950 2042 S.

288 2071 391 2128 xl.
416 2090 439 2125 1
452 2111 465 2124 .
490 2073 771 2122 Honeseaei.
800 2069 877 2122 De
897 2067 1105 2122 ratione
1128 2085 1254 2120 con-

220 2151 467 2208 secrandi
490 2152 843 2224 imperatores
860 2165 1131 2202 romanos.
1150 2147 1255 2200 He·

222 2231 483 2288 rodianus
498 2271 512 2294 ,
540 2231 634 2284 lib.
656 2229 761 2286 111.
790 2229 897 2282 En.
914 2233 1253 2280 -Fecerunn

223 2313 441 2386 Optime
464 2311 647 2367 habet.
682 2310 768 2366 Sic
805 2307 982 2363 statim
1017 2306 1257 2379 sequitur

224 2396 425 2446 dicavit.
450 2394 507 2449 S.
526 2424 600 2435 —
621 2396 735 2445 Non
758 2393 983 2443 imitatus
1002 2390 1139 2448 illos,
1170 2407 1256 2455 qm

224 2476 320 2527 Ιιοι·
344 2477 477 2526 idem
490 2512 507 2535 ,
532 2476 625 2525 sed
654 2476 761 2525 alia
786 2486 949 2524 mente
962 2508 977 2531 ,
1003 2472 1253 2541 fecerunt.

226 2552 378 2607 Fen-i
393 2571 549 2625 posse
564 2553 793 2609 arbitror
810 2570 823 2605 :
854 2548 949 2603 sed
966 2550 1160 2607 rectius
1180 2550 1258 2603 fo-

226 2645 307 2687 ret
317 2635 569 2702 fecer-ane.
598 2632 835 2685 Ennssr.

299 2744 372 2753 -
392 2716 671 2783 Majeseatis
690 2715 889 2763 crimen.
918 2709 1032 2763 Hoc
1059 2721 1138 2761 est
1154 2747 1170 2773 ,
1201 2719 1263 2762 ut

231 2804 379 2852 tanto
392 2792 603 2850 facilius
621 2790 924 2867 majestatis,
938 2809 1075 2861 quos
1088 2788 1263 2855 vellet,

230 2872 534 2927 damnaret.
545 2873 723 2927 Tanto
739 2872 884 2925 enim
902 2868 1264 2923 vehementius

232 2954 556 3027 puniuntur,
570 2954 668 3027 qui
680 2952 1031 3025 imperatoris,
1042 2950 1125 3003 vel
1138 2949 1266 3013 vivi,

230 3034 319 3088 vel
367 3034 565 3091 mortui
610 3037 937 3107 majestatem
982 3030 1265 3091 minuunt,

233 3112 385 3189 quod
401 3112 713 3185 religionem
736 3112 897 3167 etiam
916 3109 1141 3163 deorum
1160 3108 1271 3163 vio-

236 3194 375 3247 lasse
394 3204 700 3247 censentur.
722 3192 859 3246 Hinc
880 3193 1153 3261 rmjescatis
1170 3190 1269 3241 cri-

238 3295 349 3327 men
375 3273 612 3337 ἀσιὸιὶιις
636 3272 851 3327 nomine
877 3271 1071 3343 passim
1098 3267 1273 3343 appel-

238 3356 311 3409 lat
332 3354 472 3419 Dio,
496 3366 613 3409 tum
640 3353 694 3405 iu
725 3354 837 3423 ipso
862 3349 1112 3413 Tiberin,
1139 3368 1195 3402 v.
1215 3366 1268 3419 g.

242 3434 337 3490 lib.
362 3434 689 3507 Lv11,pag.
716 3436 844 3501 607,
873 3432 954 3493 E,
981 3442 1098 3485 tum
1121 3428 1271 3486 alias.

242 3514 309 3568 Et
326 3526 519 3569 notum
534 3512 691 3577 illud,
711 3516 856 3581 impie
875 3515 1063 3565 Iocutus
1070 3528 1278 3579 parmu-

244 3599 401 3649 larius
434 3604 501 3647 ex
534 3594 753 3648 Sueton.
790 3590 986 3645 Domit.
1015 3606 1099 3643 ιο.
1131 3580 1275 3643 A'dd.

242 3675 384 3732 intra
410 3674 515 3738 33,
545 3678 574 3727 3
604 3683 655 3725 et
678 3672 732 3737 4.
754 3667 1093 3745 Respondent
1119 3667 1279 3741 igitur

246 3754 333 3813 his
358 3753 567 3817 verbis,
593 3754 782 3809 ordine
809 3751 939 3805 nihil
964 3751 1279 3813 immutate,

251 3834 385 3899 ista,
426 3854 527 3885 mm
560 3836 635 3885 ad
658 3848 839 3885 metum
873 3832 1066 3885 civium.
1096 3830 1281 3903 Neque

252 3924 429 3967 tamen
448 3932 559 3971 non
578 3912 769 3975 fateor,
788 3930 872 3965 me
891 3910 959 3961 ab
974 3908 1139 3961 altera
1153 3927 1281 3980 quo-

255 4012 359 4067 que
390 3994 553 4067 hujus
590 3992 697 4045 loci
737 3990 958 4043 lectione
994 3988 1243 4043 solicitari
1264 4028 1280 4052 ‚

260 4077 534 4143 majestatis
550 4091 729 4124 numen
757 4073 1023 4121 induceret.
1041 4068 1285 4124 Tiberius

262 4154 415 4207 etiam
442 4152 585 4228 apud
606 4150 879 4215 Tacitum,
906 4147 1100 4204 Auual.
1122 4148 1170 4213 1,
1194 4150 1283 4216 73,

1348 1827 1618 1901 rescripsit
1633 1832 1980 1888 consulibus:
2009 1839 2124 1887 Non
2158 1839 2270 1888 ideo
2295 1841 2380 1890 de-

1349 1923 1535 1962 cretum
1552 1915 1698 1978 paeri
1721 1932 1820 1966 suo·
1829 1917 2002 1966 eaelmn
2011 1953 2030 1976 ‚
2061 1931 2120 1967 ιιι
2142 1920 2196 1968 in
2211 1921 2382 1985 perni-

1350 1991 1476 2040 ciem
1500 1991 1674 2044 civium
1693 1995 1736 2043 is
1754 1995 1916 2045 bonor
1929 2008 2217 2048 verteretur.
2231 1995 2382 2062 Quid

1352 2067 1395 2120 si
1426 2065 1574 2122 dedit
1593 2069 1798 2125 Plinius
1814 2113 1831 2138 ‚
1859 2091 1969 2128 una
1996 2073 2150 2130 litera
2171 2077 2350 2130 minus
2363 2115 2382 2140 ,

1354 2162 1411 2200 ue
1447 2151 1704 2218 majerum·
1739 2171 1918 2204 numen
1963 2158 2238 2217 induceret,
2277 2157 2382 2210 hoc

1354 2240 1470 2292 est,
1497 2244 1552 2282 ιιι
1573 2233 1827 2299 majestati
1843 2231 2224 2305 imperatorum
2241 2240 2386 2290 indu-

1354 2323 1484 2361 ceret
1511 2309 1725 2375 velum,
1766 2324 2074 2387 vestemque
2107 2317 2385 2373 venerabi-

1354 2386 1483 2452 lem,
1501 2409 1682 2441 numen
1693 2349 1958 2458 divinum,
1980 2414 2152 2467 eoque
2165 2398 2386 2451 obtentu

1353 2478 1508 2523 tanto
1519 2470 1761 2525 acerbius
1779 2490 1895 2527 eam
1911 2488 2086 2545 posset
2099 2476 2387 2531 vindicare·

1354 2548 1424 2601 Et
1440 2546 1600 2603 video
1617 2550 1775 2605 etiam
1795 2552 2114 2609 Heumanno
2129 2557 2389 2628 placuisse

1358 2642 1415 2685 ut
1428 2632 1683 2699 majestati
1695 2652 1798 2683 sace
1813 2653 1991 2687 numen
2005 2639 2270 2691 induceret.
2285 2636 2390 2693 Sed

1358 2710 1544 2760 crimen
1593 2710 1778 2765 firmat
1834 2713 2274 2783 Schwarzianus,
2339 2729 2392 2771 et

1359 2788 1697 2844 Arntzenius.
1709 2790 1918 2845 Ernesti
1929 2806 2108 2847 autem
2121 2815 2272 2849 meus
2289 2796 2392 2868 legi

1360 2866 1512 2919 vult:
1531 2888 1708 2921 nomen
1726 2873 2001 2937 majestatis
2021 2876 2310 2929 induceret:
2335 2888 2393 2929 ut
2465 2914 2473 2925 .

1362 2959 1442 2999 est
1474 2948 1618 3019 apud
1645 2949 1759 3003 Cic.
1789 2950 1980 3005 Fama.
2009 2954 2071 3018 1,
2097 2957 2168 3007 6:
2197 2959 2392 3009 Nomen

1354 3030 1493 3098 fieeoe
1530 3031 1778 3097 reli'gionIs
1816 3032 2088 3085 Indue-mm.
2127 3034 2198 3086 G.
2232 3065 2300 3077 -—
2333 3041 2399 3086 Ue

1366 3109 1608 3165 irrideret.
1625 3108 1774 3174 Quid
1794 3108 1938 3164 Nero
1958 3111 2026 3167 de
2044 3112 2254 3169 Claudii
2274 3118 2397 3171 ἀπο-

1365 3188 1539 3244 θιῶσιι
1568 3189 1816 3253 sentiret,
1843 3190 2067 3282 pulchre
2095 3210 2398 3263 expressum

1369 3276 1449 3319 est
1473 3266 1530 3321 in
1551 3268 1891 3341 praeceptoris
1915 3270 2082 3342 ipsius
2101 3270 2263 3335 ludo,
2284 3272 2396 3325 scil.

1370 3348 1822 3407 ἀποκολοιωνθῶσιι
1845 3349 1913 3403 G.
1943 3351 2029 3404 Cf.
2055 3350 2226 3405 Tacit.
2253 3353 2396 3407 Αιιιι.

1370 3426 1505 3481 XHI
1521 3467 1536 3494 ,
1556 3447 1584 3483 ο
1600 3465 1617 3492 ,
1631 3440 1684 3483 et
1695 3428 2318 3485 Sueton.Ner.XXX111.
2333 3433 2398 3485 Ε.

1447 3528 1497 3561 2.
1517 3512 1781 3561 Sideribus.
1796 3546 1811 3561 .
1832 3548 1844 3561 .
1869 3512 2114 3563 abstulisti.
2137 3512 2404 3584 Antiquis-

1374 3588 1510 3643 sima
1549 3590 1642 3643 illa
1681 3592 2001 3653 ἅποθιώσιως
2037 3592 2176 3645 ratio
2210 3610 2224 3646 :
2273 3594 2402 3649 hinc

1375 3668 1528 3722 stella
1553 3670 1610 3725 in
1637 3668 1869 3723 nummis
1894 3674 2304 3727 consecrationis
2331 3675 2404 3728 si-

1376 3766 1540 3819 gnum
1557 3767 1570 3801 ε
1586 3748 1714 3803 hinc
1723 3751 1961 3803 sideribus
1973 3766 2170 3819 recepta
2183 3754 2238 3807 in
2250 3774 2406 3811 num.

1377 3830 1480 3881 mis
1506 3828 1756 3883 Faustina
1772 3866 1789 3893 ,
1813 3840 1916 3883 etc.
1937 3830 2064 3883 Vid.
2095 3832 2368 3889 LXXXIX
2387 3872 2404 3899 ,

1380 3927 1431 3961 2.
1453 3908 1523 3965 G.

1454 3990 1504 4043 3.
1532 3990 1631 4055 Qui
1659 4002 1711 4040 ee
1739 4008 1842 4041 sese
1861 3993 1996 4043 deos.
2027 3990 2234 4046 Horum
2261 3994 2404 4048 enim

1380 4068 1618 4131 interest,
1626 4086 1790 4140 quam
1801 4070 2127 4127 sanctissime
2138 4072 2262 4137 coli,
2271 4092 2408 4145 quos

1382 4148 1485 4220 ipsi
1515 4148 1570 4203 in
1601 4146 1824 4203 deorum
1849 4169 2132 4209 numerum
2157 4152 2404 4207 retulere.
