2857 4690
1096 357 1175 424 C.
1230 349 1576 426 PLINII
1623 357 2094 426 SECUNDI

534 480 620 549 ad
656 491 1089 574 conspectum
1132 479 1266 566 tui,
1298 481 1488 573 quasi
1531 479 1616 549 ad
1655 478 1936 548 salutem
1977 479 2464 572 sanitatemque
2503 503 2680 573 pro-

534 614 788 684 repere.
828 588 995 660 Inde
1026 588 1179 676 alii,
1214 615 1283 658 se
1324 579 1484 660 s‘atis
1511 590 1752 660 vixisse
1787 603 1854 658 te
1881 589 2060 676 viso,
2091 604 2156 658 te
2189 603 2494 682 recepto;
2521 589 2677 672 alii,

534 724 717 770 nunc
758 700 969 793 magis
1004 723 1145 769 esse
1172 700 1574 783 vivendum,
1606 699 2078 800 praedicabant.
2123 701 2432 769 Feminas
2467 701 2676 769 etiam

532 823 698 879 tunc
724 809 1173 879 foecunditatis
1208 827 1341 879 suae
1372 811 1659 879 maxima
1682 808 1990 903 voluptas
2017 809 2253 894 subiit,
2277 833 2488 903 quum
2523 835 2674 878 cer-

534 936 799 1008 nerent,
844 921 973 989 cui.
1010 921 1300 1016 principi
1346 922 1554 1009 cives,
1596 923 1704 990 cui
1751 921 2140 1016 imperatori
2183 919 2429 990 milites
2473 943 2678 1014 pepe-

465 1045 499 1106 4
536 1032 795 1100 rissent.
835 1030 1117 1100 Videres
1180 1031 1425 1100 referta
1478 1045 1652 1102 tecta
1696 1057 1776 1101 ac
1819 1029 2230 1117 laborantia,
2272 1055 2351 1100 ac
2391 1055 2478 1098 ne
2516 1055 2672 1098 eum

534 1141 805 1236 quidem
833 1155 1180 1210 vacantem
1219 1140 1476 1226 locum,
1511 1142 1630 1236 qui
1676 1166 1816 1210 non
1855 1143 1984 1210 nisi
2025 1165 2421 1235 suspensum
2479 1154 2545 1208 et
2579 1139 2678 1206 in-

532 1251 769 1321 stabile
804 1252 1160 1346 vestigium
1212 1266 1520 1346 caperet3
1563 1251 1870 1346 oppletas
1910 1249 2210 1344 undique
2249 1252 2422 1335 vias,
2465 1273 2674 1342 angu-

536 1376 847 1456 stumque
876 1343 1211 1429 tramitem
1241 1360 1548 1430 relictum
1579 1361 1742 1458 tibi3
1771 1361 2058 1431 alacrem
2093 1360 2254 1430 hinc
2283 1375 2492 1454 atque
2519 1357 2675 1427 inde

470 1482 499 1534 5
536 1471 897 1566 populum,
928 1471 1177 1566 ubique
1206 1495 1329 1565 par
1355 1470 1676 1566 gaudium
1705 1495 2072 1566 paremque
2095 1469 2481 1540 clamorem.
2505 1473 2672 1538 Tam

536 1581 807 1677 aequalis
834 1582 919 1651 ab
956 1583 1269 1651 omnibus
1306 1607 1387 1651 ex
1426 1579 1720 1651 adventu
1759 1597 1878 1652 tuo
1914 1581 2141 1651 laetitia
2177 1595 2492 1676 percepta
2535 1593 2669 1661 est,

538 1717 739 1786 quam
776 1692 1089 1762 omnibus
1114 1695 1351 1762 venisti
1385 1719 1401 1761 ε
1432 1717 1582 1787 quae
1610 1708 1831 1763 tamen
1861 1694 2003 1788 ipsa
2035 1715 2190 1761 cum
2221 1691 2528 1785 ingressu
2559 1703 2675 1756 tuo

538 1801 895 1898 crevit‚.ac
930 1827 1144 1898 prope
1184 1805 1254 1872 in
1293 1801 1593 1898 singulos
1629 1803 1874 1898 gradus
1913 1802 2198 1872 adaucta
2238 1815 2356 1870 est.

636 1916 894 1984 XXIII.
931 1917 1216 1984 Gratum
1258 1929 1403 1982 erat
1435 1916 1732 1998 eunom,
1756 1913 1938 2008 quod
1961 1927 2268 1982 senatum
2301 1910 2538 1980 osculo
2565 1935 2674 1978 ex·

536 2024 829 2120 cipereS,
872 2039 950 2092 ut
992 2025 1299 2094 dimissus
1340 2023 1572 2094 osculo
1613 2023 1869 2109 fueras3
1912 2036 2214 2118 gratum,
2255 2020 2440 2115 quod
2483 2045 2674 2114 eque-

538 2137 690 2205 stris
718 2134 970 2204 ordinis
992 2135 1235 2205 decora
1256 2135 1516 2204 honore
1537 2135 1892 2205 nominum
1926 2134 2068 2202 sine
2097 2133 2434 2200 monitore
2455 2132 2677 2224 signa-

538 381 675 451 270

1657 2316 1750 2371 sed
1773 2319 2032 2387 oequaliter
2059 2315 2226 2387 magis
2251 2314 2504 2369 convenit
2527 2325 2680 2367 extre-

1657 2398 1756 2450 mis
1771 2436 1786 2460 ,
1807 2414 1924 2468 quae
1947 2395 2002 2448 id
2021 2414 2188 2469 prope
2208 2394 2474 2466 flagitant.
2492 2394 2680 2447 Sensus

610 2321 665 2383 4.
693 2326 853 2372 Tecta.
867 2321 1133 2393 Supremae
1145 2315 1522 2390 aedium'partes
1540 2356 1557 2383 ,

538 2402 723 2453 vicina!
749 2401 917 2452 tectis.
950 2402 1030 2451 An
1060 2411 1111 2451 et
1140 2400 1251 2470 ipsa
1277 2411 1413 2452 tecta
1439 2418 1561 2470 pro-

538 2499 593 2550 pi
604 2482 653 2532 ie
677 2480 855 2551 capis,
882 2498 999 2551 quae
1025 2480 1187 2551 plana
1213 2492 1264 2532 et
1292 2490 1558 2533 constrata

540 2578 681 2631 saepe
712 2560 838 2610 olim
869 2595 885 2621 ,
934 2558 1161 2629 ideoque
1209 2571 1331 2630 apta
1372 2558 1558 2611 insisti.

541 2638 644 2689 En.
662 2669 730 2678 —-
754 2642 1076 2690 Labor-antia.
1102 2638 1183 2690 Ita
1211 2650 1428 2691 onerata
1458 2676 1474 2702 ,
1503 2649 1564 2690 ut

540 2714 705 2787 pandi
730 2753 747 2779 ,
776 2728 827 2768 et
860 2715 1049 2768 minari
1080 2717 1287 2769 ruinam
1319 2716 1564 2770 videren-

540 2806 647 2848 tur.
668 2794 1052 2863 &Suspensum
1074 2834 1086 2847 .
1109 2833 1122 2847 .
1144 2800 1426 2865 vestigium.
1443 2798 1562 2850 Ele-

541 2888 730 2945 ganter
745 2912 761 2939 ‚
785 2874 854 2928 de
878 2875 1000 2929 loco
1018 2916 1034 2941 ,
1062 2894 1171 2947 quo
1199 2876 1317 2948 quis
1340 2876 1526 2928 nititur
1545 2916 1561 2941 ,

542 2955 616 3008 ita
650 2966 876 3025 angusto
898 2992 914 3017 ,
967 2966 1027 3007 ut
1062 2972 1171 3008 non
1209 2968 1373 3009 totam
1412 2954 1563 3027 pedis

540 3034 779 3105 plantam
802 3072 817 3098 ‚
846 3032 939 3085 sed
966 3044 1025 3086 ut
1050 3032 1243 3104 digitos
1272 3035 1409 3087 solos
1428 3073 1444 3099 ‚
1481 3034 1562 3086 vel

542 3116 739 3168 calcem
772 3126 873 3167 etc.
903 3116 1096 3185 capiat.
1122 3114 1191 3167 G.
1208 3113 1560 3167 ——Assentior

540 3197 588 3247 J.
617 3196 683 3247 A.
710 3192 951 3247 Ernestio
972 3230 988 3255 ,
1022 3194 1276 3247 minutius
1308 3193 1412 3246 hoc
1447 3210 1560 3247 esse

544 3274 817 3329 arbitranti
840 3310 855 3335 ,
894 3290 1055 3344 quam
1091 3291 1189 3343 pro
1235 3284 1419 3326 caeteta
1464 3272 1560 3329 de·

548 3355 847 3427 scriptionis
858 3352 1273 3424 magnificentia.
1287 3353 1339 3405 S.

616 3436 666 3487 5.
701 3439 861 3501 Quam
884 3472 899 3497 ‚
929 3432 985 3485 id
1012 3444 1089 3486 est
1105 3471 1122 3493 ,
1156 3452 1307 3499 quam
1332 3435 1558 3500 (equalis.

544 3514 663 3566 Non
673 3513 835 3569 audio
848 3512 937 3566 hic
947 3514 998 3565 J.
1010 3514 1075 3565 A.
1091 3512 1386 3564 Ernestium
1396 3551 1409 3563 .
1421 3511 1476 3564 S.
1491 3542 1562 3552 --

552 3600 673 3645 Tam
704 3596 909 3661 (equalis
932 3597 997 3645 ab
1022 3596 1241 3643 omnibus
1262 3594 1438 3642 Ioeeiu'a
1451 3610 1565 3657 per*-

547 3688 691 3739 cepta
732 3688 821 3724 ese.
858 3672 1005 3723 Libri
1044 3670 1173 3723 editi
1214 3682 1415 3723 veteres
1456 3670 1566 3723 sere

546 3751 749 3803 habent
786 3755 1045 3819 aqualiter
1062 3788 1077 3814 ‚
1112 3749 1204 3803 sed
1234 3750 1415 3822 scripti
1455 3749 1566 3803 fere

548 3834 753 3897 ‹equalis
780 3866 795 3893 ,
836 3848 970 3901 quos
1010 3842 1264 3901 sequutus
1298 3841 1409 3891 est,
1448 3840 1566 3900 post

548 3908 759 3979 longam
774 3908 1155 3962 dubitationem
1175 3948 1190 3973 ,
1206 3909 1534 3963 Schwarzius
1550 3946 1566 3971 ,

550 4008 677 4043 usus
689 3988 791 4041 hac
804 3987 1005 4041 ratione
1022 4024 1038 4051 ,
1052 3988 1199 4059 quod
1210 4009 1315 4057 par
1326 3992 1566 4057 gandium

550 4080 599 4123 et
604 4088 711 4137 par
726 4071 915 4119 clamor
928 4066 1192 4137 proeeedit.
1207 4068 1319 4121 Nec
1338 4066 1566 4120 dubitari

546 4160 746 4221 potest,
768 4156 907 4200 recte
932 4144 1035 4200 dici
1054 4151 1295 4213 ‹equale-m
1314 4150 1536 4199 laetitiam
1549 4168 1568 4198 .·

1657 2477 1935 2531 manifeste
1949 2488 2026 2529 est
2044 2495 2057 2527 :
2085 2487 2196 2528 tam
2211 2474 2484 2546 aequaliter
2501 2491 2678 2526 omnes

1657 2557 1814 2610 laetati
1836 2568 1982 2618 sunt,
2002 2574 2165 2628 quam
2182 2550 2478 2625 aequaliter,
2501 2552 2582 2605 vel
2599 2570 2680 2622 pn·

1659 2637 1786 2690 riter
1826 2636 2073 2688 omnibus
2113 2634 2324 2686 venisti.
2379 2634 2445 2684 In
2499 2632 2678 2683 ultimo

1660 2716 1920 2769 omittitur
1962 2714 2184 2766 verbum
2223 2724 2276 2764 et
2315 2710 2630 2781 intelligitur
2653 2727 2680 2760 e

1659 2797 1834 2868 primo
1845 2795 2106 2847 membro.
2123 2794 2260 2845 Nam
2279 2830 2296 2855 ,
2309 2810 2462 2859 quam
2482 2791 2682 2857 aequalis

1661 2878 1879 2926 omnibus
1899 2876 2104 2936 venisti,
2125 2872 2360 2942 ineptum
2375 2870 2434 2923 h.
2463 2870 2502 2921 l.
2535 2869 2680 2921 foret.

1659 2952 1963 3009 Secundum
2005 2952 2120 3004 haee
2165 2949 2532 3003 necessarium
2571 2957 2680 3011 est,

1660 3032 1933 3104 scripsisse
1954 3030 2184 3083 Plinium
2202 3019 2312 3081 tion
2338 3032 2552 3097 aequalis
2566 3065 2581 3091 ,
2599 3024 2682 3079 sed

1659 3116 1934 3180 (equaliter.
1962 3110 2102 3163 Em!-

1728 3191 1933 3243 XXIII.
1962 3208 2008 3243 1.
2039 3192 2236 3241 Oscula.
2256 3189 2322 3240 In
2337 3204 2449 3258 quo
2469 3184 2677 3258 superbi

1653 3272 1942 3345 principes.
1967 3272 2044 3321 De
2067 3268 2310 3339 Caligula
2331 3266 2434 3317 Dio
2455 3303 2472 3328 ,
2509 3266 2552 3319 l.
2587 3270 2648 3333 59
2667 3301 2681 3326 ‚

1657 3372 1711 3423 p.
1727 3354 1854 3414 661,
1889 3352 1932 3401 A
1951 3367 1965 3402 ε
1985 3340 2149 3422 &pilu
2171 3350 2460 3419 ὀλιγίστους·
2483 3350 2586 3408 τιῖς
2597 3352 2682 3417 γὰρ

1655 3438 1904 3493 πλείστοις
1932 3432 2014 3483 καὶ
2035 3438 2132 3484 τῶν
2153 3430 2529 3499 συμβουλιυτῶν
2547 3429 2581 3485 ἢ
2603 3428 2686 3481 τὴν

1651 3516 1798 3584 χεῖρα.
1823 3514 1856 3569 ἢ
1877 3514 1956 3565 τὸν
1982 3508 2123 3563 πόδα
2149 3510 2434 3580 προσκυνεῖν
2467 3508 2617 3578 ὧρεγι
2640 3526 2683 3557 κ.

1660 3614 1710 3646 τ.
1755 3600 1804 3645 λ.
1839 3590 1964 3643 Fuit
2017 3590 2194 3659 itaque
2233 3598 2469 3639 vetustus
2521 3587 2684 3635 Rome

1661 3689 1776 3723 mos
1813 3668 2004 3741 pedem
2045 3664 2394 3721 osculandum
2437 3664 2681 3734 praebere.

1664 3748 1795 3802 Vid.
1821 3748 1889 3801 de
1916 3749 2048 3801 Caio
2081 3749 2238 3801 etiam
2265 3746 2388 3798 Sen.
2417 3742 2488 3794 de
2517 3740 2681 3793 benef.

1664 3828 1720 3879 11
1743 3864 1759 3891 ‚
1798 3846 1859 3880 υ
1901 3839 1953 3879 et
1979 3827 2128 3897 Lips.
2157 3825 2324 3876 Elect.
2357 3822 2445 3885 11,
2477 3824 2532 3873 6.
2563 3830 2681 3872 extr.

1664 3906 1784 3959 Add
1794 3948 1806 3959 .
1817 3908 2013 3961 Sueton
2024 3946 2036 3958 .
2049 3924 2094 3957 c.
2109 3906 2195 3957 56.
2211 3904 2288 3954 Ac
2303 3900 2370 3953 de
2387 3899 2683 3952 Domitiano

1665 4006 1714 4040 c.
1753 4006 1834 4040 ια.
1854 3986 1924 4044 G.
1941 4016 2012 4027 —-·-
2033 3990 2234 4037 Honore
2267 3984 2538 4033 nominum.
2566 3978 2684 4030 Prae-

1664 4064 1892 4119 nominis
1935 4064 2223 4137 praesertim
2253 4100 2269 4125 ,
2313 4080 2425 4132 quo
2475 4060 2684 4127 gaudent

1665 4150 1830 4198 molles
1847 4148 2110 4210 auricula,
2135 4142 2204 4197 ad
2235 4158 2398 4213 quam
2425 4140 2550 4192 rei!
2563 4154 2682 4208 opus
