2857 4690
757 338 1259 408 PANEGYR.
1312 338 1531 407 CAP.
1588 320 1788 407 mv.
2197 314 2336 413 323

200 464 308 535 los
327 516 351 551 ‚
388 487 571 532 nunc
606 486 863 531 menses
898 461 1099 531 etiam
1126 514 1145 547 ,
1190 484 1313 529 nec
1352 459 1477 528 hos
1517 458 1814 554 singulos
1842 514 1862 546 ,
1907 462 2164 530 nomini
2199 467 2337 531 Cae-

205 600 435 645 sarum
475 572 877 642 dicabamuS.
915 571 1351 639 patiebantur
1386 569 1519 656 ini,
1557 586 1658 657 et,
1694 570 1882 664 quasi
1917 572 2341 659 meruissent,

206 685 635 753 latabantur.
668 684 758 750 At
784 706 968 749 nunc
994 682 1143 775 quis
1176 679 1518 764 nostrum,
1545 695 1862 774 tanquam
1895 680 2141 751 oblitus
2167 682 2344 774 ejus,
2379 694 2410 747 5

207 795 295 862 de
333 817 474 887 quo
506 792 823 876 refertur,
863 790 1172 860 censendi
1210 790 1508 859 officium
1545 791 1866 885 principis
1895 790 2152 861 honore
2179 816 2342 861 con·-

208 903 484 973 sumit?
532 906 694 971 Tuae
738 899 1217 969 moderationis
1261 899 1405 969 laus
1449 900 1592 969 haec
1636 902 2009 971 constantia
2069 918 2294 971 nostra
2323 926 2354 969 ι

210 1014 339 1080 tibi
384 1012 837 1105 obsequimur,
872 1009 1053 1103 quod
1088 1010 1161 1077 in
1196 1012 1485 1097 curiam,
1521 1034 1658 1077 non
1691 998 1798 1079 ads
1819 1027 2154 1079 certamen
2185 1011 2346 1080 adu-

212 1122 588 1205 lationum,
624 1121 733 1191 sed
787 1120 871 1189 ad
916 1144 1113 1188 usum
1164 1144 1540 1214 munusque
1567 1120 1842 1212 justitiae
1868 1122 2302 1191 convenimus
2328 1175 2349 1210 ,

212 1235 397 1303 lianc
426 1230 836 1324 simplicitati
864 1244 993 1299 tuae
1030 1230 1430 1323 veritatique
1457 1230 1736 1321 gratiam
1775 1229 2048 1299 relaturi
2076 1284 2096 1317 ‚
2131 1245 2208 1299 ut
2237 1246 2302 1299 te
2329 1285 2349 1317 ‚

217 1368 375 1436 quae
414 1343 514 1409 vis
538 1394 559 1425 ,
590 1339 795 1425 velle,
832 1364 978 1431 quoe
1013 1364 1152 1407 non
1190 1338 1323 1425 viS,
1364 1336 1544 1407 nolle
1579 1337 1943 1411 credamus.
1983 1340 2350 1434 Incipimus
2387 1369 2420 1418 6

218 1450 815 1535 inde,·desinimus
852 1448 981 1532 ibi,
1016 1474 1053 1517 a
1081 1474 1217 1542 quo
1258 1448 1500 1542 incipi,
1535 1450 1606 1515 in
1647 1473 1781 1541 quo
1818 1448 2027 1517 desini
2065 1449 2188 1517 sub
2219 1448 2350 1519 alio

218 1562 533 1658 principe
566 1583 701 1627 non
734 1561 1157 1653 posset.Nam
1188 1558 1538 1653 plerosque
1570 1582 1652 1627 ex
1679 1558 1960 1627 decretis
1981 1560 2352 1629 honoribus

218 1690 291 1743 et
308 1672 428 1741 alii
454 1696 591 1739 non
625 1682 1059 1762 receperunt3
1088 1663 1289 1735 nemo*
1314 1682 1469 1737 ante
1497 1680 1726 1735 tantus
1755 1666 1915 1753 fuit,
1943 1683 2018 1737 ut
2051 1668 2351 1736 credere-

222 1802 341 1851 tur
376 1780 665 1851 noluisse
695 1778 955 1847 decerni
981 1802 998 1845 :
1044 1775 1227 1871 quod
1257 1801 1381 1870 ego
1413 1774 1628 1845 titulis
1653 1778 1964 1846 omnibus
1993 1778 2356 1871 speciosius

222 1919 419 1977 reor,
448 1889 719 1985 quando
758 1913 895 1957 non
939 1886 1243 1955 trabibus
1294 1900 1411 1954 aut
1457 1887 1628 1953 saxis
1677 1910 1922 1955 nomen
1965 1901 2189 1971 tuum,
2239 1886 2354 1953 sed

224 1999 688 2069 monumentis
736 2012 994 2073 aeternae
1038 1995 1251 2081 laudis
1292 1994 1634 2091 inciditur.

220 2204 313 2271 gia
346 2182 691 2269 (frontispIcia
713 2199 1069 2265 autfi-ontones
1096 2195 1256 2248 hodie
1412 2196 1462 2250 5.
1475 2204 1588 2247 Tua·
1598 2197 2238 2264 moderationislaus.Quod
2246 2202 2356 2271 jam

226 2286 457 2350 vocant)
480 2278 629 2331 locus
648 2276 749 2330 iuis
761 2275 1051 2329 destinatus
1072 2288 1124 2328 et
1138 2294 1257 2348 pro-
1340 2294 1450 2329 non
1463 2275 1604 2329 leves
1622 2275 1942 2339 adulatores,
1957 2276 2049 2330 sed
2067 2289 2359 2330 constantes

227 2361 385 2432 prius
410 2377 425 2411 :
470 2357 723 2428 eiemplo·
745 2369 821 2410 est
856 2357 1029 2427 prima
1064 2357 1155 2410 illa
1200 2357 1257 2408 in
1346 2369 1397 2409 et
1422 2375 1607 2427 graves
1628 2349 1892 2410 senatores
1913 2377 2093 2411 sumus
2117 2395 2134 2420 ‚
2157 2356 2224 2410 ad
2253 2377 2362 2410 mo-

228 2439 557 2491 Gruteriano
617 2455 839 2508 corpore
888 2435 1109 2488 Panthei
1180 2436 1259 2486 in-

229 2517 465 2588 scriptio.
480 2517 657 2581 Quam
668 2534 802 2586 opus
814 2514 971 2567 fuerit
989 2515 1091 2568 hac
1101 2515 1261 2566 adno-

232 2597 458 2656 tatione,
470 2593 960 2648 ostenditArntzenii
970 2594 1127 2664 longa
1136 2592 1263 2644 deli·

232 2675 373 2730 ratio
386 2713 403 2738 ‚
424 2675 517 2746 qui
540 2671 793 2728 Perizonii
815 2673 1026 2726 brevem
1048 2671 1262 2724 adnota-

232 2747 436 2807 tionem
448 2751 685 2824 ejusdem
694 2755 965 2804 ‘sententie
975 2769 1079 2804 non
1100 2749 1259 2821 cepit.

234 2835 307 2888 G.
332 2863 403 2874 —·
426 2839 615 2884 Menses
628 2867 779 2882 .....
790 2832 977 2882 nomini
997 2834 1262 2881 Caesarum.

236 2911 403 2978 Quod
418 2912 473 2962 in
486 2914 618 2962 lulio
634 2923 686 2962 et
696 2916 920 2978 Augusto
929 2917 1263 2966 successerat,

236 2989 379 3044 illud
418 2989 606 3059 imfiari
653 2989 861 3040 fortuna
907 2999 1163 3040 tentatum
1200 2985 1268 3037 ab

238 3070 384 3124 aliis.
403 3066 642 3138 Caligula
668 3093 689 3114 ι
716 3066 767 3117 in
782 3067 945 3137 patris
960 3064 1279 3118 memoriam·

236 3147 601 3219 Septembrem
632 3144 1005 3198 Germanicum
1038 3142 1267 3213 appella·

240 3228 318 3279 vit
338 3251 360 3271 n
384 3225 528 3280 Suet.
548 3225 669 3276 XV.
693 3225 834 3276 Nero
856 3221 1041 3275 eodem
1069 3233 1197 3273 teste
1216 3239 1267 3272 c.

241 3305 343 3358 LV
362 3343 379 3367 ,
406 3331 431 3348 a
451 3321 687 3356 mensem
708 3301 939 3374 Aprilem
975 3303 1271 3354 Neroneum

243 3383 553 3456 appellavit.
567 3407 592 3426 n
608 3382 941 3434 Domitianus
948 3380 1273 3452 (Sucaxlu)

250 3491 271 3510 .-
292 3462 655 3536 Septembrem
674 3479 903 3514 mensem
916 3473 965 3512 et
987 3458 1273 3512 Octobrem

246 3561 313 3594 ex
330 3540 771 3612 appellationibus
782 3540 889 3592 suis
897 3539 1273 3592 Germanicum

246 3621 720 3691 Domitianumque
762 3618 1213 3672 transnominavit.
1246 3641 1269 3662 a

248 3699 433 3750 Utitur
452 3699 534 3750 his
553 3698 859 3750 nominibus
875 3697 1151 3761 Martiam,
1168 3695 1242 3746 1x
1256 3735 1277 3761 ,

256 3805 279 3824 ιι
298 3775 401 3830 Sed
417 3777 507 3830 ubi
521 3777 629 3828 insa
636 3788 812 3830 ustum
826 3777 1139 3838 vocabulum
1154 3781 1173 3844 (
1188 3793 1279 3827 au-

249 3855 337 3908 dis
348 3856 593 3908 Macrob.
602 3855 711 3908 Sat.
728 3857 777 3920 1,
795 3874 813 3906 1
828 3873 855 3907 2
877 3857 1037 3920 extr.)
1053 3874 1117 3906 ex
1131 3852 1279 3906 omni

252 3953 357 3986 aere
384 3935 466 3987 vel
486 3952 615 3986 saxo
646 3933 842 4002 placuit
868 3931 1013 3986 eradi
1034 3971 1051 3996 ,
1074 3949 1279 3986 menses

252 4031 469 4084 quoquc
498 4011 838 4082 usurpatione
872 4005 1167 4082 tyrannicae'
1186 4010 1279 4062 ad-

256 4091 557 4162 pellatiouis
583 4089 721 4142 exuti
746 4103 886 4142 sunt.
916 4091 1030 4148 »‚G.

1343 2433 1628 2486 derationis
1646 2447 1747 2488 tuae
1760 2435 1970 2489 laudem
1992 2436 2239 2508 pertinet,
2255 2456 2364 2510 qua
2431 2449 2441 2456 '

1345 2511 1658 2566 adulationis
1679 2514 1734 2566 id
1749 2534 1916 2585 genus
1935 2515 2156 2587 respuis,
2175 2515 2364 2569 Adhuc
2397 2516 2401 2520 ’

1345 2593 1413 2644 ita
1433 2593 1648 2656 lectum,
1663 2608 1760 2644 tum
1780 2599 2127 2646 moderationis
2139 2599 2243 2646 laaec
2255 2598 2364 2646 laus

1348 2675 1624 2724 constantia
1657 2688 1826 2725 nostra
1844 2697 1864 2725 .·
1892 2693 2008 2747 quae
2041 2694 2208 2746 quum
2239 2693 2368 2728 sana

1346 2752 1502 2804 lectio
1541 2751 1671 2803 mihi
1706 2771 1814 2806 non
1862 2753 2125 2806 videretur
2145 2792 2160 2817 ,
2207 2771 2366 2808 ausus

1348 2847 1468 2882 sum
1489 2841 1612 2882 ante
1633 2829 1732 2884 hos
1749 2843 1853 2884 tres
1867 2849 2031 2884 annos
2049 2831 2367 2886 medicinam

1349 2909 1536 2970 nimis,
1558 2920 1617 2959 ut
1635 2928 1780 2962 nunc
1807 2909 2016 2962 videtur
2036 2946 2052 2972 ,
2083 2910 2368 2964 vehemen-

1352 2999 1458 3040 tem
1493 2986 1764 3040 adhibere.
1799 2989 2061 3060 Legebam
2087 3025 2104 3050 ,
2143 3003 2240 3040 τηαν
2275 3009 2371 3040 mo-

1354 3067 1618 3116 derationis
1650 3070 1753 3118 Iaoec
1785 3071 1895 3118 laus
1915 3106 1932 3128 ,
1981 3088 2047 3118 an
2083 3071 2370 3118 constancia.-

1353 3159 1533 3194 nostra·
1548 3153 1577 3194 ‚³
1595 3163 1756 3215 quam
1785 3147 2000 3218 juvabat
2024 3182 2039 3209 ,
2080 3145 2224 3217 quod
2252 3165 2372 3196 con-

1353 3225 1552 3294 stantia·
1587 3241 1764 3278 nostrae
1792 3226 1901 3298 jam
1933 3226 2134 3296 'legitur
2165 3225 2221 3276 in
2257 3225 2372 3295 qui·

1354 3298 1576 3378 busdam
1590 3302 1795 3357 libris.J
1797 3324 1882 3358 am
1899 3303 2184 3358 faciliorem
2196 3303 2368 3374 longe,

1358 3395 1409 3435 et
1427 3421 1444 3446 ,
1460 3396 1588 3454 puto
1603 3420 1619 3446 ,
1641 3401 1819 3436 veram
1837 3383 2092 3436 rationem
2110 3383 2374 3452 ingressus

1358 3480 1476 3514 sum
1493 3498 1511 3525 ,
1533 3462 1861 3532 transpositis
1881 3459 2044 3512 modo
2069 3459 2276 3514 duabus
2289 3481 2376 3512 vo·

1359 3540 1508 3592 cibus
1535 3539 1944 3610 monosyllabis;
1972 3557 2080 3610 quo
2111 3539 2238 3610 quid
2276 3559 2374 3610 po-

1359 3630 1460 3672 test
1485 3637 1597 3672 esse
1617 3615 1861 3670 blandius
1881 3616 1904 3668 Ρ
1928 3616 1998 3668 G.

1431 3715 1486 3768 7.
1509 3700 1740 3748 Trabibus
1763 3711 1852 3746 aut
1869 3698 2008 3746 saxis
2019 3707 2120 3746 etc.
2133 3695 2252 3748 Non
2275 3693 2376 3749 dis·

1363 3776 1586 3848 tinguit,
1600 3787 1730 3846 puto
1746 3811 1762 3836 ,
1788 3773 2082 3836 materiam,
2104 3776 2255 3844 quasi
2273 3787 2377 3828 tra-

1364 3857 1456 3908 bes
1481 3865 1682 3906 tantum
1701 3851 1804 3902 sint
1829 3853 2046 3923 ligneam
2071 3850 2162 3904 scd
2189 3859 2378 3916 trabes,

1366 3934 1468 3986 hoc
1497 3941 1574 3984 est
1593 3929 1864 4002 ,epistylia
1892 3940 2148 3982 tectorum
2174 3968 2191 3993 ,
2213 3933 2378 3984 moles

1366 4023 1682 4064 transversas
1695 4005 1954 4060 columnis
1967 4007 2256 4080 impositas,
2265 4027 2380 4080 quae

1367 4085 1686 4159 excipiendis
1706 4087 2130 4160 inscriptionibus
2141 4105 2204 4140 ac
2223 4089 2384 4142 titulis

1959 4211 2082 4256 21.
