2857 4690
447 375 588 452 256

1019 379 1099 446 C.
1153 375 1497 446 PLINII
1547 375 2021 445 SECUNDI

444 517 706 600 putant.
741 501 874 572 Sed
913 500 1070 572 licet
1111 495 1297 570 illum
1337 499 1503 586 ariS‚
1535 497 2039 593 pulvinaribus,
2074 499 2346 568 flamine
2378 499 2605 586 colas;

443 639 580 683 non
613 611 747 682 alio
774 612 988 706 magis
1019 625 1244 680 tamen
1274 608 1475 678 deum
1498 622 1570 676 et
1595 608 1759 678 facis
1785 623 1855 677 et
1882 609 2160 704 probas,
2180 635 2381 706 quam
2406 611 2601 706 quod

444 730 586 822 ipse
607 727 758 798 talis
794 751 886 796 es.
926 729 1004 796 In
1039 726 1349 821 principe
1385 723 1606 810 enim,
1642 723 1760 819 qui
1793 722 2008 794 electo
2038 749 2416 795 successore
2452 724 2599 796 fato

441 841 806 926 concessit,
843 863 981 907 una
1019 836 1387 932 eademque
1428 833 1800 904 certissima
1846 833 2218 905 divinitatis
2254 835 2421 906 fides
2460 851 2599 920 est,

369 952 409 1015 4
441 952 660 1020 bonus
695 973 1057 1021 successor.
1100 950 1284 1016 Num
1334 967 1500 1039 ergo
1536 943 1661 1012 tibi
1694 967 1777 1012 ex
1827 942 2331 1016 immortalitate
2380 946 2599 1040 patris

441 1061 697 1158 aliquid
733 1041 1148 1155 arrogantiae·
1167 1055 1489 1128 accessit?
1514 1079 1681 1124 num
1716 1055 1841 1125 hos
1874 1058 2217 1150 proximos
2242 1057 2599 1130 divinitate

438 1185 796 1267 parentum
833 1169 1092 1240 desides
1131 1191 1208 1238 ac
1251 1167 1577 1261 superbos
1612 1165 1876 1260 potiuS,
1908 1191 2111 1262 quam
2154 1167 2305 1238 illos
2332 1185 2596 1240 veteres

439 1299 506 1352 et
531 1284 848 1378 antiquos
880 1277 1264 1352 aemularis?
1293 1277 1413 1371 qui
1436 1275 1567 1346 hoc
1589 1275 1809 1371 ipsum
1838 1276 2197 1372 imperium
2230 1303 2592 1375 peperere,

439 1391 620 1488 quod
631 1393 832 1462 modo
843 1392 1066 1463 hoste’s
1085 1391 1468 1458 invaserant
1481 1401 2192 1486 contempserantque3
2209 1389 2593 1486 cujuspulsi

438 1504 784 1600 fugatique
820 1527 958 1572 non
999 1499 1184 1571 aliud
1229 1499 1447 1593 majus
1482 1497 1860 1568 habebatur
1887 1497 2215 1593 judicium
2236 1553 2257 1589 ,
2294 1527 2499 1596 quam
2532 1503 2592 1572 si

436 1707 668 1762 Interest,
685 1701 902 1772 inquam
917 1736 934 1762 ,
961 1717 1025 1752 ea
1043 1695 1269 1760 ratione,
1289 1705 1348 1747 ut
1369 1691 1465 1746 de·

435 1780 561 1846 inde
589 1779 759 1842 LXV,
789 1798 817 1831 α
837 1816 854 1842 ,
892 1779 1211 1848 Imperatoris
1246 1776 1466 1826 maxime

435 1864 658 1921 interest,
676 1877 776 1910 non
783 1859 1037 1928 pejerari,-
1059 1867 1120 1908 ut
1137 1854 1207 1909 de
1221 1855 1465 1926 Augusto

434 1941 632 1996 Seneca
652 1939 870 1993 Consol.
895 1937 964 1992 ad
985 1936 1269 2000 Marciam,
1289 1953 1339 1988 c.
1367 1933 1461 1988 15:

442 2023 576 2072 Tulit
595 2021 808 2089 foreioer
847 2017 1174 2086 (domestica
1205 2015 1460 2081 funera),

435 2114 674 2168 tanquam
696 2101 800 2168 ejus
811 2095 928 2167 'jam
953 2115 1030 2148 res
1049 2109 1296 2164 ageretur,
1325 2096 1465 2163 cnjus

416 2187 584 2246 ‘quum
607 2181 824 2231 matrinis
845 2180 1094 2236 intererat,
1113 2177 1176 2225 de
1189 2176 1286 2225 diis
1304 2175 1462 2224 nemi-

433 2279 544 2310 nem
569 2261 720 2328 queri.
738 2256 932 2311 Similis
952 2255 1244 2326 Augustus,
1263 2251 1463 2306 similes

435 2339 588 2392 Titus
607 2358 670 2392 ac
689 2335 1025 2389 Domitianus
1037 2332 1112 2386 illi
1125 2331 1353 2396 homini,
1368 2331 1463 2404 qui

434 2438 587 2490 asper
603 2434 812 2489 semper
829 2424 1042 2468 senatus
1063 2412 1386 2467 obtrectator
1410 2424 1463 2465 et

433 2498 766 2569 objurgator,
796 2512 966 2568 quum
995 2496 1109 2563 ipse
1137 2493 1319 2565 paullo
1343 2504 1463 2565 post

435 2577 654 2632 allectus
673 2586 830 2639 esset,
849 2578 966 2625 Non
977 2588 1218 2641 putaram
1228 2612 1243 2634 ‚
1265 2573 1463 2644 inquit,

435 2662 508 2709 ita
519 2661 820 2725 proeclarum
838 2674 927 2706 nos
942 2668 1168 2705 senatum
1185 2656 1378 2705 habere.
1388 2654 1458 2706 G.

504 2730 1062 2787 -Pulvinan'bus.Vid.
1079 2732 1149 2787 ad
1161 2734 1320 2797 VIII,
1337 2752 1360 2787 1
1372 2734 1461 2787 .G.

505 2848 577 2857 —
611 2821 776 2881 Bonus
813 2832 1073 2867 successor.
1109 2814 1218 2879 Qui
1257 2813 1370 2867 vita
1407 2826 1463 2866 et

436 2895 731 2951 actionibus
753 2904 998 2958 testatur,
1026 2892 1210 2947 divino
1243 2912 1300 2949 se
1326 2912 1458 2948 con-

437 2976 552 3029 silio
582 2974 808 3029 electum
821 3013 840 3038 ,
877 2972 1112 3045 primum
1149 2986 1202 3027 et
1235 2975 1462 3047 capitale

435 3056 562 3109 novi
583 3054 673 3109 dei
696 3072 892 3109 munus
907 3092 922 3118 ,
947 3066 1052 3107 etc.

505 3142 560 3201 4.
585 3140 775 3191 Hostes.
801 3133 959 3197 Daci,
980 3132 1251 3198 sumata,
1277 3134 1459 3200 suevi,

435 3217 579 3271 Cotti
595 3254 611 3280 ‚
638 3216 740 3269 sub
755 3213 1080 3268 Domitium.
1101 3214 1210 3265 En.
1223 3246 1298 3256 —
1311 3218 1460 3283 Cujus

427 3300 564 3363 pulsi
564 3298 850 3367 fligatique.
873 3296 1021 3363 Gustu
1041 3296 1235 3363 imperii
1249 3297 1465 3349 Romani

428 3380 568 3445 pulsi
597 3380 664 3428 ab
696 3378 911 3428 hostibus
945 3376 1046 3425 suis
1070 3374 1335 3442 fingatique
1357 3392 1459 3425 non

435 3460 580 3509 aliud
601 3458 762 3525 suajus
785 3457 1060 3522 ceree'usque
1079 3454 1354 3505 habebatur
1381 3457 1459 3505 in·

434 3540 618 3589 dicium
629 3574 646 3596 ,
672 3532 820 3607 apud
833 3531 1120 3605 prudentes
1139 3532 1284 3587 viros
1309 3545 1361 3587 et
1379 3551 1461 3587 sa·

433 3616 694 3688 gaciores‚
715 3632 869 3683 quam
883 3617 930 3665 si
945 3614 1122 3665 Romae
1141 3613 1212 3665 ab
1235 3613 1459 3685 impera-

435 3696 638 3749 toribus
686 3695 1093 3761 viaempharetur,
1157 3692 1459 3763 triumphus

435 3786 698 3847 ageretur.
757 3774 836 3825 De
881 3772 1028 3826 falsis
1077 3772 1457 3843 imperatorum

433 3856 675 3929 priorum
701 3866 752 3909 et
771 3856 976 3906 mimicis
999 3850 1133 3918 (vid.
1154 3870 1276 3905 mox
1291 3852 1424 3905 XVI
1440 3892 1455 3917 ,

435 3936 489 4001 3)
503 3934 785 4007 triumphis
796 3952 879 3987 res
893 3946 1019 3985 nota
1039 3949 1053 3985 ε
1069 3932 1137 3986 de
1147 3932 1274 3986 Caio
1291 3950 1320 3983 e
1333 3934 1459 3988 Sue·

432 4028 548 4068 ton.
568 4014 794 4077 XLV11·,
815 4012 884 4066 de
900 4011 1206 4065 Domitiano
1229 4032 1260 4065 e
1281 4012 1455 4067 Tacit.

431 4096 608 4167 Agric.
618 4092 868 4154 XXXIX,
885 4090 979 4144 ubi
995 4089 1148 4161 plura
1167 4091 1268 4144 viri
1283 4090 1450 4146 docti.

431 4178 604 4229 Iocus
631 4171 884 4227 classicus
915 4182 1150 4223 servatus
1183 4170 1238 4223 in
1269 4190 1450 4229 excer-

1560 1694 1663 1765 ptis
1692 1694 1877 1748 Dionis
1897 1715 1929 1748 e
1942 1695 2248 1750 Theodosio
2262 1738 2278 1766 ,
2298 1697 2392 1750 lib.
2408 1698 2593 1762 LVII,

1560 1791 1616 1845 p.
1639 1778 1737 1845 761
1758 1793 1841 1848 sq.
1860 1773 2125 1830 Nimirum
2138 1795 2294 1832 servo
2311 1777 2595 1850 antiquam

1560 1853 1685 1906 Aldi
1718 1865 1771 1907 et
1810 1867 2121 1910 ceterorum
2159 1856 2476 1920 lectionem,
2518 1857 2595 1911 ad

1560 1953 1723 2006 quam
1750 1954 1859 2008 qno
1885 1937 2073 2008 sepius
2096 1937 2291 2002 redeo,
2314 1948 2467 1990 tanto
2484 1938 2593 1991 mi·-

1560 2033 1663 2068 nus
1700 2034 1763 2070 ea
1794 2015 1929 2070 mihi
1960 2015 2172 2070 videtur
2204 2017 2411 2072 vitiosa.
2440 2017 2595 2085 Quid

1559 2095 1704 2147 enim
1746 2107 1866 2161 est,
1916 2095 2063 2169 quod
2101 2115 2435 2171 concoquere
2476 2117 2595 2152 non

1558 2187 1783 2246 possunt
1808 2175 1911 2230 viri
1942 2175 2129 2230 docti?
2143 2181 2343 2246 pulsum
2373 2181 2597 2249 eefiegoe-

1558 2269 1662 2306 tum
1688 2258 1791 2308 dici
1809 2259 2063 2325 imperium
2076 2265 2105 2308 ι’
2130 2269 2185 2310 at
2205 2259 2445 2312 fecerunt
2465 2279 2593 2310 con-

1560 2339 1725 2398 temni,
1744 2339 1915 2391 invadi
1922 2360 1940 2391 .-
1954 2356 2071 2411 quae
2082 2339 2322 2411 profecto
2334 2339 2446 2410 ipsa
2459 2359 2594 2412 quo-

1558 2434 1665 2487 que
1682 2436 1793 2473 non
1816 2416 1884 2471 ad
1906 2420 2187 2490 imperium
2202 2457 2217 2484 ,
2246 2418 2298 2471 in
2324 2430 2591 2491 quantum

1558 2495 1907 2570 incorporalis
1920 2516 2005 2552 res
2020 2510 2118 2563 est,
2131 2498 2223 2552 sed
2238 2496 2307 2551 ad
2320 2498 2591 2563 homines,

1558 2576 1629 2629 ad
1654 2576 1820 2631 duces
1834 2614 1850 2642 ,
1882 2578 1954 2631 ad
1982 2578 2237 2633 exercitus
2255 2617 2271 2643 ,
2300 2579 2591 2651 pertinent.

1556 2657 1745 2729 Itaque
1778 2659 1999 2730 poenitet
2038 2660 2177 2723 fere,
2206 2656 2353 2731 quod
2396 2658 2453 2711 in
2500 2678 2590 2713 su-

1554 2738 1779 2810 perioris
1806 2737 2049 2793 editionis
2072 2750 2377 2793 contextum
2403 2740 2587 2811 recepi

1556 2818 1981 2892 supplementum
1996 2838 2027 2873 e
2037 2818 2589 2892 vestigiisvitiatorum

1555 2909 1608 2951 et
1630 2900 1941 2953 mutilorum
1968 2900 2082 2955 sine
2110 2899 2275 2954 dubio
2299 2896 2551 2953 codicum
2570 2936 2587 2962 ,

1554 2978 1825 3051 ingeniose
1866 2980 2194 3052 exsculptum
2234 2998 2267 3033 a
2299 2977 2585 3034 Jo.1··rid.

1554 3058 1826 3114 Gronovio
1852 3062 2118 3115 observat.
2144 3060 2247 3124 lv,
2272 3064 2373 3125 ιδ,
2401 3070 2455 3113 et
2482 3060 2588 3113 cel.

1552 3139 1877 3208 Schwmio,
1904 3141 1999 3213 qui
2025 3151 2144 3213 post
2167 3155 2589 3210 contempserant·

1554 3238 1651 3286 que
1668 3215 1927 3287 inserunt,
1954 3224 2191 3289 thniam
2214 3223 2535 3289 imperabat
2512 3240 2590 3273 ns.-

1554 3318 1663 3353 non
1678 3299 1977 3373 displiceret
1988 3299 2101 3355 hnc
2114 3300 2293 3363 lectio,
2312 3300 2357 3352 si
2370 3301 2423 3352 in
2440 3300 2589 3354 bono

1556 3390 1609 3433 et
1624 3378 1830 3453 integro
1842 3379 1977 3435 hac'
1962 3398 2077 3453 ipss
2094 3392 2243 3452 parte
2258 3378 2449 3435 codice
2464 3398 2589 3433 eam

1556 3459 1849 3513 invenirem
1870 3476 1884 3512 ε
1909 3460 2155 3530 preferre
2177 3460 2321 3514 illam
2346 3458 2589 3531 liquida,

1556 3549 1616 3592 ut
1635 3538 1769 3593 mihi
1782 3537 2014 3606 videtur,
2034 3550 2087 3593 et
2098 3538 2268 3612 dignae
2282 3538 2451 3601 Plinio
2470 3558 2591 3593 sen·

1554 3620 1728 3672 tentiae
1762 3637 1873 3672 non
1903 3638 2143 3691 possum.
2180 3618 2283 3672 Sed
2314 3618 2426 3672 vid.
2464 3619 2587 3673 Cel.

1554 3698 1761 3751 Ernesti
1783 3699 1837 3751 in
1859 3698 2002 3751 Actis
2022 3696 2192 3751 Erud.
2218 3698 2287 3752 ad
2308 3716 2397 3751 an.
2422 3706 2589 3768 1740.

1553 3798 1677 3851 pag.
1701 3778 1788 3833 56.
1816 3777 1885 3832 G.
1914 3810 1985 3820 —
2011 3778 2279 3849 Gierigius
2303 3788 2481 3831 tamen
2508 3778 2589 3831 sic

1554 3856 1721 3911 edidit
1751 3876 1764 3912 2
1802 3862 2038 3927 quoniam
2066 3862 2414 3926 imperatoris,
2444 3862 2589 3928 cnjus

1547 3940 1704 4008 pulsi.
1728 3976 1740 3988 .
1764 3976 1776 3988 .
1800 3958 1974 4007 quam
1994 3942 2040 3989 si
2059 3940 2400 4006 triumpharet.
2421 3937 2485 3991 Ε.
2512 3970 2591 3979 —-

1556 4015 1697 4071 Add.
1724 4016 1993 4071 Gesnerus
2015 4018 2072 4071 in
2099 4017 2316 4089 epistola
2344 4016 2415 4069 ad
2436 4018 2470 4069 J
2477 4058 2489 4069 .
2516 4018 2582 4071 A.

1550 4097 1853 4151 Ernestium
1872 4134 1889 4161 ,
1908 4098 2125 4169 ipseque
2140 4095 2430 4149 Ernestius.
2450 4096 2587 4149 S.—

1552 4180 1699 4246 Cujeaes
1706 4180 2114 4247 pulsifiagaeique
2131 4198 2228 4228 non
2256 4178 2400 4229 alind
2422 4180 2589 4246 majus
