2857 4690
660 415 1180 484 PANEGYR.
1238 416 1452 486 CAP.
1505 417 1938 484 Lxxxlv.
2223 417 2362 512 373

246 561 311 614 te
352 543 727 615 reveretur!
772 547 941 616 idem
989 549 1141 616 estis
1185 550 1463 616 invicem
1484 602 1503 634 ,
1539 547 1716 642 quod
1757 548 1966 617 fuistis
2013 576 2026 615 ε
2073 551 2364 643 probatis

246 678 319 720 ex
353 678 541 746 aequo
575 681 594 738 3
640 652 928 746 nihilque
970 653 1159 722 vobis
1202 653 1474 723 felicitas
1515 654 1797 740 addidit,
1835 655 1957 723 nisi
1985 654 2164 748 quod
2199 659 2365 726 scire

247 760 563 852 coepistiS,
589 781 785 853 quam
816 760 981 828 bene
1008 775 1285 852 uterque
1306 775 1600 828 vestrum
1629 759 2000 829 felicitatem
2029 760 2216 829 ferat.
2247 765 2366 832 Ea·
2401 791 2432 840 7

244 864 390 932 dem
426 889 627 959 quam
658 865 917 934 modica
948 861 1160 934 cultu!
1193 891 1393 961 quam
1428 891 1629 960 parca
1663 863 2007 935 comitatu!
2040 891 2238 960 quam
2273 871 2363 937 ci-

244 969 385 1040 vilis
420 968 709 1040 incessu!
740 973 958 1042 mariti
985 971 1113 1041 hoc
1142 997 1310 1067 opus
1331 1025 1349 1057 ,
1379 974 1493 1065 qui
1521 975 1609 1066 ita
1637 973 1870 1040 imbuit
1889 1025 1908 1058 ‚
1931 973 2022 1040 ita
2049 974 2361 1043 instituit:

244 1099 391 1144 nam
418 1079 623 1147 uxori·
638 1077 882 1146 sufficit
907 1079 1201 1172 obsequii
1231 1075 1456 1172 gloria.
1480 1081 1584 1146 An
1603 1133 1621 1164 ,
1652 1103 1854 1172 quum
1885 1079 2139 1165 videat,
2163 1103 2362 1173 quam
2401 1091 2434 1141 8
2511 1161 2519 1169 ⁹

242 1195 303 1250 te
340 1181 561 1252 nullus
592 1197 830 1272 terror,
861 1182 1039 1252 nulla
1074 1185 1425 1254 comitetur
1449 1185 1752 1269 ambitio,
1788 1208 1925 1253 non
1955 1199 2022 1252 et
2047 1187 2186 1278 ipsa
2211 1211 2364 1256 cum

243 1287 500 1356 silentio
542 1288 851 1358 incedat?
892 1290 1496 1384 ingredientemque
1552 1289 1838 1385 pedibus'
1883 1292 2190 1359 maritum
2216 1345 2235 1378 ,
2294 1292 2366 1359 in
2407 1349 2412 1355 .

239 1408 559 1488 quantum
580 1397 829 1490 patitur
850 1420 1060 1482 sexuS,
1087 1395 1723 1466 imitetur?decuerit
1739 1397 1871 1465 hoc
1893 1395 2104 1484 illam,
2127 1399 2364 1465 etiam-

240 1501 291 1567 si
329 1499 589 1570 diversa
624 1516 697 1569 tu
726 1501 942 1570 facias.
976 1502 1113 1574 Sub
1144 1501 1271 1570 hac
1304 1527 1470 1571 vero
1512 1502 1831 1572 modestia
1861 1504 2024 1585 viri,
2051 1518 2364 1622 quantam

240 1604 432 1674 debet
463 1607 925 1676 verecundiam
965 1633 1134 1676 uxor
1174 1605 1444 1677 marito!
1485 1606 1728 1675 femina
1769 1604 1925 1676 sibi!

340 1714 403 1779 Ι
400 1715 721 1782 XXXIV.
745 1716 949 1782 Soror
966 1728 1183 1782 autem
1204 1728 1352 1799 tua,
1376 1728 1452 1782 ut
1473 1737 1542 1781 se
1567 1738 1858 1781 sororem
1879 1737 2019 1782 esse
2037 1711 2359 1784 meminit!

238 1819 395 1884 utin
417 1817 528 1886 illa
550 1833 661 1886 tua
688 1818 1215 1914 simplicitaS,tua
1230 1821 1498 1906 veritaS,
1517 1833 1668 1887 tuus
1678 1819 1927 1887 candor
1949 1815 2359 1913 agnoscitur!

238 1936 339 2009 ut,
364 1925 417 1992 si
440 1925 586 2018 quis
613 1950 756 1994 eam
781 1927 970 1994 uxori
992 1939 1123 1993 tuae
1146 1923 1472 2011 conferat,
1491 1923 1792 1992 dubitare
1813 1937 2111 2018 cogatur,
2137 1937 2360 1992 utrum

240 2030 319 2096 sit
346 2029 680 2099 efficacius
707 2032 788 2099 ad
820 2045 999 2100 recte
1026 2029 1414 2117 vivendum,
1445 2029 1612 2098 bene
1642 2031 1921 2114 institui,
1948 2043 2063 2098 aut
2089 2029 2363 2098 feliciter

237 2138 438 2240 nasci.
463 2135 645 2205 Nihil
674 2151 773 2206 est
795 2151 930 2205 tam
957 2161 1239 2230 pronum
1261 2135 1345 2205 ad
1370 2135 1763 2218 simultateS,
1783 2159 1980 2228 quam
2000 2132 2427 2218 aemulatiO,2

238 2241 305 2306 in
344 2239 607 2310 feminis
648 2243 1052 2336 praesertim·
1082 2265 1157 2310 ea
1197 2266 1399 2337 porro
1435 2241 1716 2310 maxime
1755 2242 2047 2309 nascitur
2077 2263 2158 2307 ex
2193 2263 2360 2308 con-

231 2348 607 2437 junctione,
647 2348 845 2417 alitur
886 2348 1286 2442 aequalitate,
1322 2347 1686 2417 exardescit
1718 2345 1960 2418 invidia
1994 2335 2181 2439 cujus
2209 2345 2360 2415 finis

238 2466 335 2520 est
376 2452 624 2522 odium.
685 2456 840 2543 Quo
883 2453 1147 2547 quidem
1190 2453 1634 2523 admirabilius
1675 2452 2184 2522 existimandum
2226 2466 2362 2539 est,
2397 2463 2428 2515 3

236 2558 414 2652 quod
450 2558 833 2629 mulieribus
876 2559 1129 2639 duabus
1166 2562 1235 2628 in
1276 2584 1411 2629 una
1452 2560 1695 2643 doum,
1746 2560 2018 2654 parique
2058 2557 2360 2643 fortuna,

238 2663 493 2733 nullum
524 2680 889 2751 certamen,
916 2664 1095 2734 nulla
1123 2668 1458 2735 contentio
1487 2681 1601 2734 est.
1641 2666 2018 2759 Suspiciunt
2043 2665 2324 2733 invicem
2341 2715 2360 2750 ‚
2400 2683 2433 2740 4

237 2772 521 2841 invicem
565 2772 809 2841 cedunt
844 2796 859 2838 :
898 2796 1233 2869 quumque
1271 2786 1337 2840 te
1370 2786 1650 2865 utraque
1685 2770 2072 2841 effusissime
2104 2770 2360 2864 diligat,

236 2877 400 2945 nihil
424 2902 539 2946 sua
566 2884 800 2971 putant
828 2880 1169 2965 interesse,
1195 2892 1409 2945 utram
1431 2892 1502 2946 tu
1528 2878 1734 2969 magis
1762 2900 1971 2944 ames:
1997 2873 2172 2943 idem
2202 2876 2363 2943 utri·

306 3111 362 3161 6.
384 3110 613 3159 Probatt's
631 3128 695 3159 ex
706 3126 869 3175 oeqeeo.
891 3107 1025 3157 Ante
1037 3108 1256 3171 probatis
1343 3104 1458 3155 vitae
1478 3102 1544 3155 ad
1577 3101 1891 3173 captandam
1915 3102 2314 3155 admirationem
2340 3140 2358 3166 ‚

192 3236 216 3261 ο
234 3186 495 3257 Gierigius
526 3186 742 3239 inseruit
772 3189 897 3237 idem
916 3223 931 3247 ,
958 3182 1104 3255 quod
1130 3200 1256 3235 con·
1344 3194 1447 3235 etc.
1471 3184 1610 3234 Em«.

236 3278 407 3319 textus
432 3265 483 3317 ei
518 3263 759 3335 flagitare
788 3262 1081 3316 videbatur.
1102 3262 1165 3312 E.
1188 3290 1259 3300 —-
1412 3262 1704 3314 Lxxxtv.
1739 3278 1785 3313 1.
1815 3266 1979 3313 Soror.
2007 3260 2303 3323 Martiana..
2327 3277 2360 3312 a

236 3344 425 3398 Sedsic
437 3362 505 3395 ea·
517 3362 659 3411 aquo
668 3340 1253 3411 abundatlanguetque.
1343 3353 1526 3393 senatu
1549 3352 1850 3411 consecrata
1871 3351 1992 3393 ante
2015 3350 2214 3391 sextum
2233 3338 2361 3393 'Ista-

238 3422 430 3477 Melius
444 3422 558 3483 alii,
567 3426 787 3489 probati.
808 3422 861 3475 S.
872 3450 943 3461 —-
954 3422 1179 3472 Probacis
1192 3438 1257 3469 ex
1339 3420 1454 3491 jani
1469 3418 1819 3475 consulatum.
1832 3419 1934 3471 En.

237 3522 399 3569 σφω.
435 3502 653 3573 Semper
686 3500 917 3573 judicavi
945 3502 1149 3568 probati
1176 3498 1253 3550 le·
1410 3528 1482 3538 —-
1505 3506 1636 3549 Bene
1663 3500 1861 3549 institui.
1886 3496 2000 3548 Hoc
2036 3495 2104 3548 ad
2146 3515 2358 3551 uxorem

238 3580 469 3651 gendum
516 3598 629 3633 esse
650 3618 666 3643 ,
711 3579 855 3651 quod
900 3591 952 3631 et
985 3577 1257 3630 Perizonio
1341 3578 1556 3651 Trajani
1573 3578 1797 3631 refertur
1814 3613 1829 3637 ,
1851 3587 1909 3627 ut
1906 3577 2126 3643 filieiter
2138 3580 2280 3629 nasci
2289 3576 2360 3629 ad

236 3660 497 3731 placuisse
526 3678 557 3712 e
590 3659 885 3713 Schwarzio
916 3657 1073 3711 didici
1100 3674 1115 3719 ;
1162 3658 1254 3726 qui
1342 3676 1594 3711 sororem.
1625 3656 1694 3708 G.
1725 3686 1797 3694 —
1829 3660 1933 3706 Aut
1949 3657 2168 3723 feliciter
2203 3661 2360 3709 nasci.

236 3744 377 3791 rente
408 3739 461 3790 in
496 3750 691 3791 textum
707 3776 723 3801 ,
743 3738 898 3791 etiam
929 3738 1041 3789 siue
1066 3736 1215 3788 libris
1238 3776 1255 3800 ‚
1342 3738 1650 3790 Peccavitne
1663 3736 1850 3787 Noster
1859 3734 2109 3787 adversus
2126 3736 2362 3807 magistri

238 3836 464 3887 quorum
494 3818 622 3870 alias
648 3818 1009 3871 tenacissimus
1041 3826 1117 3869 est
1136 3852 1151 3876 ,
1177 3833 1257 3866 re-
1342 3816 1421 3868 sui
1440 3855 1456 3880 ,
1478 3815 1628 3868 Fabii
1648 3852 1664 3877 ‚
1679 3825 1994 3885 praeceptum
2012 3812 2037 3864 i>
2058 3814 2151 3885 qui
2167 3816 2224 3878 ‚1
2240 3854 2255 3879 ,
2283 3818 2314 3871 5
2339 3855 2358 3879 ,

239 3898 394 3968 cepit,
422 3898 563 3950 Elin.
640 3910 645 3915 ·
1344 3902 1407 3962 49
1426 3933 1442 3957 ,
1469 3899 1602 3945 Nam
1627 3908 1676 3943 et
1699 3910 1766 3945 an
1793 3907 1843 3943 et
1874 3905 1966 3945 aut
1999 3898 2359 3963 conjemctiones

310 3980 555 4035 &stulta
588 3978 805 4027 ambitio.
848 3976 939 4027 Est
974 3974 1031 4025 h.
1074 3974 1111 4025 l.
1140 3992 1257 4045 quae
1342 3990 1482 4033 sunt,
1511 3973 1708 4043 inquit,
1732 3976 1858 4022 male
1880 3988 2040 4023 tamen
2063 3977 2352 4045 interroges,

239 4053 677 4127 σιμνότηςῦτοοὶε
688 4052 965 4112 dicitur-‚et
977 4058 1223 4126 φιλοτιμία
1240 4094 1256 4119 .,
1343 4052 1444 4105 Hic
1470 4062 1558 4103 aut
1593 4050 1678 4102 ille
1707 4050 1810 4103 sit?
1827 4050 1951 4103 Vid.
1984 4050 2052 4104 ad
2077 4052 2124 4104 X
2141 4091 2155 4116 ,
2177 4055 2244 4115 48
2264 4091 2279 4115 ,
2305 4075 2354 4105 2.

240 4154 353 4207 quae
400 4148 477 4189 est
516 4133 569 4185 in
618 4131 995 4201 magnificentia
1044 4145 1253 4185 externa
1342 4132 1494 4183 Certe
1525 4148 1705 4183 omnes
1741 4130 1860 4182 libri
1900 4146 1992 4181 ant
2007 4132 2093 4186 hic
2121 4132 2316 4184 hahent
2337 4168 2354 4195 ‚
