2857 4690
814 358 1346 449 EPISTOLA
1396 361 1766 428 XXXIX.
2223 385 2355 456 ¹09

226 481 345 549 sed
380 480 641 550 nullum
677 481 749 549 in
787 482 1096 575 proximo
1146 482 1510 578 suffugium
1549 497 1667 551 aut
1716 484 1948 552 imbris
1999 499 2116 553 aut
2175 483 2352 554 solis.

228 590 481 660 Videor
499 615 662 686 ergo
682 590 997 660 munifice
1023 589 1218 660 simul
1246 591 1684 687 religioseque
1716 592 2011 662 facturus
2030 646 2049 681 ,
2067 594 2121 662 si
2149 592 2356 662 aedem
2425 605 2458 658 3

224 725 429 794 quam
463 699 985 794 pulcherrimam
1019 716 1436 791 astruxero,
1459 700 1775 771 addidero
1810 703 2141 797 porticus:
2174 701 2356 771 illam

228 810 312 880 ad
338 837 539 880 usum
572 809 741 896 deae,
760 810 881 880 has
911 810 996 880 ad
1020 811 1393 882 hominum.
1415 811 1637 881 Velim
1673 809 1834 906 ergo
1860 837 2040 881 emas
2071 827 2360 907 quatuor

226 946 635 991 marmoreas
672 919 1045 1009 columnaS‚
1084 923 1273 1016 cujus
1308 923 1434 991 tibi
1469 922 1803 992 videbitur
1840 922 2101 1017 generis
2133 948 2149 989 z
2180 945 2360 990 emas

226 1056 601 1120 marmora,
635 1031 879 1127 quibus
912 1031 1161 1117 solum,
1186 1033 1428 1128 quibus
1458 1033 1744 1129 parietes
1775 1033 2183 1103 excolantur.
2214 1033 2362 1100 Erit
2431 1044 2464 1101 4

224 1143 426 1211 etiam
478 1142 579 1211 vel
632 1137 1007 1212 faciendum
1058 1140 1160 1211 vel
1203 1142 1556 1213 emendum
1601 1145 1807 1238 ipsius
1863 1143 1998 1214 deae
2048 1145 2357 1238 signum:

228 1254 387 1348 quia
425 1254 781 1347 antiquum
824 1251 991 1322 illud
1028 1279 1064 1330 e
1105 1253 1289 1350 ligno
1332 1254 1730 1349 quibusdam
1767 1257 1868 1325 sui
1905 1243 2210 1349 partibus
2247 1279 2360 1323 ve·

228 1375 479 1432 tustate
502 1376 889 1431 truncatum
914 1378 1033 1432 est.
1060 1365 1411 1453 Quantum
1439 1364 1525 1433 ad
1554 1363 2064 1459 porticu5,nihil
2095 1366 2364 1434 interim
2433 1373 2464 1424 ⁵

227 1472 553 1559 occurrit,
590 1471 775 1565 quod
814 1472 1115 1542 videatur
1152 1474 1349 1546 istinc
1392 1499 1532 1545 esse
1573 1475 2049 1570 repetendum3
2089 1476 2219 1544 nisi
2259 1490 2360 1544 ta-

229 1606 417 1668 men,
454 1595 536 1650 ut
570 1580 857 1652 formam
886 1584 1253 1654 secundum
1291 1586 1620 1656 rationem
1656 1584 1784 1656 loci
1817 1587 2106 1658 scribas:
2146 1611 2363 1681 neque

230 1693 407 1762 enim
438 1707 722 1786 possunt
747 1693 1148 1764 circumdari
1180 1695 1471 1820 templo;
1505 1721 1662 1766 nam
1699 1695 1914 1768 solum
1947 1696 2177 1792 templi
2203 1696 2364 1768 hinc

234 1801 507 1872 flumine
540 1817 611 1870 et
632 1802 1122 1899 abruptissimis
1149 1807 1345 1901 ripis,
1375 1808 1536 1878 hinc
1562 1810 1670 1878 via
1701 1810 2014 1903 cingitur.
2041 1813 2162 1880 Est
2186 1807 2364 1879 ultra
2432 1815 2466 1864 6

232 1911 403 1981 viam
448 1911 843 1982 latissimum
889 1929 1192 2009 pr‚atum
1244 1919 1314 1985 in
1366 1943 1504 2012 quo
1547 1919 1704 1988 satis
1738 1933 1892 2013 apte
1929 1933 2162 1988 contra
2199 1933 2363 1990 tem·

236 2021 473 2115 plum
454 2048 677 2118 ipsum
716 2026 1013 2118 porticus
1052 2027 1604 2122 explicabuntur:
1645 2030 1774 2098 nisi
1810 2029 1974 2123 quid
2010 2044 2086 2099 tu
2129 2028 2363 2100 melius

236 2133 563 2204 inveneris
577 2185 597 2217 ,
651 2135 771 2228 qui
812 2132 981 2206 soles
1025 2129 1327 2208 locorum
1366 2137 1798 2209 difficultates
1835 2153 1980 2210 arte
2023 2163 2359 2234 superare.

236 2243 413 2315 Vale.

240 2456 320 2498 tur
338 2462 353 2497 :
372 2464 499 2499 nam
520 2445 577 2499 in
603 2444 715 2499 aede
738 2445 828 2498 illa
848 2445 1088 2500 Pliniana
1108 2465 1254 2501 sena·
1420 2450 1472 2503 3.
1498 2452 1754 2500 Addidero
1769 2451 2008 2517 porticus.
2035 2446 2222 2500 Malim
2241 2466 2370 2500 cum

237 2536 343 2579 tum
362 2546 471 2579 non
488 2525 736 2579 habitum
758 2524 937 2592 fuisse,
961 2538 1147 2599 sponte
1166 2545 1253 2599 ap-
1348 2526 1532 2581 Cortio
1551 2540 1602 2581 et
1620 2525 1856 2599 Gierigio
1868 2564 1884 2591 ‚
1906 2539 1966 2581 ut
1986 2527 2152 2599 magi·
2171 2526 2366 2580 Plinia-

240 2616 394 2673 paret.
434 2607 493 2660 S.
512 2636 587 2647 --
606 2607 883 2674 Suffingium
893 2641 1047 2658 .....
1066 2609 1249 2659 babtis-
1347 2624 1479 2661 num
1491 2645 1508 2673 ,
1535 2610 1778 2659 addidero
1795 2609 2016 2675 porticus
2042 2609 2160 2658 aedi.
2187 2606 2242 2660 S.

238 2682 543 2756 Opportune
558 2688 673 2759 jam
692 2684 781 2736 hic
802 2682 1053 2738 laudatus
1072 2684 1253 2739 estVi-
1420 2688 1473 2741 5.
1501 2690 1677 2739 Istinc.
1699 2724 1712 2737 .
1733 2724 1748 2739 .
1770 2690 2117 2754 ‚repetendum
2139 2684 2308 2751 Quod
2335 2702 2366 2737 a

238 2772 367 2815 truv.
393 2764 478 2816 m
496 2802 513 2829 ,
548 2784 577 2818 2
603 2782 617 2817 :
646 2790 669 2811 ι
684 2762 1009 2817 Pteromatos
1038 2765 1175 2819 ratio
1201 2778 1255 2819 et
1349 2775 1403 2818 te
1418 2764 1736 2838 petendum,
1755 2765 1850 2819 tibi
1867 2762 2253 2838 injungendum
2271 2766 2336 2818 sit
2349 2804 2365 2829 ‚

242 2844 604 2898 oolmnnmm
620 2842 965 2901 circa,eadem
984 2842 1255 2917 disponitio
1351 2856 1411 2897 ut
1437 2844 1542 2898 huc
1559 2842 1630 2898 ad
1649 2863 1738 2897 me
1761 2845 1954 2899 mittas.
1982 2840 2051 2899 G.

242 2919 353 2975 ideo
369 2934 447 2975 est
470 2924 708 2977 inventa.
721 2960 736 2973 .
753 2922 811 2976 .ιί
833 2922 1085 2976 imbrium
1104 2941 1255 2997 aquae
1420 2924 1476 2976 6.
1508 2927 1690 2977 Contra
1715 2927 1999 2992 templum..
2021 2926 2368 2991 aeoeplicabun-

242 3000 315 3052 vin
340 3001 679 3075 occupaverit
706 3012 759 3055 et
785 3002 1134 3057 intercluserit
1159 3002 1255 3056 ho—
1352 3018 1447 3055 eur.
1463 3002 1509 3055 E
1525 3005 1740 3075 regione
1757 3002 1968 3075 templi'
1953 3002 2112 3074 ipsius
2131 3002 2366 3093 porticus

243 3079 439 3134 minum
452 3080 854 3136 multitudinem
867 3120 884 3147 ,
902 3094 964 3135 ut
980 3082 1176 3137 habeat
1193 3082 1253 3135 in
1348 3092 1696 3137 exstruentur.
1713 3085 2200 3152 Explicanporeicus
2215 3080 2368 3152 nigni-

245 3156 351 3213 nde
395 3161 645 3234 circaque
703 3160 891 3216 cellam
942 3180 1065 3215 cum
1120 3161 1257 3215 laxa·
1351 3162 1575 3217 ficantes·
1590 3162 1811 3228 dictum,
1831 3164 2087 3232 utfiossam
2105 3164 2368 3229 deprimere

245 3248 417 3291 mento
440 3238 663 3294 liberam
692 3258 949 3295 moram.·
970 3240 1039 3295 G.
1352 3240 1562 3316 aliaque
1583 3241 1642 3296 id
1666 3260 1849 3315 genus.
1873 3242 1927 3296 S.

742 3528 1888 3565 -w-
