2857 4690
493 313 631 384 208
1120 312 1199 380 C.
1252 310 1595 380 PLINII
1642 310 1833 378 LIB.
1886 310 1973 378 X.

485 435 958 530 nitebaturque
998 433 1326 503 mandatis
1367 435 1533 522 tuis,
1575 433 1819 527 quibus
1858 431 2182 526 ejusmodi
2220 432 2624 508 donationes

485 560 812 615 vetantur.
855 546 1010 616 Piso
1035 559 1270 614 contra
1289 596 1310 631 ‚
1337 541 1625 637 plurima
1660 569 1729 612 se
1759 543 1830 612 in
1859 540 2339 637 rempublicam
2376 559 2619 616 contu·

477 655 632 728 lisse
649 709 668 740 ,
710 682 787 726 ac
808 680 1018 752 prope
1034 670 1210 727 totas
1240 653 1589 726 facultates
1613 676 1919 747 erogasse
1939 702 1958 739 ,
1988 651 2273 723 dicebat.
2302 652 2623 726 Addebat

480 768 679 837 etiam
716 768 1036 862 temporis
1067 768 1390 862 spatium,
1417 764 1966 861 postulabatque,
2008 789 2093 833 ne
2130 764 2227 850 id,
2267 765 2451 859 quod
2482 792 2617 861 pro

476 877 706 948 multis
731 894 797 948 et
824 878 984 948 olim
1013 879 1399 973 accepisset,
1424 901 1578 946 cum
1606 877 1946 945 eversione
1974 874 2242 970 reliquas
2263 873 2617 970 dignitatis

477 990 752 1060 reddere
770 1003 1139 1085 cogeretur.
1157 988 1424 1078 Quibus
1444 1013 1527 1057 ex
1544 987 1793 1056 caussis
1812 985 2139 1080 integram
2154 987 2613 1081 cognitionem

476 1098 910 1168 differendam
934 1099 1300 1168 existimavi
1320 1153 1340 1188 ,
1369 1114 1445 1168 ut
1463 1112 1529 1168 te
1551 1152 1571 1187 ‚
1604 1099 1925 1186 Domine,
1960 1095 2410 1186 consulerem,
2443 1099 2615 1194 quid

475 1210 889 1306 sequendum
933 1203 1226 1306 putares.

475 1412 582 1466 -In
595 1411 818 1465 decretis
834 1411 996 1467 scribi
1011 1413 1233 1476 solebat,
1249 1409 1488 1484 δίδοχοαι
1586 1416 1839 1480 baturque.
1860 1409 2006 1464 Libri
2024 1411 2229 1484 antiqui
2251 1417 2506 1480 utebatur,
2524 1431 2615 1468 ea·

475 1500 537 1564 τῇἷ
559 1495 707 1563 βουλῇ
727 1495 810 1548 καὶ
837 1502 907 1566 τῷ
935 1490 1102 1566 δήμῳ.
1134 1492 1239 1546 En.
1259 1522 1330 1533 —
1353 1495 1492 1544 Nieo-
1586 1489 1710 1544 dem
1738 1491 2012 1545 sententia.
2036 1490 2105 1544 G.

1763 1675 2035 1696 m

1301 1677 1477 1698 Μ

1249 1883 1256 1892 ·
1375 1841 1716 1933 CXII.

1083 2075 1525 2124 'PRAJANUS
1576 2077 1878 2124 PLuuo
1927 2077 1983 2124 S.

564 2243 774 2311 Slcur
815 2239 1198 2334 largitiones
1230 2263 1312 2307 ex
1346 2238 1616 2333 publico
1660 2237 1803 2308 fieri
1846 2238 2158 2309 mandata
2199 2241 2607 2336 prohibent,

467 2348 590 2437 ita,
619 2376 704 2420 ne
731 2350 1096 2420 multorum
1129 2350 1449 2419 securitas
1464 2349 1849 2438 subruatur,
1881 2350 2087 2421 factas
2108 2366 2263 2421 ante
2290 2352 2602 2448 aliquan-

465 2472 610 2529 tum
653 2464 972 2555 temporis
1009 2461 1354 2529 retractari
1413 2476 1615 2555 atque
1658 2462 1727 2529 in
1780 2462 2046 2532 irritum
2088 2462 2415 2534 vindicari
2459 2490 2603 2534 non

464 2584 752 2664 oportet.
798 2569 1151 2665 Quidquid
1187 2594 1346 2669 ergo
1381 2595 1465 2639 ex
1504 2571 1631 2639 hac
1662 2594 1892 2641 caussa
1918 2585 2143 2641 actum
2174 2588 2331 2642 ante
2355 2574 2599 2669 viginti

463 2706 676 2751 annos
715 2682 874 2764 erit,
921 2682 1326 2751 omittamus.
1368 2683 1528 2752 Non
1567 2684 1787 2751 minus
1821 2682 2000 2752 enim
2044 2682 2432 2765 hominibus
2481 2710 2599 2756 cu·

455 2792 700 2886 jusque
743 2789 909 2881 loci,
946 2816 1148 2886 quam
1177 2793 1479 2887 pecuniae
1517 2792 1798 2887 publicoe
1836 2790 2213 2862 consultum
2240 2793 2419 2865 volo.

2270 3000 2575 3023 Μ

1319 3163 1722 3255 CXIII.

457 3383 552 3438 An
579 3379 644 3437 in
677 3390 942 3438 senatum
971 3376 1108 3434 lecti
1139 3394 1250 3454 pro
1275 3376 1519 3436 introitu
1554 3378 1773 3458 aliquid
1802 3380 2015 3439 inferre
2047 3380 2330 3458 debeant,
2360 3388 2583 3463 quaerit.

890 3567 954 3614 c.
1018 3565 1376 3615 prunus
1421 3569 1822 3617 ‘rantum
1864 3556 2145 3621 unas.

549 3732 698 3801 L1-:x
723 3728 1073 3823 Pompeia,
1090 3730 1412 3810 Domine,
1438 3754 1573 3827 qua
1586 3731 1857 3825 Bithyni
1890 3747 1959 3801 et
1993 3734 2255 3804 Pontici
2277 3749 2584 3825 utuntur,

454 3866 605 3927 eoa,
640 3840 759 3934 qui
791 3840 863 3906 in
897 3838 1103 3909 bulen
1137 3864 1180 3909 a
1215 3842 1603 3910 censoribus
1638 3838 1988 3935 leguntur,
2025 3842 2185 3912 dare
2223 3847 2579 3939 pecuniam

521 4019 719 4076 cxm.
747 4038 796 4073 ι.
823 4024 929 4072 La·
963 4024 1214 4090 pompona.
1233 4020 1362 4075 vid.
1389 4021 1464 4085 X,
1562 4018 1763 4093 aliquid
1792 4038 1951 4095 supra
1978 4025 2060 4090 X,
2088 4026 2187 4091 48,
2226 4026 2277 4080 5.
2316 4026 2385 4081 G.
2412 4058 2485 4071 --
2504 4030 2583 4081 De

455 4106 520 4159 ⁸3
557 4113 610 4157 et
643 4100 765 4157 115.
799 4100 877 4155 De
909 4100 1022 4173 ἔρια
1053 4099 1160 4154 bac
1191 4101 1466 4171 questione
1562 4104 1769 4153 beata-usis
1788 4103 1899 4157 sive
1916 4106 2253 4158 decurionibus
2272 4124 2437 4179 super
2454 4110 2583 4181 legi-
