<?xml version="1.0" encoding="UTF-8"?>
<!DOCTYPE html PUBLIC "-//W3C//DTD XHTML 1.0 Transitional//EN"
    "http://www.w3.org/TR/xhtml1/DTD/xhtml1-transitional.dtd">
<html xmlns="http://www.w3.org/1999/xhtml" xml:lang="en" lang="en">
 <head>
  <title>
</title>
<meta http-equiv="Content-Type" content="text/html;charset=utf-8" />
  <meta name='ocr-system' content='tesseract 3.04.00' />
  <meta name='ocr-capabilities' content='ocr_page ocr_carea ocr_par ocr_line ocrx_word'/>
</head>
<body>
  <div class='ocr_page' id='page_1' title='image "./cpliniisecundie00schgoog_0377.png"; bbox 0 0 2857 4690; ppageno 0'>
   <div class='ocr_carea' id='block_1_1' title="bbox 544 346 2088 420">
    <p class='ocr_par' dir='ltr' id='par_1_1' title="bbox 544 346 2088 420">
     <span class='ocr_line' id='line_1_1' title="bbox 544 346 2088 420; baseline -0.003 0"><span class='ocrx_word' id='word_1_1' title='bbox 544 346 683 420; x_wconf 86' lang='lat'><strong>366</strong></span> <span class='ocrx_word' id='word_1_2' title='bbox 1096 352 1175 418; x_wconf 91' lang='lat' dir='ltr'><strong>C.</strong></span> <span class='ocrx_word' id='word_1_3' title='bbox 1224 348 1570 419; x_wconf 85' lang='lat' dir='ltr'>PLINII</span> <span class='ocrx_word' id='word_1_4' title='bbox 1617 347 2088 417; x_wconf 83' lang='lat' dir='ltr'>SECUNDI</span> 
     </span>
    </p>
   </div>
   <div class='ocr_carea' id='block_1_2' title="bbox 474 478 2701 3653">
    <p class='ocr_par' dir='ltr' id='par_1_2' title="bbox 474 478 2701 3653">
     <span class='ocr_line' id='line_1_2' title="bbox 476 478 2701 576; baseline -0.001 -22"><span class='ocrx_word' id='word_1_5' title='bbox 476 508 505 541; x_wconf 81' lang='lat'>²</span> <span class='ocrx_word' id='word_1_6' title='bbox 542 498 609 554; x_wconf 88' lang='lat' dir='ltr'><strong>te</strong></span> <span class='ocrx_word' id='word_1_7' title='bbox 628 484 867 551; x_wconf 81' lang='lat' dir='ltr'><strong>iterum</strong></span> <span class='ocrx_word' id='word_1_8' title='bbox 891 482 1261 576; x_wconf 72' lang='lat' dir='ltr'>iterumque</span> <span class='ocrx_word' id='word_1_9' title='bbox 1284 478 1624 551; x_wconf 85' lang='lat' dir='ltr'><strong>consulem</strong></span> <span class='ocrx_word' id='word_1_10' title='bbox 1651 480 1898 549; x_wconf 87' lang='lat' dir='ltr'><strong>habere</strong></span> <span class='ocrx_word' id='word_1_11' title='bbox 1925 484 2289 576; x_wconf 88' lang='lat' dir='ltr'><strong>cupiamus.</strong></span> <span class='ocrx_word' id='word_1_12' title='bbox 2302 482 2701 551; x_wconf 83' lang='lat' dir='ltr'><strong>Remissius</strong></span> 
     </span>
     <span class='ocr_line' id='line_1_3' title="bbox 545 586 2700 681; baseline -0.001 -23"><span class='ocrx_word' id='word_1_13' title='bbox 545 587 721 659; x_wconf 86' lang='lat' dir='ltr'><strong>istud</strong></span> <span class='ocrx_word' id='word_1_14' title='bbox 750 586 1329 675; x_wconf 85' lang='lat' dir='ltr'><strong>contenderemus,</strong></span> <span class='ocrx_word' id='word_1_15' title='bbox 1356 586 1409 656; x_wconf 92' lang='lat' dir='ltr'><strong>si</strong></span> <span class='ocrx_word' id='word_1_16' title='bbox 1445 586 1663 656; x_wconf 86' lang='lat' dir='ltr'><strong>adhuc</strong></span> <span class='ocrx_word' id='word_1_17' title='bbox 1691 611 1830 657; x_wconf 88' lang='lat' dir='ltr'><strong>non</strong></span> <span class='ocrx_word' id='word_1_18' title='bbox 1861 588 2175 681; x_wconf 83' lang='lat' dir='ltr'><strong>sciremus</strong></span> <span class='ocrx_word' id='word_1_19' title='bbox 2191 640 2212 675; x_wconf 93' lang='lat'><strong>,</strong></span> <span class='ocrx_word' id='word_1_20' title='bbox 2245 586 2460 681; x_wconf 89' lang='lat' dir='ltr'><strong>qualis</strong></span> <span class='ocrx_word' id='word_1_21' title='bbox 2503 612 2700 657; x_wconf 87' lang='lat' dir='ltr'><strong>esses</strong></span> 
     </span>
     <span class='ocr_line' id='line_1_4' title="bbox 543 691 2696 789; baseline -0.002 -24"><span class='ocrx_word' id='word_1_22' title='bbox 543 694 842 765; x_wconf 81' lang='lat' dir='ltr'><strong>futurus:</strong></span> <span class='ocrx_word' id='word_1_23' title='bbox 874 691 1275 763; x_wconf 77' lang='lat' dir='ltr'><strong>tolerabilius</strong></span> <span class='ocrx_word' id='word_1_24' title='bbox 1306 692 1432 763; x_wconf 86' lang='lat' dir='ltr'><strong>suit</strong></span> <span class='ocrx_word' id='word_1_25' title='bbox 1444 746 1468 781; x_wconf 92' lang='lat'><strong>,</strong></span> <span class='ocrx_word' id='word_1_26' title='bbox 1515 694 2040 788; x_wconf 84' lang='lat' dir='ltr'><strong>experimentum</strong></span> <span class='ocrx_word' id='word_1_27' title='bbox 2069 695 2166 762; x_wconf 89' lang='lat' dir='ltr'><strong>tui</strong></span> <span class='ocrx_word' id='word_1_28' title='bbox 2195 693 2427 781; x_wconf 89' lang='lat' dir='ltr'><strong>nobis,</strong></span> <span class='ocrx_word' id='word_1_29' title='bbox 2469 718 2696 789; x_wconf 81' lang='lat' dir='ltr'><strong>quam</strong></span> 
     </span>
     <span class='ocr_line' id='line_1_5' title="bbox 474 797 2700 896; baseline -0.001 -27"><span class='ocrx_word' id='word_1_30' title='bbox 474 814 510 869; x_wconf 80' lang='lat'><strong>3</strong></span> <span class='ocrx_word' id='word_1_31' title='bbox 547 826 741 872; x_wconf 87' lang='lat' dir='ltr'><strong>usum</strong></span> <span class='ocrx_word' id='word_1_32' title='bbox 796 800 1041 896; x_wconf 86' lang='lat' dir='ltr'><strong>negari.</strong></span> <span class='ocrx_word' id='word_1_33' title='bbox 1081 799 1454 869; x_wconf 84' lang='lat' dir='ltr'><strong>Dabiturne</strong></span> <span class='ocrx_word' id='word_1_34' title='bbox 1503 823 1732 869; x_wconf 86' lang='lat' dir='ltr'><strong>rursus</strong></span> <span class='ocrx_word' id='word_1_35' title='bbox 1769 798 1993 868; x_wconf 74' lang='lat' dir='ltr'><strong>videre</strong></span> <span class='ocrx_word' id='word_1_36' title='bbox 2049 798 2390 870; x_wconf 90' lang='lat' dir='ltr'><strong>consulem</strong></span> <span class='ocrx_word' id='word_1_37' title='bbox 2441 797 2650 868; x_wconf 87' lang='lat' dir='ltr'><strong>illum</strong></span> <span class='ocrx_word' id='word_1_38' title='bbox 2667 798 2700 866; x_wconf 77' lang='grc' dir='ltr'><strong>Ξ)</strong></span> 
     </span>
     <span class='ocr_line' id='line_1_6' title="bbox 544 904 2696 1000; baseline -0.002 -23"><span class='ocrx_word' id='word_1_39' title='bbox 544 906 771 977; x_wconf 81' lang='lat' dir='ltr'><strong>audiet</strong></span> <span class='ocrx_word' id='word_1_40' title='bbox 824 920 894 975; x_wconf 89' lang='lat' dir='ltr'><strong>et</strong></span> <span class='ocrx_word' id='word_1_41' title='bbox 945 904 1177 975; x_wconf 85' lang='lat' dir='ltr'><strong>reddet</strong></span> <span class='ocrx_word' id='word_1_42' title='bbox 1198 958 1219 993; x_wconf 93' lang='lat'><strong>,</strong></span> <span class='ocrx_word' id='word_1_43' title='bbox 1270 929 1438 999; x_wconf 89' lang='lat' dir='ltr'><strong>quas</strong></span> <span class='ocrx_word' id='word_1_44' title='bbox 1491 906 1792 999; x_wconf 81' lang='lat' dir='ltr'><strong>proxime</strong></span> <span class='ocrx_word' id='word_1_45' title='bbox 1817 958 1838 992; x_wconf 95' lang='lat'><strong>,</strong></span> <span class='ocrx_word' id='word_1_46' title='bbox 1890 904 2142 975; x_wconf 82' lang='lat' dir='ltr'><strong>voces?</strong></span> <span class='ocrx_word' id='word_1_47' title='bbox 2199 906 2696 1000; x_wconf 64' lang='lat' dir='ltr'><strong>praestabitque</strong></span> 
     </span>
     <span class='ocr_line' id='line_1_7' title="bbox 547 1008 2687 1109; baseline -0.002 -26"><span class='ocrx_word' id='word_1_48' title='bbox 547 1012 860 1109; x_wconf 83' lang='lat' dir='ltr'><strong>gaudium</strong></span> <span class='ocrx_word' id='word_1_49' title='bbox 880 1064 899 1099; x_wconf 94' lang='lat'><strong>,</strong></span> <span class='ocrx_word' id='word_1_50' title='bbox 930 1025 1252 1106; x_wconf 88' lang='lat' dir='ltr'><strong>quantum</strong></span> <span class='ocrx_word' id='word_1_51' title='bbox 1282 1013 1424 1105; x_wconf 88' lang='lat' dir='ltr'><strong>ipse</strong></span> <span class='ocrx_word' id='word_1_52' title='bbox 1458 1008 1823 1106; x_wconf 83' lang='lat' dir='ltr'><strong>percipiet?</strong></span> <span class='ocrx_word' id='word_1_53' title='bbox 1856 1011 2231 1106; x_wconf 84' lang='lat' dir='ltr'><strong>praesidebit</strong></span> <span class='ocrx_word' id='word_1_54' title='bbox 2267 1009 2521 1080; x_wconf 81' lang='lat' dir='ltr'><strong>laetitiae</strong></span> <span class='ocrx_word' id='word_1_55' title='bbox 2561 1036 2687 1105; x_wconf 90' lang='lat' dir='ltr'><strong>pu-</strong></span> 
     </span>
     <span class='ocr_line' id='line_1_8' title="bbox 548 1114 2682 1213; baseline -0.002 -24"><span class='ocrx_word' id='word_1_56' title='bbox 548 1118 773 1205; x_wconf 79' lang='lat' dir='ltr'><strong>blicae,</strong></span> <span class='ocrx_word' id='word_1_57' title='bbox 806 1132 1039 1189; x_wconf 82' lang='lat' dir='ltr'><strong>auctor</strong></span> <span class='ocrx_word' id='word_1_58' title='bbox 1066 1118 1207 1213; x_wconf 88' lang='lat' dir='ltr'><strong>ejus</strong></span> <span class='ocrx_word' id='word_1_59' title='bbox 1232 1131 1302 1187; x_wconf 88' lang='lat' dir='ltr'><strong>et</strong></span> <span class='ocrx_word' id='word_1_60' title='bbox 1326 1114 1607 1187; x_wconf 80' lang='lat' dir='ltr'><strong>caussa?</strong></span> <span class='ocrx_word' id='word_1_61' title='bbox 1635 1118 2042 1211; x_wconf 81' lang='lat' dir='ltr'><strong>tentabitque</strong></span> <span class='ocrx_word' id='word_1_62' title='bbox 2067 1115 2350 1187; x_wconf 81' lang='lat' dir='ltr'><strong>affectus</strong></span> <span class='ocrx_word' id='word_1_63' title='bbox 2377 1131 2682 1201; x_wconf 88' lang='lat' dir='ltr'><strong>nostros,</strong></span> 
     </span>
     <span class='ocr_line' id='line_1_9' title="bbox 480 1221 2681 1319; baseline -0.005 -20"><span class='ocrx_word' id='word_1_64' title='bbox 480 1239 514 1299; x_wconf 72' lang='lat'><strong><em>⁴</em></strong></span> <span class='ocrx_word' id='word_1_65' title='bbox 550 1222 626 1294; x_wconf 86' lang='lat' dir='ltr'><strong>ut</strong></span> <span class='ocrx_word' id='word_1_66' title='bbox 654 1222 853 1311; x_wconf 86' lang='lat' dir='ltr'><strong>solet,</strong></span> <span class='ocrx_word' id='word_1_67' title='bbox 894 1224 1235 1311; x_wconf 90' lang='lat' dir='ltr'><strong>cohibere,</strong></span> <span class='ocrx_word' id='word_1_68' title='bbox 1278 1248 1401 1293; x_wconf 88' lang='lat' dir='ltr'><strong>nec</strong></span> <span class='ocrx_word' id='word_1_69' title='bbox 1437 1221 1719 1319; x_wconf 79' lang='lat' dir='ltr'><strong>poterit?</strong></span> <span class='ocrx_word' id='word_1_70' title='bbox 1751 1224 1898 1293; x_wconf 85' lang='lat' dir='ltr'><strong>Erit</strong></span> <span class='ocrx_word' id='word_1_71' title='bbox 1938 1224 2166 1317; x_wconf 87' lang='lat' dir='ltr'><strong>pietati</strong></span> <span class='ocrx_word' id='word_1_72' title='bbox 2209 1237 2483 1293; x_wconf 87' lang='lat' dir='ltr'><strong>senatus</strong></span> <span class='ocrx_word' id='word_1_73' title='bbox 2525 1248 2681 1291; x_wconf 90' lang='lat' dir='ltr'><strong>cum</strong></span> 
     </span>
     <span class='ocr_line' id='line_1_10' title="bbox 550 1328 2678 1423; baseline -0.001 -23"><span class='ocrx_word' id='word_1_74' title='bbox 550 1329 869 1400; x_wconf 86' lang='lat' dir='ltr'><strong>modestia</strong></span> <span class='ocrx_word' id='word_1_75' title='bbox 896 1330 1213 1423; x_wconf 87' lang='lat' dir='ltr'><strong>principis</strong></span> <span class='ocrx_word' id='word_1_76' title='bbox 1248 1328 1403 1398; x_wconf 84' lang='lat' dir='ltr'><strong>felix</strong></span> <span class='ocrx_word' id='word_1_77' title='bbox 1439 1330 1938 1423; x_wconf 87' lang='lat' dir='ltr'><strong>speciosumque</strong></span> <span class='ocrx_word' id='word_1_78' title='bbox 1969 1344 2306 1399; x_wconf 86' lang='lat' dir='ltr'><strong>certamen</strong></span> <span class='ocrx_word' id='word_1_79' title='bbox 2323 1382 2344 1416; x_wconf 95' lang='lat'><strong>,</strong></span> <span class='ocrx_word' id='word_1_80' title='bbox 2376 1352 2502 1398; x_wconf 89' lang='lat' dir='ltr'><strong>seu</strong></span> <span class='ocrx_word' id='word_1_81' title='bbox 2537 1329 2678 1397; x_wconf 74' lang='lat' dir='ltr'><strong>fine-</strong></span> 
     </span>
     <span class='ocr_line' id='line_1_11' title="bbox 550 1433 2680 1531; baseline -0.001 -26"><span class='ocrx_word' id='word_1_82' title='bbox 550 1438 641 1505; x_wconf 90' lang='lat' dir='ltr'><strong>rit</strong></span> <span class='ocrx_word' id='word_1_83' title='bbox 659 1437 834 1505; x_wconf 85' lang='lat' dir='ltr'><strong>victa</strong></span> <span class='ocrx_word' id='word_1_84' title='bbox 848 1486 867 1519; x_wconf 92' lang='lat'><strong>‚</strong></span> <span class='ocrx_word' id='word_1_85' title='bbox 889 1460 1005 1505; x_wconf 88' lang='lat' dir='ltr'><strong>seu</strong></span> <span class='ocrx_word' id='word_1_86' title='bbox 1026 1433 1295 1505; x_wconf 79' lang='lat' dir='ltr'><strong>vicerit?</strong></span> <span class='ocrx_word' id='word_1_87' title='bbox 1308 1435 1614 1529; x_wconf 88' lang='lat' dir='ltr'><strong>equidem</strong></span> <span class='ocrx_word' id='word_1_88' title='bbox 1642 1436 2041 1530; x_wconf 82' lang='lat' dir='ltr'><strong>incognitam</strong></span> <span class='ocrx_word' id='word_1_89' title='bbox 2067 1436 2451 1529; x_wconf 87' lang='lat' dir='ltr'><strong>quamdam,</strong></span> <span class='ocrx_word' id='word_1_90' title='bbox 2463 1436 2680 1531; x_wconf 83' lang='lat' dir='ltr'><strong>proxi-</strong></span> 
     </span>
     <span class='ocr_line' id='line_1_12' title="bbox 550 1539 2673 1637; baseline -0.001 -25"><span class='ocrx_word' id='word_1_91' title='bbox 550 1566 794 1637; x_wconf 85' lang='lat' dir='ltr'><strong>maque</strong></span> <span class='ocrx_word' id='word_1_92' title='bbox 848 1543 1167 1637; x_wconf 88' lang='lat' dir='ltr'><strong>majorem</strong></span> <span class='ocrx_word' id='word_1_93' title='bbox 1220 1564 1548 1635; x_wconf 79' lang='lat' dir='ltr'><strong>praesumo</strong></span> <span class='ocrx_word' id='word_1_94' title='bbox 1597 1539 1919 1611; x_wconf 66' lang='lat' dir='ltr'><strong>laetitiam:</strong></span> <span class='ocrx_word' id='word_1_95' title='bbox 1961 1542 2108 1636; x_wconf 81' lang='lat' dir='ltr'><strong>&#39;quis</strong></span> <span class='ocrx_word' id='word_1_96' title='bbox 2157 1543 2336 1610; x_wconf 89' lang='lat' dir='ltr'><strong>enim</strong></span> <span class='ocrx_word' id='word_1_97' title='bbox 2385 1554 2494 1610; x_wconf 88' lang='lat' dir='ltr'><strong>est</strong></span> <span class='ocrx_word' id='word_1_98' title='bbox 2540 1556 2673 1609; x_wconf 85' lang='lat' dir='ltr'><strong>tam</strong></span> 
     </span>
     <span class='ocr_line' id='line_1_13' title="bbox 553 1645 2673 1744; baseline -0 -27"><span class='ocrx_word' id='word_1_99' title='bbox 553 1645 862 1717; x_wconf 85' lang='lat' dir='ltr'><strong>imbecilli</strong></span> <span class='ocrx_word' id='word_1_100' title='bbox 894 1648 1187 1744; x_wconf 88' lang='lat' dir='ltr'><strong>ingenio,</strong></span> <span class='ocrx_word' id='word_1_101' title='bbox 1224 1650 1339 1741; x_wconf 93' lang='lat' dir='ltr'><strong>qui</strong></span> <span class='ocrx_word' id='word_1_102' title='bbox 1376 1671 1512 1716; x_wconf 90' lang='lat' dir='ltr'><strong>non</strong></span> <span class='ocrx_word' id='word_1_103' title='bbox 1547 1660 1736 1716; x_wconf 86' lang='lat' dir='ltr'><strong>tanto</strong></span> <span class='ocrx_word' id='word_1_104' title='bbox 1767 1646 2108 1717; x_wconf 88' lang='lat' dir='ltr'><strong>meliorem</strong></span> <span class='ocrx_word' id='word_1_105' title='bbox 2145 1645 2494 1718; x_wconf 86' lang='lat' dir='ltr'><strong>consulem</strong></span> <span class='ocrx_word' id='word_1_106' title='bbox 2531 1672 2673 1741; x_wconf 87' lang='lat' dir='ltr'><strong>spe-</strong></span> 
     </span>
     <span class='ocr_line' id='line_1_14' title="bbox 487 1750 2672 1848; baseline -0.001 -25"><span class='ocrx_word' id='word_1_107' title='bbox 487 1771 519 1823; x_wconf 78' lang='grc'><strong>5</strong></span> <span class='ocrx_word' id='word_1_108' title='bbox 554 1768 691 1840; x_wconf 87' lang='lat' dir='ltr'><strong>ret,</strong></span> <span class='ocrx_word' id='word_1_109' title='bbox 718 1767 967 1848; x_wconf 87' lang='lat' dir='ltr'><strong>quanto</strong></span> <span class='ocrx_word' id='word_1_110' title='bbox 1002 1754 1241 1848; x_wconf 82' lang='lat' dir='ltr'><strong>saepius</strong></span> <span class='ocrx_word' id='word_1_111' title='bbox 1270 1750 1510 1823; x_wconf 77' lang='lat' dir='ltr'><strong>fuerit?</strong></span> <span class='ocrx_word' id='word_1_112' title='bbox 1543 1751 1728 1823; x_wconf 79' lang='lat' dir='ltr'><strong>Alius</strong></span> <span class='ocrx_word' id='word_1_113' title='bbox 1763 1751 2055 1842; x_wconf 75' lang='lat' dir='ltr'><strong>laboreS,</strong></span> <span class='ocrx_word' id='word_1_114' title='bbox 2091 1754 2144 1823; x_wconf 91' lang='lat' dir='ltr'><strong>si</strong></span> <span class='ocrx_word' id='word_1_115' title='bbox 2178 1778 2315 1823; x_wconf 92' lang='lat' dir='ltr'><strong>non</strong></span> <span class='ocrx_word' id='word_1_116' title='bbox 2351 1754 2672 1823; x_wconf 89' lang='lat' dir='ltr'><strong>continuo</strong></span> 
     </span>
     <span class='ocr_line' id='line_1_15' title="bbox 556 1857 2670 1953; baseline -0.001 -22"><span class='ocrx_word' id='word_1_117' title='bbox 556 1884 627 1931; x_wconf 88' lang='lat' dir='ltr'><strong>se</strong></span> <span class='ocrx_word' id='word_1_118' title='bbox 660 1859 920 1931; x_wconf 81' lang='lat' dir='ltr'><strong>desidiae</strong></span> <span class='ocrx_word' id='word_1_119' title='bbox 954 1884 1032 1930; x_wconf 85' lang='lat' dir='ltr'><strong>ac</strong></span> <span class='ocrx_word' id='word_1_120' title='bbox 1066 1857 1393 1953; x_wconf 84' lang='lat' dir='ltr'><strong>voluptati</strong></span> <span class='ocrx_word' id='word_1_121' title='bbox 1424 1858 1738 1948; x_wconf 85' lang='lat' dir='ltr'><strong>dedisset,</strong></span> <span class='ocrx_word' id='word_1_122' title='bbox 1776 1860 1912 1929; x_wconf 90' lang='lat' dir='ltr'><strong>otio</strong></span> <span class='ocrx_word' id='word_1_123' title='bbox 1947 1874 2169 1929; x_wconf 88' lang='lat' dir='ltr'><strong>tamen</strong></span> <span class='ocrx_word' id='word_1_124' title='bbox 2207 1874 2276 1929; x_wconf 87' lang='lat' dir='ltr'><strong>et</strong></span> <span class='ocrx_word' id='word_1_125' title='bbox 2307 1860 2535 1953; x_wconf 89' lang='lat' dir='ltr'><strong>quiete</strong></span> <span class='ocrx_word' id='word_1_126' title='bbox 2565 1884 2670 1928; x_wconf 89' lang='lat' dir='ltr'><strong>re·-</strong></span> 
     </span>
     <span class='ocr_line' id='line_1_16' title="bbox 556 1962 2672 2061; baseline -0.001 -26"><span class='ocrx_word' id='word_1_127' title='bbox 556 1980 841 2036; x_wconf 86' lang='lat' dir='ltr'><strong>creasset</strong></span> <span class='ocrx_word' id='word_1_128' title='bbox 888 1990 905 2033; x_wconf 74' lang='grc' dir='ltr'><em>τ</em></span> <span class='ocrx_word' id='word_1_129' title='bbox 956 1966 1067 2035; x_wconf 87' lang='lat' dir='ltr'><strong>hic</strong></span> <span class='ocrx_word' id='word_1_130' title='bbox 1116 1962 1572 2035; x_wconf 84' lang='lat' dir='ltr'><strong>consularibus</strong></span> <span class='ocrx_word' id='word_1_131' title='bbox 1623 1965 1800 2035; x_wconf 85' lang='lat' dir='ltr'><strong>euris</strong></span> <span class='ocrx_word' id='word_1_132' title='bbox 1859 1964 2192 2036; x_wconf 85' lang='lat' dir='ltr'><strong>exsolutus</strong></span> <span class='ocrx_word' id='word_1_133' title='bbox 2207 2018 2228 2054; x_wconf 93' lang='lat'><strong>,</strong></span> <span class='ocrx_word' id='word_1_134' title='bbox 2277 1963 2672 2061; x_wconf 84' lang='lat' dir='ltr'><strong>principales</strong></span> 
     </span>
     <span class='ocr_line' id='line_1_17' title="bbox 554 2069 2672 2167; baseline 0 -26"><span class='ocrx_word' id='word_1_135' title='bbox 554 2073 1091 2167; x_wconf 52' lang='lat' dir='ltr'><strong>resumpsit-‚tam</strong></span> <span class='ocrx_word' id='word_1_136' title='bbox 1120 2069 1399 2165; x_wconf 87' lang='lat' dir='ltr'><strong>diligens</strong></span> <span class='ocrx_word' id='word_1_137' title='bbox 1418 2074 1948 2165; x_wconf 84' lang='lat' dir='ltr'><strong>temperamenti,</strong></span> <span class='ocrx_word' id='word_1_138' title='bbox 1968 2086 2042 2140; x_wconf 92' lang='lat' dir='ltr'><strong>ut</strong></span> <span class='ocrx_word' id='word_1_139' title='bbox 2063 2096 2187 2142; x_wconf 90' lang='lat' dir='ltr'><strong>nec</strong></span> <span class='ocrx_word' id='word_1_140' title='bbox 2215 2070 2510 2143; x_wconf 83' lang='lat' dir='ltr'><strong>consulis</strong></span> <span class='ocrx_word' id='word_1_141' title='bbox 2535 2070 2672 2141; x_wconf 89' lang='lat' dir='ltr'><strong>offi-</strong></span> 
     </span>
     <span class='ocr_line' id='line_1_18' title="bbox 488 2174 2666 2273; baseline -0.001 -25"><span class='ocrx_word' id='word_1_142' title='bbox 488 2194 525 2248; x_wconf 79' lang='lat'><strong>6</strong></span> <span class='ocrx_word' id='word_1_143' title='bbox 558 2179 733 2249; x_wconf 87' lang='lat' dir='ltr'><strong>cium</strong></span> <span class='ocrx_word' id='word_1_144' title='bbox 768 2179 1074 2273; x_wconf 85' lang='lat' dir='ltr'><strong>princeps</strong></span> <span class='ocrx_word' id='word_1_145' title='bbox 1089 2227 1112 2263; x_wconf 92' lang='lat'><strong>,</strong></span> <span class='ocrx_word' id='word_1_146' title='bbox 1148 2200 1274 2247; x_wconf 88' lang='lat' dir='ltr'><strong>nec</strong></span> <span class='ocrx_word' id='word_1_147' title='bbox 1308 2176 1624 2271; x_wconf 87' lang='lat' dir='ltr'><strong>principis</strong></span> <span class='ocrx_word' id='word_1_148' title='bbox 1661 2176 1892 2247; x_wconf 87' lang='lat' dir='ltr'><strong>consul</strong></span> <span class='ocrx_word' id='word_1_149' title='bbox 1924 2192 2281 2273; x_wconf 88' lang='lat' dir='ltr'><strong>appeteret.</strong></span> <span class='ocrx_word' id='word_1_150' title='bbox 2319 2174 2666 2261; x_wconf 85' lang='lat' dir='ltr'><strong>Videmus,</strong></span> 
     </span>
     <span class='ocr_line' id='line_1_19' title="bbox 556 2281 2667 2380; baseline -0.001 -25"><span class='ocrx_word' id='word_1_151' title='bbox 556 2298 635 2355; x_wconf 90' lang='lat' dir='ltr'><strong>ut</strong></span> <span class='ocrx_word' id='word_1_152' title='bbox 680 2284 1170 2380; x_wconf 86' lang='lat' dir='ltr'><strong>provinciarum</strong></span> <span class='ocrx_word' id='word_1_153' title='bbox 1209 2281 1548 2353; x_wconf 86' lang='lat' dir='ltr'><strong>desideriis</strong></span> <span class='ocrx_word' id='word_1_154' title='bbox 1563 2336 1582 2372; x_wconf 96' lang='lat'><strong>,</strong></span> <span class='ocrx_word' id='word_1_155' title='bbox 1625 2296 1702 2352; x_wconf 89' lang='lat' dir='ltr'><strong>ut</strong></span> <span class='ocrx_word' id='word_1_156' title='bbox 1739 2281 2146 2378; x_wconf 83' lang='lat' dir='ltr'><strong>singularum</strong></span> <span class='ocrx_word' id='word_1_157' title='bbox 2185 2284 2384 2354; x_wconf 86' lang='lat' dir='ltr'><strong>etiam</strong></span> <span class='ocrx_word' id='word_1_158' title='bbox 2437 2284 2667 2354; x_wconf 80' lang='lat' dir='ltr'><strong>civita-</strong></span> 
     </span>
     <span class='ocr_line' id='line_1_20' title="bbox 556 2387 2666 2484; baseline 0 -24"><span class='ocrx_word' id='word_1_159' title='bbox 556 2405 701 2460; x_wconf 88' lang='lat' dir='ltr'><strong>tum</strong></span> <span class='ocrx_word' id='word_1_160' title='bbox 724 2389 1030 2484; x_wconf 90' lang='lat' dir='ltr'><strong>precibus</strong></span> <span class='ocrx_word' id='word_1_161' title='bbox 1054 2403 1382 2460; x_wconf 81' lang='lat' dir='ltr'><strong>occurrat.</strong></span> <span class='ocrx_word' id='word_1_162' title='bbox 1411 2387 1614 2459; x_wconf 86' lang='lat' dir='ltr'><strong>Nulla</strong></span> <span class='ocrx_word' id='word_1_163' title='bbox 1638 2391 1708 2459; x_wconf 87' lang='lat' dir='ltr'><strong>in</strong></span> <span class='ocrx_word' id='word_1_164' title='bbox 1734 2388 2061 2459; x_wconf 88' lang='lat' dir='ltr'><strong>audiendo</strong></span> <span class='ocrx_word' id='word_1_165' title='bbox 2085 2387 2475 2479; x_wconf 79' lang='lat' dir='ltr'><strong>difficultaS,</strong></span> <span class='ocrx_word' id='word_1_166' title='bbox 2498 2389 2666 2460; x_wconf 78' lang='lat' dir='ltr'><strong>nulla</strong></span> 
     </span>
     <span class='ocr_line' id='line_1_21' title="bbox 557 2494 2662 2590; baseline 0.001 -26"><span class='ocrx_word' id='word_1_167' title='bbox 557 2496 629 2564; x_wconf 90' lang='lat' dir='ltr'><strong>in</strong></span> <span class='ocrx_word' id='word_1_168' title='bbox 656 2494 1117 2590; x_wconf 89' lang='lat' dir='ltr'><strong>respondendo</strong></span> <span class='ocrx_word' id='word_1_169' title='bbox 1143 2519 1333 2565; x_wconf 87' lang='lat' dir='ltr'><strong>mora</strong></span> <span class='ocrx_word' id='word_1_170' title='bbox 1364 2494 1654 2564; x_wconf 85' lang='lat' dir='ltr'><strong>:adeunt</strong></span> <span class='ocrx_word' id='word_1_171' title='bbox 1681 2495 1931 2583; x_wconf 84' lang='lat' dir='ltr'><strong>statim,</strong></span> <span class='ocrx_word' id='word_1_172' title='bbox 1960 2494 2384 2565; x_wconf 88' lang='lat' dir='ltr'><strong>dimittuntur</strong></span> <span class='ocrx_word' id='word_1_173' title='bbox 2407 2499 2662 2583; x_wconf 80' lang='lat' dir='ltr'><strong>statim3</strong></span> 
     </span>
     <span class='ocr_line' id='line_1_22' title="bbox 560 2598 2662 2696; baseline 0 -27"><span class='ocrx_word' id='word_1_174' title='bbox 560 2601 953 2695; x_wconf 86' lang='lat' dir='ltr'><strong>tandemque</strong></span> <span class='ocrx_word' id='word_1_175' title='bbox 990 2603 1305 2696; x_wconf 81' lang='lat' dir='ltr'><strong>principis</strong></span> <span class='ocrx_word' id='word_1_176' title='bbox 1348 2600 1525 2671; x_wconf 84' lang='lat' dir='ltr'><strong>fores</strong></span> <span class='ocrx_word' id='word_1_177' title='bbox 1573 2598 1836 2671; x_wconf 86' lang='lat' dir='ltr'><strong>exclusa</strong></span> <span class='ocrx_word' id='word_1_178' title='bbox 1867 2598 2270 2696; x_wconf 83' lang='lat' dir='ltr'><strong>legationum</strong></span> <span class='ocrx_word' id='word_1_179' title='bbox 2305 2601 2503 2671; x_wconf 83' lang='lat' dir='ltr'><strong>turha</strong></span> <span class='ocrx_word' id='word_1_180' title='bbox 2539 2627 2662 2671; x_wconf 89' lang='lat' dir='ltr'><strong>non</strong></span> 
     </span>
     <span class='ocr_line' id='line_1_23' title="bbox 560 2705 1876 2782; baseline -0.008 -7"><span class='ocrx_word' id='word_1_181' title='bbox 560 2705 836 2775; x_wconf 89' lang='lat' dir='ltr'><strong>obsidet.</strong></span> <span class='ocrx_word' id='word_1_182' title='bbox 1873 2777 1876 2782; x_wconf 22' lang='lat'>¹</span> 
     </span>
     <span class='ocr_line' id='line_1_24' title="bbox 664 2811 2661 2909; baseline -0.002 -22"><span class='ocrx_word' id='word_1_183' title='bbox 664 2813 946 2887; x_wconf 85' lang='lat' dir='ltr'><strong>LXXX.</strong></span> <span class='ocrx_word' id='word_1_184' title='bbox 992 2811 1217 2903; x_wconf 83' lang='lat' dir='ltr'><strong>Quid?</strong></span> <span class='ocrx_word' id='word_1_185' title='bbox 1248 2813 1321 2882; x_wconf 91' lang='lat' dir='ltr'><strong>in</strong></span> <span class='ocrx_word' id='word_1_186' title='bbox 1360 2813 1668 2886; x_wconf 87' lang='lat' dir='ltr'><strong>omnibus</strong></span> <span class='ocrx_word' id='word_1_187' title='bbox 1709 2813 2229 2908; x_wconf 83' lang='lat' dir='ltr'><strong>cognitionibus,</strong></span> <span class='ocrx_word' id='word_1_188' title='bbox 2265 2837 2466 2909; x_wconf 87' lang='lat' dir='ltr'><strong>quam</strong></span> <span class='ocrx_word' id='word_1_189' title='bbox 2501 2815 2661 2884; x_wconf 84' lang='lat' dir='ltr'><strong>mitis</strong></span> 
     </span>
     <span class='ocr_line' id='line_1_25' title="bbox 561 2915 2656 3014; baseline -0 -25"><span class='ocrx_word' id='word_1_190' title='bbox 561 2921 875 2989; x_wconf 83' lang='lat' dir='ltr'><strong>severitas</strong></span> <span class='ocrx_word' id='word_1_191' title='bbox 890 2973 911 3007; x_wconf 91' lang='lat'><strong>,</strong></span> <span class='ocrx_word' id='word_1_192' title='bbox 960 2941 1163 3013; x_wconf 87' lang='lat' dir='ltr'><strong>quam</strong></span> <span class='ocrx_word' id='word_1_193' title='bbox 1188 2930 1341 2989; x_wconf 80' lang='lat' dir='ltr'><strong>&#39;non</strong></span> <span class='ocrx_word' id='word_1_194' title='bbox 1388 2917 1707 2990; x_wconf 88' lang='lat' dir='ltr'><strong>dissoluta</strong></span> <span class='ocrx_word' id='word_1_195' title='bbox 1757 2915 2149 2989; x_wconf 84' lang='lat' dir='ltr'><strong>clementia!</strong></span> <span class='ocrx_word' id='word_1_196' title='bbox 2196 2943 2335 2990; x_wconf 91' lang='lat' dir='ltr'><strong>non</strong></span> <span class='ocrx_word' id='word_1_197' title='bbox 2387 2918 2656 3014; x_wconf 89' lang='lat' dir='ltr'><strong>locuple·</strong></span> 
     </span>
     <span class='ocr_line' id='line_1_26' title="bbox 560 3023 2658 3122; baseline 0.001 -28"><span class='ocrx_word' id='word_1_198' title='bbox 560 3025 762 3094; x_wconf 89' lang='lat' dir='ltr'><strong>tando</strong></span> <span class='ocrx_word' id='word_1_199' title='bbox 800 3025 964 3094; x_wconf 87' lang='lat' dir='ltr'><strong>fisco</strong></span> <span class='ocrx_word' id='word_1_200' title='bbox 1004 3023 1224 3113; x_wconf 79' lang='lat' dir='ltr'><strong>sedeS,</strong></span> <span class='ocrx_word' id='word_1_201' title='bbox 1266 3049 1388 3095; x_wconf 90' lang='lat' dir='ltr'><strong>nec</strong></span> <span class='ocrx_word' id='word_1_202' title='bbox 1427 3024 1604 3094; x_wconf 88' lang='lat' dir='ltr'><strong>aliud</strong></span> <span class='ocrx_word' id='word_1_203' title='bbox 1651 3025 1770 3094; x_wconf 91' lang='lat' dir='ltr'><strong>tibi</strong></span> <span class='ocrx_word' id='word_1_204' title='bbox 1813 3027 2150 3096; x_wconf 68' lang='lat' dir='ltr'><strong>sententiae</strong></span> <span class='ocrx_word' id='word_1_205' title='bbox 2186 3041 2318 3096; x_wconf 86' lang='lat' dir='ltr'><strong>tuae</strong></span> <span class='ocrx_word' id='word_1_206' title='bbox 2357 3027 2658 3122; x_wconf 87' lang='lat' dir='ltr'><strong>pretium,</strong></span> 
     </span>
     <span class='ocr_line' id='line_1_27' title="bbox 496 3127 2657 3227; baseline 0 -28"><span class='ocrx_word' id='word_1_207' title='bbox 496 3166 525 3199; x_wconf 75' lang='lat' dir='ltr'><strong>a</strong></span> <span class='ocrx_word' id='word_1_208' title='bbox 558 3155 759 3227; x_wconf 86' lang='lat' dir='ltr'><strong>quam</strong></span> <span class='ocrx_word' id='word_1_209' title='bbox 802 3127 973 3198; x_wconf 88' lang='lat' dir='ltr'><strong>bene</strong></span> <span class='ocrx_word' id='word_1_210' title='bbox 1017 3129 1359 3222; x_wconf 85' lang='lat' dir='ltr'><strong>judicasse.</strong></span> <span class='ocrx_word' id='word_1_211' title='bbox 1410 3133 1602 3201; x_wconf 87' lang='lat' dir='ltr'><strong>Stant</strong></span> <span class='ocrx_word' id='word_1_212' title='bbox 1651 3145 1806 3202; x_wconf 87' lang='lat' dir='ltr'><strong>ante</strong></span> <span class='ocrx_word' id='word_1_213' title='bbox 1853 3145 1920 3202; x_wconf 88' lang='lat' dir='ltr'><strong>te</strong></span> <span class='ocrx_word' id='word_1_214' title='bbox 1971 3131 2330 3227; x_wconf 85' lang='lat' dir='ltr'><strong>litigatores</strong></span> <span class='ocrx_word' id='word_1_215' title='bbox 2345 3183 2366 3218; x_wconf 93' lang='lat'><strong>,</strong></span> <span class='ocrx_word' id='word_1_216' title='bbox 2416 3157 2547 3202; x_wconf 92' lang='lat' dir='ltr'><strong>non</strong></span> <span class='ocrx_word' id='word_1_217' title='bbox 2583 3133 2657 3202; x_wconf 87' lang='lat' dir='ltr'><strong>de</strong></span> 
     </span>
     <span class='ocr_line' id='line_1_28' title="bbox 558 3235 2654 3324; baseline 0.001 -18"><span class='ocrx_word' id='word_1_218' title='bbox 558 3237 843 3306; x_wconf 87' lang='lat' dir='ltr'><strong>fortunis</strong></span> <span class='ocrx_word' id='word_1_219' title='bbox 885 3235 1053 3323; x_wconf 86' lang='lat' dir='ltr'><strong>suis,</strong></span> <span class='ocrx_word' id='word_1_220' title='bbox 1104 3235 1221 3304; x_wconf 89' lang='lat' dir='ltr'><strong>sed</strong></span> <span class='ocrx_word' id='word_1_221' title='bbox 1259 3237 1342 3305; x_wconf 92' lang='lat' dir='ltr'><strong>de</strong></span> <span class='ocrx_word' id='word_1_222' title='bbox 1392 3251 1508 3309; x_wconf 81' lang='lat' dir='ltr'><strong>tua</strong></span> <span class='ocrx_word' id='word_1_223' title='bbox 1547 3239 2022 3308; x_wconf 82' lang='lat' dir='ltr'><strong>existimatione</strong></span> <span class='ocrx_word' id='word_1_224' title='bbox 2063 3236 2333 3324; x_wconf 84' lang='lat' dir='ltr'><strong>soliciti;</strong></span> <span class='ocrx_word' id='word_1_225' title='bbox 2375 3263 2496 3308; x_wconf 87' lang='lat' dir='ltr'><strong>nec</strong></span> <span class='ocrx_word' id='word_1_226' title='bbox 2535 3253 2654 3308; x_wconf 89' lang='lat' dir='ltr'><strong>tam</strong></span> 
     </span>
     <span class='ocr_line' id='line_1_29' title="bbox 558 3339 2651 3439; baseline 0.002 -29"><span class='ocrx_word' id='word_1_227' title='bbox 558 3357 906 3429; x_wconf 81' lang='lat' dir='ltr'><strong>verentur,</strong></span> <span class='ocrx_word' id='word_1_228' title='bbox 954 3339 1115 3436; x_wconf 92' lang='lat' dir='ltr'><strong>quid</strong></span> <span class='ocrx_word' id='word_1_229' title='bbox 1169 3341 1251 3410; x_wconf 90' lang='lat' dir='ltr'><strong>de</strong></span> <span class='ocrx_word' id='word_1_230' title='bbox 1280 3357 1536 3412; x_wconf 85' lang='lat' dir='ltr'><strong>&#39;caussa</strong></span> <span class='ocrx_word' id='word_1_231' title='bbox 1581 3367 1734 3432; x_wconf 89' lang='lat' dir='ltr'><strong>sua,</strong></span> <span class='ocrx_word' id='word_1_232' title='bbox 1787 3369 1989 3439; x_wconf 87' lang='lat' dir='ltr'><strong>quam</strong></span> <span class='ocrx_word' id='word_1_233' title='bbox 2035 3343 2194 3439; x_wconf 91' lang='lat' dir='ltr'><strong>quid</strong></span> <span class='ocrx_word' id='word_1_234' title='bbox 2247 3344 2334 3414; x_wconf 88' lang='lat' dir='ltr'><strong>de</strong></span> <span class='ocrx_word' id='word_1_235' title='bbox 2385 3346 2651 3414; x_wconf 86' lang='lat' dir='ltr'><strong>moribus</strong></span> 
     </span>
     <span class='ocr_line' id='line_1_30' title="bbox 492 3447 2650 3544; baseline 0.002 -29"><span class='ocrx_word' id='word_1_236' title='bbox 492 3462 526 3515; x_wconf 84' lang='grc'><strong>3</strong></span> <span class='ocrx_word' id='word_1_237' title='bbox 560 3451 815 3519; x_wconf 88' lang='lat' dir='ltr'><strong>sentias.</strong></span> <span class='ocrx_word' id='word_1_238' title='bbox 847 3449 911 3517; x_wconf 93' lang='grc' dir='ltr'><strong>Ο</strong></span> <span class='ocrx_word' id='word_1_239' title='bbox 950 3472 1108 3518; x_wconf 84' lang='lat' dir='ltr'><strong>vere</strong></span> <span class='ocrx_word' id='word_1_240' title='bbox 1148 3447 1464 3542; x_wconf 87' lang='lat' dir='ltr'><strong>principis</strong></span> <span class='ocrx_word' id='word_1_241' title='bbox 1481 3499 1504 3535; x_wconf 91' lang='lat'><strong>,</strong></span> <span class='ocrx_word' id='word_1_242' title='bbox 1542 3463 1739 3544; x_wconf 89' lang='lat' dir='ltr'><strong>atque</strong></span> <span class='ocrx_word' id='word_1_243' title='bbox 1777 3451 1977 3520; x_wconf 87' lang='lat' dir='ltr'><strong>etiam</strong></span> <span class='ocrx_word' id='word_1_244' title='bbox 2021 3449 2345 3539; x_wconf 87' lang='lat' dir='ltr'><strong>consulis,</strong></span> <span class='ocrx_word' id='word_1_245' title='bbox 2387 3452 2650 3522; x_wconf 87' lang='lat' dir='ltr'><strong>reconci-</strong></span> 
     </span>
     <span class='ocr_line' id='line_1_31' title="bbox 559 3551 2649 3653; baseline 0.002 -32"><span class='ocrx_word' id='word_1_246' title='bbox 559 3551 719 3623; x_wconf 90' lang='lat' dir='ltr'><strong>liare</strong></span> <span class='ocrx_word' id='word_1_247' title='bbox 742 3552 1011 3624; x_wconf 64' lang='lat' dir='ltr'><strong>aemulas</strong></span> <span class='ocrx_word' id='word_1_248' title='bbox 1045 3556 1375 3638; x_wconf 88' lang='lat' dir='ltr'><strong>civitates,</strong></span> <span class='ocrx_word' id='word_1_249' title='bbox 1412 3567 1868 3650; x_wconf 88' lang='lat' dir='ltr'><strong>tumentesque</strong></span> <span class='ocrx_word' id='word_1_250' title='bbox 1908 3555 2190 3653; x_wconf 77' lang='lat' dir='ltr'><strong>populos</strong></span> <span class='ocrx_word' id='word_1_251' title='bbox 2226 3581 2365 3626; x_wconf 88' lang='lat' dir='ltr'><strong>non</strong></span> <span class='ocrx_word' id='word_1_252' title='bbox 2404 3558 2649 3653; x_wconf 87' lang='lat' dir='ltr'><strong>imperio</strong></span> 
     </span>
    </p>
   </div>
   <div class='ocr_carea' id='block_1_3' title="bbox 558 3781 2646 4179">
    <p class='ocr_par' dir='ltr' id='par_1_3' title="bbox 558 3781 2646 4097">
     <span class='ocr_line' id='line_1_32' title="bbox 628 3781 2646 3860; baseline 0.003 -26"><span class='ocrx_word' id='word_1_253' title='bbox 628 3781 875 3835; x_wconf 77' lang='lat' dir='ltr'>Lxxlx.</span> <span class='ocrx_word' id='word_1_254' title='bbox 905 3785 958 3837; x_wconf 87' lang='lat'><strong>6.</strong></span> <span class='ocrx_word' id='word_1_255' title='bbox 988 3789 1053 3835; x_wconf 81' lang='lat' dir='ltr'><strong>In</strong></span> <span class='ocrx_word' id='word_1_256' title='bbox 1078 3785 1348 3836; x_wconf 77' lang='lat' dir='ltr'><strong>audiendo-</strong></span> <span class='ocrx_word' id='word_1_257' title='bbox 1368 3781 1578 3854; x_wconf 68' lang='lat' dir='ltr'><strong>Lipsius</strong></span> <span class='ocrx_word' id='word_1_258' title='bbox 1661 3801 1890 3855; x_wconf 79' lang='lat' dir='ltr'><strong>namque</strong></span> <span class='ocrx_word' id='word_1_259' title='bbox 1901 3786 2186 3859; x_wconf 80' lang='lat' dir='ltr'><strong>opponitur</strong></span> <span class='ocrx_word' id='word_1_260' title='bbox 2203 3787 2646 3860; x_wconf 43' lang='lat' dir='ltr'><strong>iutmpondmdos.</strong></span> 
     </span>
     <span class='ocr_line' id='line_1_33' title="bbox 558 3859 2642 3938; baseline 0.002 -23"><span class='ocrx_word' id='word_1_261' title='bbox 558 3860 851 3932; x_wconf 75' lang='lat' dir='ltr'><strong>suspicatur</strong></span> <span class='ocrx_word' id='word_1_262' title='bbox 865 3865 1092 3915; x_wconf 77' lang='lat' dir='ltr'><strong>adeundo</strong></span> <span class='ocrx_word' id='word_1_263' title='bbox 1106 3884 1127 3924; x_wconf 86' lang='lat'><strong>,-</strong></span> <span class='ocrx_word' id='word_1_264' title='bbox 1154 3863 1241 3917; x_wconf 88' lang='lat' dir='ltr'><strong>cui</strong></span> <span class='ocrx_word' id='word_1_265' title='bbox 1258 3859 1578 3934; x_wconf 75' lang='lat' dir='ltr'><strong>respondeat</strong></span> <span class='ocrx_word' id='word_1_266' title='bbox 1731 3863 1950 3938; x_wconf 88' lang='lat' dir='ltr'>LXXX.</span> <span class='ocrx_word' id='word_1_267' title='bbox 1989 3883 2039 3919; x_wconf 62' lang='grc' dir='ltr'><strong>π.</strong></span> <span class='ocrx_word' id='word_1_268' title='bbox 2075 3871 2151 3917; x_wconf 77' lang='lat' dir='ltr'><strong>De</strong></span> <span class='ocrx_word' id='word_1_269' title='bbox 2175 3880 2265 3919; x_wconf 79' lang='lat' dir='ltr'><strong>tua</strong></span> <span class='ocrx_word' id='word_1_270' title='bbox 2303 3870 2642 3920; x_wconf 54' lang='lat' dir='ltr'><strong>“humatione</strong></span> 
     </span>
     <span class='ocr_line' id='line_1_34' title="bbox 560 3939 2646 4020; baseline 0.004 -26"><span class='ocrx_word' id='word_1_271' title='bbox 560 3939 691 3994; x_wconf 88' lang='lat' dir='ltr'><strong>illud</strong></span> <span class='ocrx_word' id='word_1_272' title='bbox 712 3979 727 4006; x_wconf 88' lang='lat'><strong>,</strong></span> <span class='ocrx_word' id='word_1_273' title='bbox 771 3942 955 3992; x_wconf 78' lang='lat' dir='ltr'><strong>adeunt</strong></span> <span class='ocrx_word' id='word_1_274' title='bbox 980 3945 1149 3994; x_wconf 73' lang='lat' dir='ltr'><strong>statim</strong></span> <span class='ocrx_word' id='word_1_275' title='bbox 1175 3963 1195 3995; x_wconf 92' lang='lat'><strong>.·</strong></span> <span class='ocrx_word' id='word_1_276' title='bbox 1229 3939 1323 3996; x_wconf 80' lang='lat' dir='ltr'><strong>sed</strong></span> <span class='ocrx_word' id='word_1_277' title='bbox 1352 3959 1454 3994; x_wconf 82' lang='lat' dir='ltr'><strong>nec</strong></span> <span class='ocrx_word' id='word_1_278' title='bbox 1489 3961 1579 3992; x_wconf 64' lang='lat' dir='ltr'><strong>au»-</strong></span> <span class='ocrx_word' id='word_1_279' title='bbox 1663 3943 1762 3995; x_wconf 82' lang='lat' dir='ltr'><strong>Res</strong></span> <span class='ocrx_word' id='word_1_280' title='bbox 1779 3942 1892 4014; x_wconf 76' lang='lat' dir='ltr'><strong>ipsa</strong></span> <span class='ocrx_word' id='word_1_281' title='bbox 1915 3942 2190 4018; x_wconf 59' lang='lat' dir='ltr'><strong>loquitari,</strong></span> <span class='ocrx_word' id='word_1_282' title='bbox 2212 3965 2322 4000; x_wconf 83' lang='lat' dir='ltr'><strong>non</strong></span> <span class='ocrx_word' id='word_1_283' title='bbox 2344 3948 2473 4020; x_wconf 85' lang='lat' dir='ltr'><strong>quid</strong></span> <span class='ocrx_word' id='word_1_284' title='bbox 2494 3948 2568 4001; x_wconf 75' lang='lat' dir='ltr'><strong>alii</strong></span> <span class='ocrx_word' id='word_1_285' title='bbox 2587 3947 2646 4002; x_wconf 84' lang='lat' dir='ltr'><strong>de</strong></span> 
     </span>
     <span class='ocr_line' id='line_1_35' title="bbox 560 4017 2646 4097; baseline 0.004 -25"><span class='ocrx_word' id='word_1_286' title='bbox 560 4022 741 4072; x_wconf 78' lang='lat' dir='ltr'><strong>diendo</strong></span> <span class='ocrx_word' id='word_1_287' title='bbox 761 4017 997 4074; x_wconf 80' lang='lat' dir='ltr'><strong>damnat.</strong></span> <span class='ocrx_word' id='word_1_288' title='bbox 1016 4021 1086 4074; x_wconf 88' lang='lat' dir='ltr'><strong>G.</strong></span> <span class='ocrx_word' id='word_1_289' title='bbox 1666 4022 1900 4086; x_wconf 64' lang='lat' dir='ltr'><strong>casm,</strong></span> <span class='ocrx_word' id='word_1_290' title='bbox 1911 4021 2004 4076; x_wconf 78' lang='lat' dir='ltr'><strong>sed</strong></span> <span class='ocrx_word' id='word_1_291' title='bbox 2021 4021 2090 4077; x_wconf 84' lang='lat' dir='ltr'><strong>de</strong></span> <span class='ocrx_word' id='word_1_292' title='bbox 2107 4043 2162 4079; x_wconf 79' lang='lat' dir='ltr'><strong>se</strong></span> <span class='ocrx_word' id='word_1_293' title='bbox 2179 4025 2312 4097; x_wconf 86' lang='lat' dir='ltr'><strong>quid</strong></span> <span class='ocrx_word' id='word_1_294' title='bbox 2327 4027 2491 4080; x_wconf 71' lang='lat' dir='ltr'><strong>Cesar</strong></span> <span class='ocrx_word' id='word_1_295' title='bbox 2501 4027 2646 4080; x_wconf 83' lang='lat' dir='ltr'><strong>existi-</strong></span> 
     </span>
    </p>

    <p class='ocr_par' dir='ltr' id='par_1_4' title="bbox 630 4097 2642 4179">
     <span class='ocr_line' id='line_1_36' title="bbox 630 4097 2642 4179; baseline 0.003 -29"><span class='ocrx_word' id='word_1_296' title='bbox 630 4099 963 4150; x_wconf 79' lang='lat' dir='ltr'><strong>—Audiendo</strong></span> <span class='ocrx_word' id='word_1_297' title='bbox 974 4097 1127 4152; x_wconf 88' lang='lat' dir='ltr'><strong>unice</strong></span> <span class='ocrx_word' id='word_1_298' title='bbox 1136 4117 1319 4154; x_wconf 79' lang='lat' dir='ltr'><strong>verum</strong></span> <span class='ocrx_word' id='word_1_299' title='bbox 1328 4099 1576 4156; x_wconf 71' lang='lat' dir='ltr'><strong>arbitror:</strong></span> <span class='ocrx_word' id='word_1_300' title='bbox 1671 4113 1798 4164; x_wconf 86' lang='lat' dir='ltr'><strong>met,</strong></span> <span class='ocrx_word' id='word_1_301' title='bbox 1819 4099 1918 4154; x_wconf 82' lang='lat' dir='ltr'><strong>hos</strong></span> <span class='ocrx_word' id='word_1_302' title='bbox 1929 4101 2211 4174; x_wconf 67' lang='lat' dir='ltr'><strong>litigatores</strong></span> <span class='ocrx_word' id='word_1_303' title='bbox 2229 4103 2576 4179; x_wconf 57' lang='lat' dir='ltr'><strong>solicitosjeuse.</strong></span> <span class='ocrx_word' id='word_1_304' title='bbox 2586 4105 2642 4158; x_wconf 90' lang='lat' dir='ltr'><strong>G.</strong></span> 
     </span>
    </p>
   </div>
  </div>
 </body>
</html>
