2857 4690
750 344 759 352 ’
834 374 1369 444 EPISTOLA
1420 374 1678 443 xvn.

2228 367 2320 440 33

200 499 512 568 damnum
534 521 555 584 ;
579 522 793 591 eoque
824 497 953 566 sibi
984 519 1264 592 magnos
1300 497 1604 567 homines
1639 509 1706 564 et
1739 493 2068 588 sapientes
2093 494 2322 564 videri.
2359 547 2366 554 .

200 609 338 697 Qui
380 633 462 678 an
512 609 743 703 magni
784 611 1246 704 sapientesque
1299 609 1468 694 sint,
1513 607 1736 698 neseio
1775 631 1790 674 :
1838 605 2144 674 homines
2187 631 2324 673 non

202 735 377 789 sunt.
415 719 729 788 Hominis
776 735 877 790 est
920 722 1099 790 enim
1149 718 1328 790 affici
1372 719 1636 806 dolore,
1689 719 1973 801 sentire,
2023 718 2326 785 resistere
2361 725 2392 783 4

207 844 465 916 tamen,
500 844 569 899 et
601 829 831 900 solatia
868 831 1257 918 admittere3
1283 855 1420 899 non
1441 885 1462 918 ‚
1491 829 1741 900 solatiis
1773 851 1911 897 non
1951 852 2168 922 egere.
2187 829 2324 894 Ve-
2363 845 2394 898 5

202 965 349 1008 rum
394 938 479 1009 de
528 939 637 1009 his
682 939 877 1036 plura
930 939 1243 1031 fortasse,
1292 965 1496 1037 quam
1546 940 1781 1025 debui,
1821 939 1936 1008 sed
1978 939 2329 1033 pauciora,

200 1075 399 1145 quam
436 1049 649 1120 volui.
688 1053 807 1120 Est
846 1049 1028 1120 enim
1070 1051 1375 1146 quaedam
1417 1053 1617 1121 etiam
1659 1048 1926 1118 dolendi
1971 1046 2326 1142 voluptas:

200 1163 567 1256 prasertim
607 1163 662 1228 si
706 1162 774 1229 in
817 1162 1012 1231 amici
1056 1165 1205 1231 sinu
1250 1161 1527 1248 defleas,
1576 1159 1756 1255 apud
1799 1183 2000 1254 quem
2043 1157 2332 1227 lacrimis

204 1272 333 1340 tuis
360 1270 463 1342 vel
493 1269 641 1340 laus
668 1272 755 1340 sit
778 1285 1045 1366 parata,
1074 1271 1176 1341 vel
1205 1275 1415 1344 venia.
1437 1269 1621 1342 Vale.

204 1483 288 1526 nu·
301 1491 483 1526 servus
496 1512 514 1538 ,
542 1471 681 1526 illud
698 1471 859 1526 modo
882 1484 1189 1544 computant
1203 1512 1220 1537 ,

204 1553 383 1622 quanti
396 1552 560 1606 suerit
575 1591 591 1616 ,
606 1552 793 1624 quanti
806 1553 911 1606 emi
924 1553 1060 1608 alius
1075 1571 1222 1625 aeque

204 1631 371 1684 bonus
395 1632 597 1702 possit3
624 1632 867 1685 amicitie
886 1671 900 1696 ,
929 1644 981 1686 et
1006 1651 1069 1685 ex
1092 1651 1221 1686 con·

206 1709 483 1764 suetudine
502 1710 809 1775 suavitatis,
830 1711 1087 1764 rationem
1106 1711 1223 1764 nul-

204 1788 305 1842 lam
322 1790 543 1844 habeut.
560 1789 757 1862 Tangit
773 1803 949 1844 autem
966 1792 1225 1845 Catonem

206 1871 491 1942 majorem,
514 1874 791 1937 Sapientem
816 1869 1048 1934 dietum,
1072 1871 1225 1944 cujus

206 1967 327 2020 erga
372 1967 553 2002 servos
590 1950 795 2002 vetulos
827 1950 911 2002 vel
951 1950 1223 2003 morbosos

204 2027 596 2092 inhumanitas,
616 2047 780 2101 quam
798 2029 959 2082 etium
973 2029 1029 2081 in
1044 2029 1223 2083 libello

204 2105 269 2159 de
287 2127 348 2160 re
364 2108 600 2171 rustica,
618 2125 739 2178 cap.
764 2127 820 2170 3,
842 2119 1081 2162 testatam
1100 2108 1224 2161 reli·

207 2186 352 2256 quit,
385 2197 499 2240 tum
533 2187 605 2239 ab
634 2183 779 2251 aliis,
815 2198 931 2240 tum
962 2206 993 2239 a
1024 2186 1225 2241 Plutar-

212 2404 467 2425 §mm

1318 1473 1420 1526 cho
1435 1473 1717 1546 praesertim
1731 1511 1746 1537 ‚
1767 1471 2191 1544 reprehenditur.
2201 1468 2311 1523 Vid
2321 1510 2333 1522 .

1316 1571 1444 1625 pag.
1483 1553 1582 1607 333
1617 1547 1811 1626 Bryani
1829 1591 1845 1616 ‚
1871 1552 1960 1605 ubi
1991 1571 2100 1604 non
2123 1555 2177 1607 τὸ
2204 1553 2333 1623 ἄγαν

1318 1636 1545 1706 ἀγεννὲς,
1587 1630 1680 1686 sed
1721 1638 1778 1689 τὸ
1817 1636 1943 1706 ἄγαν
1988 1633 2154 1694 ἀτενὲς
2170 1670 2185 1691 ,
2225 1649 2336 1682 non

1318 1714 1638 1765 humilitatem
1660 1723 1712 1766 et
1730 1716 2001 1782 ignaviam,
2025 1710 2116 1766 sed
2137 1711 2340 1762 austeri-

1320 1807 1470 1844 tatem
1491 1795 1886 1860 severitatemque
1903 1792 2124 1844 nimiam
2139 1827 2155 1853 ‚
2176 1787 2338 1862 objici

1320 1872 1512 1925 Catoni
1530 1908 1546 1934 ,
1572 1870 1701 1923 alias
1726 1871 2140 1923 observavimus.
2167 1867 2235 1920 G.

1394 1951 1446 2005 5.
1476 1953 1690 2001 Dolendi
1707 1954 1957 2017 voluptas.
1983 1947 2208 2000 Pulchre
2231 1946 2340 1998 huc

1321 2027 1651 2084 advocarunt
1683 2027 1820 2082 illud
1851 2025 2012 2080 Ovid.
2043 2027 2204 2078 Trist.
2237 2027 2338 2090 IV,

1321 2125 1420 2172 111,
1442 2109 1509 2178 37
1535 2127 1547 2157 z
1577 2123 1649 2158 est
1670 2110 1901 2175 quoedam
1915 2111 2048 2179 flere
2072 2110 2303 2174 voluptas
2322 2127 2341 2156 .-

1320 2189 2107 2257 Eaepleturlaaymisegeriturque
2116 2182 2340 2236 dolor-G.

809 2400 2342 2425 “mmmmmmmwwmmmussm

1111 2594 1413 2682 XVII.

210 2818 676 2880 Exundationem
688 2818 917 2879 Tiberis
946 2833 1006 2879 et
1036 2821 1273 2879 Anienis
1300 2832 1528 2892 narrat,
1555 2827 1766 2897 roghns
1793 2830 1858 2877 ut
1884 2818 1994 2877 sibi
2023 2819 2341 2890 nuntietur,

648 2916 862 2995 siquid
884 2916 1065 2975 simile
1091 2917 1151 2975 in
1178 2917 1303 2976 aliis
1329 2916 1562 2996 proediis
1590 2915 1904 2975 accidisset.

622 3124 687 3171 c.
741 3122 1093 3171 mamus
1142 3122 1544 3170 incanto
1581 3100 1612 3131 ²*
1655 3125 1808 3172 suo
1860 3126 1914 3172 s.

310 3308 507 3379 Nux
559 3305 709 3376 istic
756 3328 1025 3400 quoque
1074 3304 1329 3374 immite
1379 3320 1446 3374 et
1497 3306 1843 3377 turbidum
1894 3306 2171 3377 caelum?
2217 3309 2344 3379 Hic

214 3418 493 3489 assidua
548 3406 1008 3511 tempestateS‚
1054 3428 1121 3484 et
1178 3414 1409 3485 crebra
1469 3415 1738 3485 diluvia.
1778 3416 2036 3485 Tiberis
2084 3415 2345 3488 alveum

214 3531 517 3613 excessit,
550 3544 617 3599 et
648 3520 1143 3597 demissioribus
1170 3527 1333 3621 ripis
1358 3525 1490 3595 alte
1520 3525 2048 3620 superfunditur.
2083 3530 2344 3619 Quam·
2384 3564 2413 3601 2

214 3662 417 3731 quam
461 3636 634 3707 fossa
653 3691 674 3724 ‚
708 3661 910 3739 quam
945 3635 1566 3732 providentissimus
1603 3636 1968 3730 imperator
2001 3637 2156 3710 fecit
2175 3667 2343 3727 ‚ex-

286 3839 507 3893 XVII!
528 3840 608 3893 De
638 3832 867 3891 Μαι-διο
900 3840 1009 3893 vid.
1046 3838 1119 3895 ad
1142 3841 1231 3905 11,

216 3938 301 3991 ep
320 3939 373 3991 7·
396 3918 817 3975 Celhriusiutei.
840 3922 1109 3971 Minucium
1124 3924 1235 3970 Ma·

217 4003 427 4061 viarm,
454 3999 734 4071 dequ01‚
758 4018 838 4071 ep.
866 4006 958 4064 14,
981 3998 1031 4051 5.
1054 4000 1161 4053 En.

294 4096 342 4131 ι.
366 4082 636 4132 Dea-inim
659 4091 771 4132 erat
795 4080 909 4152 ripa
933 4079 1139 4132 Tiberin
1162 4078 1234 4132 si·-

220 4158 417 4223 πίστι-η
454 4159 611 4212 altior
636 4169 821 4212 conti-a
850 4156 1029 4213 dextra
1053 4176 1235 4213 versus

512 4248 617 4314 II.

1328 3839 1594 3894 Etruriam
1611 3838 1746 3903 3vid.
1759 3838 2144 3907 adHor.Od.I‚
2164 3863 2186 3897 1
2199 3846 2336 3909 ms.

1402 3940 1430 3973 3
1439 3960 1453 3973 .
1469 3924 1781 3988 Quanquam.
1791 3962 1803 3974 .
1812 3961 1827 3975 .
1839 3925 2142 3976 ,exhumata
2161 3924 2342 3977 Conti-

1330 3997 1544 4052 nuanda
1561 4038 1576 4061 ,
1591 3998 1800 4068 opinor,
1819 4001 2251 4057 antecedentibus
2261 4044 2272 4054 .
2287 4002 2343 4056 S.

1329 4081 1848 4133 *providentissimus
1867 4079 1954 4133 ille
1967 4085 2232 4149 imperator
2247 4079 2350 4132 fuit

1330 4158 1506 4211 Nerva
1519 4194 1535 4222 ‚
1557 4158 1640 4213 vel
1657 4158 1935 4235 Traianus.
1957 4160 2064 4313 ΕΞ.
