2857 4690
820 397 1343 465 EPISTOLA
1390 399 1703 466 LXXV.
2197 396 2316 464 181

249 603 647 624 m
652 605 1019 624 mmm&
1024 606 1109 623 m
1113 603 1383 623 mm
1390 602 2311 624 mmmwflmmmm

871 781 1231 870 LXXV.
1288 779 1652 900 (LXXI)

364 1012 575 1066 Locum
606 1006 883 1065 idoneum
909 1005 1193 1078 ostendit,
1222 1003 1325 1064 ubi
1354 1004 1681 1078 balineum,
1709 1005 1796 1064 ab·
1813 1007 2165 1084 imperatore

628 1102 1011 1162 Prusensibus
1044 1122 1375 1162 concessum
1393 1147 1410 1176 ,
1439 1103 1621 1180 possit
1647 1105 1882 1164 exstrui.

631 1313 696 1359 C.
752 1315 1105 1362 PLINIUS
1150 1314 1546 1360 TRAJANO
1601 1315 1776 1360 IMP.
1827 1315 1880 1360 S.

304 1493 681 1580 QUAERENTI
710 1493 1223 1580 mihi,Domine
1245 1495 1509 1576 ,Prusae
1545 1493 1659 1561 ubi
1701 1507 1917 1586 posset
1953 1493 2318 1580 balineum,

222 1601 381 1694 quod
414 1599 775 1686 indulsisti,
816 1601 989 1684 fieri,
1020 1601 1272 1696 placuit
1291 1599 1510 1688 locuS,
1544 1603 1611 1670 in
1649 1627 1782 1697 quo
1805 1601 1928 1671 fuit
1958 1601 2321 1697 aliquando

220 1709 467 1798 domuS,
503 1727 581 1781 ut
606 1711 836 1799 audi0,
862 1711 1171 1805 pulchra,
1208 1735 1389 1780 nunc
1426 1712 1745 1781 deformis
1773 1715 2002 1782 ruinis.
2031 1717 2159 1782 Per
2189 1715 2316 1784 hoc

218 1822 375 1890 enim
400 1847 923 1917 consequemur,
959 1837 1035 1890 ut
1060 1821 1423 1891 foedissima
1459 1822 1658 1890 facies
1690 1822 1971 1891 civitatis
2005 1839 2312 1909 ornetur,

214 1945 395 2024 atque
428 1933 665 2019 etiam,
705 1946 785 2001 ut
826 1932 968 2026 ipsa
1010 1932 1241 2001 civitas
1276 1930 1666 2025 amplietur,
1701 1957 1824 2000 nec
1862 1931 1997 2002 ulla
2035 1921 2310 2002 aedificia

212 2039 547 2125 tollantur,
576 2042 694 2110 sed
720 2067 866 2136 quae
901 2058 1057 2110 sunt
1094 2056 1419 2111 vetustate
1446 2040 1788 2135 sublapsa,
1822 2056 2216 2136 reparentur
2241 2045 2307 2110 in

210 2149 449 2220 melius
494 2153 617 2220 Est
641 2167 864 2219 autem
898 2151 1098 2245 hujus
1132 2150 1369 2219 domus
1406 2150 1700 2220 conditio
1737 2149 1908 2219 talis.
1943 2153 2311 2245 Legaverat

210 2283 339 2328 eam
385 2260 707 2330 Claudius
750 2259 1095 2356 Polyaenus
1140 2260 1423 2331 Claudio
1473 2261 1751 2349 Caesari,
1779 2259 2199 2355 jusseratque
2241 2263 2308 2331 in

210 2370 531 2467 peristylio
552 2370 874 2464 templum
906 2372 967 2439 ei
987 2372 1132 2440 fieri
1150 2425 1168 2455 ‚
1201 2370 1454 2466 reliqua
1477 2396 1558 2439 ex
1579 2368 1777 2439 domo
1800 2369 2004 2439 locari
2021 2424 2040 2455 ‚
2068 2397 2148 2440 ex
2175 2398 2310 2467 quo

208 2480 477 2551 reditum
524 2480 933 2575 aliquamdiu
986 2482 1217 2551 civitas
1268 2484 1618 2577 percepit:
1677 2481 1916 2550 deinde
1966 2482 2308 2576 paullatim

208 2592 433 2681 partim
471 2588 788 2683 spoliata,
825 2592 1067 2684 partim
1108 2591 1446 2685 neglecta,
1489 2616 1644 2661 cum
1678 2591 2018 2687 peristylio
2073 2592 2312 2663 domus

204 2712 329 2767 tota
366 2696 661 2793 collapsa
712 2714 809 2768 est
842 2726 859 2767 t
890 2724 967 2768 ac
997 2700 1137 2793 jam
1178 2725 1367 2795 paene
1406 2700 1572 2770 nihil
1615 2723 1696 2769 ex
1744 2726 1820 2771 ea
1845 2755 1864 2790 ‚
1917 2702 2043 2771 nisi
2093 2700 2306 2772 solum

203 2826 488 2904 superest
518 2836 537 2878 τ
574 2810 756 2903 quod
786 2824 858 2879 tu
880 2862 901 2895 ,
944 2812 1266 2894 Domine,
1300 2812 1438 2881 sive
1473 2810 1820 2880 donaveris
1853 2812 2138 2897 civitati,
2173 2812 2308 2881 sive

202 2922 409 2989 venire
437 2920 749 3013 jusseri3‚
788 2936 1061 3014 propter
1095 2922 1666 3015 opportunitatem
1705 2921 1834 2991 loci
1881 2946 2008 3016 pro
2045 2946 2308 2991 summo

200 3054 465 3101 munere
491 3032 793 3125 accipiet.
831 3032 1011 3125 Ego,
1044 3032 1098 3101 si
1132 3032 1536 3126 permiseri8‚
1567 3033 1792 3125 cogito
1825 3032 1895 3100 in
1915 3056 2069 3100 area
2101 3056 2308 3101 vacua

200 3140 525 3211 balineum
578 3140 945 3228 collocare3
978 3167 1132 3211 eum
1182 3155 1405 3211 autem
1461 3139 1718 3225 locum,
1753 3142 1822 3209 in
1861 3166 1996 3235 quo
2031 3140 2308 3209 aedificia

198 3250 490 3340 fuerunt,
518 3250 806 3320 exhedra
834 3267 903 3320 et
928 3253 1293 3346 porticibus
1319 3250 1664 3345 amplecti,
1701 3267 1901 3346 atque
1925 3252 2046 3320 tibi
2075 3274 2306 3318 conse-

254 3450 473 3507 LXXV.
502 3470 553 3505 1.
579 3458 759 3503 Prusoe.
790 3450 947 3505 Caret
976 3452 1078 3505 hoc
1106 3470 1197 3505 vo·
1296 3452 1522 3505 exerceri
1545 3452 1643 3504 snb
1665 3452 1768 3505 illis
1785 3489 1799 3516 ,
1824 3464 1914 3505 aut
1945 3450 2306 3513 inambulare,

192 3530 369 3585 cabulo
400 3530 677 3585 cortiana.
712 3531 867 3583 Male.
896 3530 949 3584 S.
966 3560 1037 3571 —-
1058 3535 1205 3598 Quod
1294 3544 1385 3584 aut
1405 3544 1638 3602 spectare
1660 3529 1890 3601 denique
1916 3529 2044 3583 alios
2060 3570 2075 3595 ,
2095 3529 2305 3583 vellent.

188 3612 441 3665 indulsisti.
469 3610 643 3681 Supra
670 3628 758 3679 ep.
780 3608 865 3663 3⁵.
887 3610 955 3662 G.
1294 3609 1544 3663 Monendi
1557 3609 1778 3663 subinde
1792 3609 1873 3661 his
1886 3606 1954 3660 de
1965 3610 2121 3663 rebus
2143 3608 2308 3662 nostri

258 3710 307 3743 ει.
332 3690 597 3743 Claudium
622 3690 903 3753 Polyaenum
920 3698 1110 3759 putant
1132 3686 1197 3737 li·
1294 3687 1554 3754 homines,
1572 3708 1759 3761 quum,
1771 3690 1841 3740 ob
1857 3686 2118 3742 diversam
2129 3702 2180 3743 et
2199 3690 2310 3742 caeli

190 3768 389 3823 bertum
416 3766 581 3819 fuisse
602 3763 813 3819 Claudii
833 3765 1068 3818 Caesnris.
1092 3764 1197 3817 En.
1296 3770 1460 3821 nostri
1485 3782 1534 3822 et
1567 3768 1682 3821 vitm
1711 3768 1998 3832 rationem,
2027 3768 2079 3821 in
2103 3772 2307 3843 magnis

190 3875 256 3886 —
270 3853 327 3897 In
338 3848 613 3915 peristylio.
632 3842 778 3897 Loco
798 3843 1033 3916 undique
1051 3844 1201 3896 colu·
1297 3846 1454 3900 etiam
1471 3848 1688 3899 urbibus
1699 3848 1830 3899 nihil
1843 3847 1946 3901 tale
1961 3850 2306 3906 exstethodie.

188 3944 427 3977 mnarum
464 3921 741 3977 ordinibus
773 3934 1023 3993 consepto
1038 3964 1053 3988 ‚
1080 3922 1200 3996 qui-
1298 3926 1422 3979 vid.
1444 3938 1552 3979 not.
1559 3945 1718 3999 prox.
1735 3928 1798 3979 G.

186 4004 285 4055 hus
303 4016 499 4057 tectum
528 4001 829 4072 impositum
846 4039 861 4066 ,
888 4002 989 4055 sub
1014 4022 1121 4074 quo
1146 4018 1197 4057 et
1364 4005 1417 4057 3.
1446 4006 1698 4056 Exhedta.
1724 4004 1894 4058 Unice
1923 4006 2029 4060 huc
2061 4006 2183 4062 facit
2203 4010 2304 4061 Vi-

184 4082 349 4135 libero
359 4100 483 4135 aere
494 4079 625 4143 frui,
640 4079 908 4133 etaradiis
920 4081 1196 4149 solaribus,
1295 4096 1432 4136 truv.
1461 4084 1531 4147 V,
1578 4101 1599 4134 1
1614 4101 1663 4146 1,
1707 4084 1796 4137 ubi
1838 4084 1906 4137 de
1949 4086 2302 4155 paloestrarum

186 4162 513 4235 pluviisque,
550 4160 651 4212 tuti
686 4178 797 4213 esse
828 4174 1069 4232 possent,
1104 4163 1197 4233 qui
1294 4162 1724 4216 aedificationibus
1750 4165 2216 4217 :nconstituuntur
2249 4166 2306 4216 iu

2346 3048 2377 3096 3
