2857 4690
486 354 620 439 130
1117 354 1193 420 c.
1250 354 1592 423 PLINII
1649 355 1836 423 Lus.
1887 359 1974 423 x.

476 482 718 574 quibus
747 478 993 572 alioqui
1030 502 1374 571 nunquam
1410 500 1590 545 eram
1619 481 2001 572 promiscue
2031 481 2330 569 iunctm,
2367 508 2616 553 renun-

398 626 425 659 2
474 592 666 679 davi,
702 605 778 657 ut
812 603 957 658 toto
991 587 1253 674 anime,
1294 586 1593 680 delegato
1628 589 1792 657 'mihi
1827 589 2054 659 officio
2085 615 2411 661 vacarem.
2445 592 2610 681 Qua

472 727 554 770 ex
581 725 844 785 caussa,
864 725 1081 793 quum
1106 712 1467 793 patronum
1495 724 1604 769 me
1629 699 2067 793 provinciales
2085 715 2423 799 optassent
2449 726 2620 771 con—

470 828 576 882 tra
623 814 918 885 Marium
958 812 1291 895 Priscum,
1332 824 1401 877 et
1435 810 1598 903 petii
1638 813 1902 879 veniam
1934 812 2135 904 hujus
2176 814 2509 900 muneriS‚
2546 828 2618 882 et

468 924 865 1017 impetravi3
923 920 1037 991 sed
1080 945 1289 1015 quum
1336 936 1569 1018 postea
1608 921 1842 995 consul
1881 921 2275 1019 designatus
2313 925 2613 995 censuis-

468 1049 597 1117 set,
636 1031 971 1128 agendum
998 1030 1393 1117 nobiscum,
1430 1056 1720 1125 quorum
1757 1048 1902 1103 erat
1939 1034 2278 1104 excusatio
2315 1050 2618 1130 recepta,

464 1158 543 1213 ut
588 1167 875 1212 essemus
926 1143 997 1209 in
1040 1156 1306 1211 senatus
1352 1156 1680 1235 potestate
1699 1198 1718 1231 ‚
1767 1160 2280 1241 pateremurque
2335 1146 2618 1215 nomina

464 1268 698 1322 nostra
744 1254 813 1321 in
864 1276 1103 1321 urnam
1148 1248 1431 1344 conjici,
1480 1256 2184 1326 convenientissimum
2235 1282 2375 1325 esse
2418 1272 2612 1325 tran-

462 1362 779 1460 quillitati
816 1362 1038 1433 saeculi
1084 1364 1348 1456 putavi,
1387 1366 1754 1459 praesertim
1785 1380 1922 1435 tam
1963 1366 2319 1435 moderatae
2359 1364 2609 1435 volun-

394 1503 425 1554 3
464 1477 585 1545 tati
614 1474 1005 1570 amplissimi
1035 1473 1290 1542 ordinis
1318 1498 1457 1541 non
1487 1498 1885 1570 repugnare.
1919 1478 2048 1546 Cui
2077 1476 2400 1571 obsequio
2427 1498 2617 1561 meo,

464 1603 660 1682 opto,
692 1601 775 1669 ut
808 1586 1143 1653 existimes
1178 1598 1488 1653 constare
1524 1585 1891 1674 rationem,
1925 1610 2140 1681 quum
2177 1585 2408 1657 omnia
2437 1582 2620 1655 facta

462 1697 772 1790 dictaque
811 1718 959 1763 mea
996 1694 1285 1789 probare
1328 1696 1760 1765 sanctissimis
1797 1697 2100 1767 moribus
2143 1697 2276 1765 tuis
2317 1696 2617 1791 cupiam.

458 1868 830 1943 antiquissimis
864 1867 976 1931 Diis
1006 1880 1059 1927 et
1091 1866 1257 1926 atatis
1280 1867 1489 1921 ratione
1585 1869 1677 1921 ubi
1705 1872 1840 1923 loeus
1868 1872 2148 1939 assignatae
2183 1872 2283 1919 oedi
2310 1872 2426 1937 Opis
2451 1884 2501 1919 ee
2521 1874 2622 1933 sa·-

458 1952 631 2007 avaris
650 1948 892 2003 oerarium
918 1946 1206 2001 credidisse
1229 1945 1456 1999 Romani
1471 1986 1487 2011 ,
1553 1950 1556 1955 '
1585 1952 1720 2000 turni
1740 1946 1961 2011 dicitur,
1981 1960 2082 2003 etc.
2107 1950 2227 2002 Non
2249 1947 2426 2001 omisit
2451 1947 2622 2001 hosce

455 2044 517 2087 ut
533 2030 661 2102 opi,
678 2028 784 2082 hoc
802 2025 1119 2092 est,Telluri
1130 2027 1365 2079 Deorum
1378 2024 1493 2077 Ma·
1586 2028 1722 2081 Deos
1751 2028 2004 2099 paredros
2027 2028 2110 2081 vir
2136 2027 2324 2081 doctus
2351 2026 2622 2099 Georgius

452 2111 549 2171 tri,
572 2108 641 2162 de
654 2126 763 2182 quo
774 2108 890 2168 Cic.
913 2106 1047 2159 Phil.
1072 2107 1098 2158 1
1114 2118 1263 2176 ‚7,et
1288 2106 1374 2174 11,
1408 2118 1492 2177 πή,
1587 2105 1860 2159 d'Amaud
1875 2146 1891 2171 ,
1917 2126 1968 2161 c.
1993 2106 2194 2160 xxm.
2212 2104 2287 2159 G.

454 2191 515 2243 it.
558 2192 649 2260 37,
680 2200 735 2243 et
770 2188 1027 2250 Saturno,
1064 2184 1133 2239 de
1164 2204 1276 2257 qum
1312 2186 1476 2242 etiam
1663 2205 1712 2244 2.
1753 2190 1938 2241 θωνα
1972 2190 2188 2239 Marum
2223 2190 2457 2241 Priscum.
2478 2184 2614 2242 vid.

453 2272 599 2324 Suet.
627 2266 821 2321 Claud.
850 2286 899 2319 c.
922 2264 1285 2329 XXIV.Quin
1311 2284 1480 2318 unum
1577 2284 1742 2336 supra
1771 2266 1849 2327 ῙῙ,
1888 2285 1906 2317 ι
1923 2284 1967 2317 1.
1989 2266 2059 2319 G.
2085 2297 2155 2307 --
2177 2270 2358 2318 Consul
2380 2268 2614 2332 designa-

452 2349 701 2424 idemque
727 2345 985 2418 templum
1010 2344 1222 2416 Saturni
1245 2358 1297 2399 et
1318 2345 1478 2416 Opis,
1577 2360 1669 2396 ms.
1700 2344 1903 2411 Quidni
1928 2351 2147 2398 consules
2173 2347 2458 2414 desig-naci?
2487 2343 2622 2396 Fuit

452 2449 597 2482 nunc
616 2447 648 2482 a
674 2427 894 2488 marim,
924 2443 1067 2479 nuuc
1095 2425 1165 2476 ab
1192 2442 1357 2478 uxore
1383 2421 1480 2478 de·
1577 2423 1713 2477 forte
1751 2426 1807 2478 in
1840 2425 1975 2480 libro
2017 2427 2236 2499 antiquo
2279 2441 2414 2480 coss.
2457 2441 2619 2477 nass.

452 2508 786 2560 nominatum
806 2502 1017 2556 videtur
1029 2501 1482 2558 suisse.Habuisse
1578 2503 1766 2558 ultima
1799 2504 1950 2558 litera
1979 2505 2135 2559 facile
2167 2504 2347 2580 periit.
2387 2501 2493 2555 Sed
2524 2521 2624 2573 po-

455 2589 598 2641 enim
624 2601 964 2640 communem
985 2581 1152 2635 aedem
1172 2583 1271 2634 hos
1288 2585 1480 2655 conju-
1579 2583 1676 2637 tuit
1696 2597 1871 2640 tamen
1899 2585 2016 2637 fieri
2030 2624 2046 2649 ,
2075 2597 2136 2638 ut
2159 2585 2291 2638 alter
2317 2583 2605 2636 consulum

453 2676 801 2740 ges,apparet
815 2661 1479 2726 nonexP.Victoremod0,
1579 2661 1974 2736 designatorum
2009 2666 2180 2738 primo
2225 2665 2296 2716 ita
2335 2665 2606 2724 censuerit,

452 2746 547 2823 qui
571 2745 801 2818 Regione
826 2753 1013 2795 octava
1034 2758 1078 2794 ι’.
1102 2741 1220 2798 foro
1242 2741 1482 2797 Romano
1576 2741 1747 2816 (quod
1759 2745 2078 2798 senatorium
2099 2743 2319 2796 verbum
2338 2745 2436 2809 est)
2450 2741 2614 2812 eique

451 2829 608 2876 cedem
642 2827 758 2898 Opis
795 2837 843 2872 et
872 2823 1079 2874 Saturni
1110 2821 1335 2892 junctim
1378 2839 1484 2872 me-
1579 2821 1670 2874 alii
1685 2835 1872 2896 postea
1895 2823 2104 2878 adsensi
2121 2823 2247 2876 siut.
2269 2821 2452 2886 Quare
2471 2819 2610 2871 nihil

452 2915 651 2968 morat,
680 2921 848 2978 quum
869 2898 1015 2976 apud
1041 2899 1255 2954 Sextum
1282 2901 1480 2957 Rufum
1578 2912 1764 2955 contra
1788 2903 1950 2956 libros
1971 2903 2062 2956 hic
2081 2899 2420 2956 mutandum.
2447 2897 2518 2952 G.
2535 2929 2612 2939 —

452 2982 635 3038 eadem
666 2981 899 3052 Regione
934 2977 1098 3032 solius
1132 2983 1335 3031 Samma·
1365 2995 1483 3032 tem·
1578 2987 1638 3032 In
1660 3003 1836 3034 umam
1855 2985 2049 3052 conjici.
2077 2983 2153 3033 Ut
2179 2993 2322 3036 sorte
2349 2977 2606 3032 definire-

441 3067 585 3130 plu'm
619 3061 923 3114 nominetur
948 3076 965 3110 2
989 3056 1085 3110 sed
1116 3059 1273 3112 etiam
1307 3077 1370 3112 ex
1400 3060 1480 3113 in·
1577 3063 1821 3136 tiu-,quis
1843 3063 1981 3114 inter
1993 3061 2423 3137 pluresasenatu
2433 3054 2610 3106 nomi-

454 3139 739 3214 script'ione
761 3136 907 3212 apud
926 3136 1215 3190 Gruterum
1232 3156 1287 3210 p.
1310 3141 1397 3204 26,
1419 3141 1476 3204 3,
1574 3153 1726 3193 natos
1740 3153 2012 3196 accusaret
2023 3140 2254 3194 Marium
2267 3133 2599 3190 Priscumss.

454 3313 1032 3336 §tvm-mmm·
1035 3315 1530 3336 ”ww-M
1533 3318 1616 3335 'Bu
1621 3316 2042 3336 mwssmmu
2047 3314 2138 3333 §a
2141 3311 2608 3332 mmm

1261 3404 1516 3549 xxi
1581 3462 1800 3580 (IV)

1074 3660 1532 3756 <fluimus
1583 3661 1890 3708 nmo
1943 3662 1994 3704 s.

551 3800 653 3870 ΕΤ
696 3796 861 3869 civis
898 3810 969 3866 et
1011 3795 1339 3868 senatoris
1386 3794 1549 3864 boni
1597 3795 1904 3889 partibus
1947 3795 2220 3864 functus
2265 3817 2370 3876 es,
2413 3793 2610 3862 obse-

455 3911 693 4006 quium
724 3899 1117 4001 amplissimi
1146 3903 1439 3991 ordiniS‚
1471 3905 1654 4000 quod
1672 3905 2040 3997 justissime
2069 3902 2413 3998 exigebat,
2439 3925 2610 3998 prae·

456 4020 713 4092 stand0.
756 4016 944 4105 Quas
983 4031 1203 4112 partes
1242 4013 1676 4112 impleturum
1716 4030 1781 4084 te
1819 4013 2186 4088 secundum
2226 4026 2606 4104 susceptam

458 4130 659 4212 fidem
702 4125 989 4197 confido.
