2857 4690
862 340 1384 412 EPISTOLA
1436 339 1655 407 XIII.

2221 343 2314 416 65

202 468 521 538 facturum
554 491 663 534 me
693 463 1099 558 indicarem,
1130 461 1311 557 quod
1348 486 1432 530 an
1475 461 1756 530 facerem
1802 487 1939 530 non
1981 463 2311 536 delibera-

200 578 345 646 bam
383 603 399 644 ε
438 591 755 671 expertus
792 559 959 660 usti,
998 573 1081 641 de
1123 599 1240 660 eo,
1280 571 1464 665 quod
1500 571 1964 662 destinaveris,
2003 601 2138 644 non
2177 603 2317 647 esse

200 685 629 757 consulendos
650 739 669 771 ,
719 684 963 777 quibus
1010 680 1333 752 consultis
1368 682 1644 776 obsequi
1688 682 1949 754 debeas,
1989 689 2207 755 Venio
2247 692 2315 758 in
2356 715 2386 766 7

200 814 491 868 senatum
523 825 537 864 :
568 798 680 890 jus
719 794 982 865 dicendi
1019 809 1176 889 peto
1224 822 1238 862 :
1284 793 1436 862 dico
1477 792 1836 888 paullisper
1863 798 2154 869 maximo
2196 798 2318 868 ad-

202 935 405 978 sensu.
436 908 575 978 Ubi
604 908 776 1001 coepi
804 908 1056 976 crimen
1088 906 1446 999 attingere,
1487 929 1676 972 reum
1707 905 2035 976 destinare
2063 908 2318 1002 (adhuc

203 1035 410 1088 tamen
442 1018 587 1086 sine
616 1015 915 1110 nomine)
942 1015 1237 1110 undique
1266 1015 1428 1082 mihi
1459 1014 1833 1103 reclamari,
1865 1017 2034 1088 alius
2090 1022 2315 1090 «Scia-

200 1155 337 1198 mus
354 1182 373 1215 ,
404 1129 521 1221 qui
550 1128 636 1195 sit
655 1180 674 1213 ,
698 1126 781 1195 de
809 1150 945 1220 quo
974 1141 1163 1196 extra
1191 1125 1498 1196 ordinem
1525 1126 1848 1213 referas;»
1865 1128 2064 1218 alius,
2091 1161 2124 1196 t(
2145 1133 2316 1221 Quis

202 1254 289 1308 est
322 1253 479 1306 ante
521 1236 918 1305 relationem
972 1237 1225 1306 reus?»
1264 1235 1463 1324 alius,
1501 1237 1734 1307 «Salvi
1775 1241 2013 1328 simus,
2056 1244 2168 1337 qui
2201 1268 2314 1313 su-

202 1373 559 1443 persumuS.
576 1345 849 1416 »Audio
869 1348 1426 1440 imperturbatuS,
1455 1348 1800 1418 interritus
1827 1376 1844 1419 ε
1875 1365 2138 1422 tantum
2169 1378 2312 1424 sus·
2353 1371 2386 1421 8

200 1474 389 1554 ceptze
424 1459 521 1527 rei
556 1458 873 1526 honestas
914 1456 1122 1542 valet,
1154 1472 1552 1552 tantumque
1583 1459 1670 1528 ad
1703 1460 2016 1530 fiduciam
2049 1462 2152 1533 vel
2182 1489 2314 1534 me·

202 1583 333 1636 tum
358 1567 613 1653 differt,
639 1566 853 1636 nolint
880 1566 1181 1636 homines
1198 1621 1217 1655 ,
1241 1568 1424 1661 quod
1455 1567 1686 1656 facias,
1716 1595 1802 1638 an
1833 1597 1976 1642 non
2007 1575 2312 1667 probent.

200 1681 493 1772 Longum
526 1691 627 1746 est
659 1677 921 1764 omnia,
956 1703 1103 1771 quae
1137 1692 1300 1746 tunc
1332 1677 1492 1746 hinc
1525 1679 1678 1746 inde
1701 1679 1952 1772 jactata
1985 1698 2140 1752 sunt
2161 1737 2180 1770 ,
2217 1709 2317 1752 re-

200 1813 470 1858 censere.
498 1785 1147 1888 Novissime'consul
1181 1813 1195 1856 ε
1226 1817 1259 1851 α
1278 1786 1618 1874 Secunde,
1655 1792 1994 1860 sententiae
2033 1791 2179 1860 loco
2210 1794 2316 1862 di·
2351 1831 2383 1882 9

200 1923 325 1985 σω,
362 1901 417 1968 si
446 1897 613 1994 quid
650 1897 1505 1984 volueris.—-Permiseris,
1544 1898 1849 1991 inquam,
1887 1901 2068 1993 quod
2110 1927 2316 1995 usque

200 2011 401 2082 adhuc
429 2011 748 2080 omnibus
777 2009 1199 2103 permisisti.»
1218 2008 1465 2078 Resido
1492 2035 1506 2075 :
1533 2023 1831 2102 aguntur
1873 2009 2022 2077 alia.
2055 2014 2315 2082 Interea
2358 2042 2420 2075 10

200 2147 295 2189 me
342 2120 613 2216 quidam
655 2145 735 2188 ex
785 2118 1243 2190 consularibus
1288 2119 1518 2187 amicis
1561 2133 1816 2187 secreto
1867 2135 2315 2214 accuratoque

202 2255 524 2314 sermone,
586 2231 775 2323 quasi
830 2230 1029 2297 nimis
1084 2228 1349 2302 fortiter
1398 2229 1794 2322 incauteque
1857 2228 2314 2322 progressum,

200 2341 491 2434 corripit,
536 2356 839 2427 revocat,
896 2354 1155 2425 monet,
1212 2354 1287 2407 ut
1342 2339 1678 2409 desistam.
1735 2337 1994 2432 Adjecit
2055 2343 2312 2415 etianr:

200 2482 229 2511 α
246 2450 616 2521 Notabilem
640 2465 705 2518 te
724 2450 967 2519 futuris
995 2450 1417 2543 principibus
1446 2449 1779 2519 fecisti.-
1795 2453 1979 2537 Este,
2007 2452 2282 2546 inquam
2297 2509 2316 2543 ,

258 2659 436 2721 7.Ante
448 2656 738 2705 relationem
750 2670 872 2701 reus.
888 2651 1021 2701 Ante
1034 2666 1196 2720 quam

198 2736 393 2784 delatum
428 2734 495 2785 sit
531 2752 707 2782 nomen
742 2732 851 2800 ejus
871 2768 885 2792 ‚
916 2746 1084 2798 eoque
1116 2746 1196 2777 re-

200 2828 345 2880 cepto,
370 2816 581 2865 relatum
608 2810 675 2863 de
702 2809 793 2861 illo
824 2809 877 2860 in
898 2819 1103 2860 senatu.
1124 2806 1193 2858 G.

196 2921 257 2929 —
282 2895 409 2941 Salvi
444 2894 611 2941 simus.
655 2889 814 2941 Pauci
854 2905 1197 2959 supersumus

199 2968 257 3022 de
288 2968 595 3023 crudelitate
630 2967 956 3039 superiorum
1000 2965 1198 3035 princi-

198 3068 337 3120 pum,
376 3050 445 3103 de
483 3046 729 3102 vindictae
762 3044 983 3097 libidine
1014 3056 1197 3097 contra

200 3126 455 3195 delatores,
476 3126 546 3182 de
562 3146 669 3200 qna
688 3138 811 3179 ante
828 3129 925 3195 54.
939 3156 1008 3167 -—
1022 3125 1097 3176 Ex
1116 3110 1198 3175 his

198 3210 359 3277 paucis
393 3208 507 3261 noli
545 3224 871 3277 quemqnam
908 3206 965 3259 in
999 3204 1199 3257 crimen

198 3306 385 3341 vocal-e.
412 3287 779 3341 Miserandam
804 3286 917 3338 hoec
938 3304 1059 3337 vox.
1087 3285 1139 3339 S.

256 3372 303 3421 8.
326 3376 543 3421 Iactum.
572 3367 659 3420 Al.
676 3372 841 3437 jacea.
868 3366 1095 3418 Difficile
1118 3376 1196 3417 est

200 3442 430 3511 dermite,
472 3459 653 3499 utrum
694 3466 724 3498 a
764 3444 992 3499 Secundi
1030 3460 1195 3495 manu

200 3526 467 3593 profectum
507 3528 575 3579 sit
616 3544 629 3576 :
668 3525 833 3596 magis
872 3536 1047 3576 tamen
1088 3521 1195 3574 huc

200 3602 375 3659 inclino
390 3646 407 3671 ,
450 3618 511 3659 nt
548 3618 791 3659 nostrum
828 3622 927 3673 pro
965 3601 1197 3673 genuino

201 3679 415 3739 habeam.
440 3684 575 3738 vid.
598 3684 821 3737 omnino
840 3680 1105 3735 Drakenb.
1128 3680 1201 3734 ad

202 3758 297 3814 Liv.
314 3766 382 3828 X,
398 3766 487 3834 37,
508 3784 559 3817 2.
582 3764 639 3817 S.

256 3860 303 3911 9.
328 3846 585 3895 Sententiae
611 3846 738 3893 loco.
759 3838 891 3891 Vid.
918 3856 1035 3909 quae
1060 3838 1195 3891 dixi·

200 3935 299 3972 mus
314 3920 377 3974 de
394 3921 501 3975 hoc
520 3938 673 3973 more
688 3918 757 3971 ad
776 3919 932 3981 VIII,
955 3926 1039 3983 14,
1054 3922 1107 3971 6.
1124 3918 1193 3971 G.

258 4030 317 4040 —
330 4002 621 4051 remiseris.
642 3999 765 4051 Non
779 4009 858 4050 est
874 3997 1095 4067 rogandi
1114 3998 1197 4050 vel

200 4079 471 4147 poanhndi
498 4096 601 4133 vox
618 4114 635 4142 ,
670 4088 727 4129 ut
750 4074 914 4129 modo
938 4078 969 4142 S
989 4094 1045 4146 7,
1072 4082 1199 4129 scia-

464 4168 571 4233 II.

1294 2669 1396 2700 mus
1415 2670 1436 2709 ‚·
1482 2648 1574 2702 sed
1610 2650 1866 2713 subirati,
1896 2662 2036 2703 certe
2067 2654 2188 2723 jure
2221 2672 2317 2707 suo

1292 2728 1533 2789 nitentis,
1557 2728 1708 2797 quasi
1733 2727 1898 2781 dicat:
1921 2728 2064 2782 Nihil
2089 2731 2160 2784 ita
2189 2734 2318 2785 mihi

1292 2801 1538 2859 beneficii
1567 2808 1812 2859 tribueris
1827 2845 1843 2871 ,
1867 2809 1960 2862 sed
1991 2808 2058 2862 ad
2077 2830 2318 2867 commu·

1294 2904 1361 2936 ne
1378 2898 1678 2939 senatorum
1693 2888 1778 2957 jus
1801 2906 1884 2939 me
1904 2908 2142 2942 revocas.
2166 2892 2317 2945 G.—

1294 2965 1579 3016 Verissime
1596 2964 1865 3018 Gesnerus
1881 3005 1896 3030 ‚
1917 2970 2070 3039 cujus
2087 2982 2318 3024 mentem

1293 3043 1558 3113 Gierigius
1599 3062 1708 3095 non
1755 3044 1968 3099 videtur
2010 3049 2313 3119 pervidisse.

1294 3124 1480 3193 Neque
1504 3122 1644 3176 enim
1669 3128 1948 3191 permiseris
1979 3128 2317 3181 referendum

1295 3199 1464 3275 adjus
1483 3200 1724 3269 dicendi,
1746 3202 1890 3273 quod
1911 3217 2056 3258 extra
2075 3205 2318 3260 ordinem

1294 3281 1568 3335 Secundus
1608 3285 1826 3353 petierat
1854 3282 1985 3351 (vid.
2031 3302 2192 3354 supra
2225 3290 2314 3355 7),

1292 3361 1388 3415 sed
1404 3360 1472 3413 ad
1485 3365 1572 3435 jus
1590 3360 1874 3425 censendi,
1905 3361 1972 3414 de
2001 3381 2108 3432 quo
2136 3376 2318 3435 postea

1292 3442 1448 3505 XIII,
1460 3462 1476 3495 1
1490 3443 1662 3494 &Non
1679 3460 1742 3495 ea
1755 3441 2184 3513 spectatPlinius,
2199 3464 2318 3516 qun

1293 3520 1516 3584 dixerat,
1539 3518 1628 3571 sed
1647 3538 1764 3591 quse
1788 3533 1904 3571 erat
1927 3520 2183 3575 dicturus.
2211 3524 2264 3578 S.

1374 3602 1674 3669 10.Adjecit.
1691 3598 1796 3649 Alii
1805 3602 2012 3667 Adjicit,
2030 3602 2176 3671 quod
2190 3613 2319 3675 μὲν·

1295 3679 1592 3733 ferendum.
1621 3679 1819 3745 Adigie,
1845 3676 1992 3749 quod
2011 3679 2131 3734 cod.
2157 3684 2314 3737 Arnz.

1294 3759 1456 3812 habet
1472 3797 1487 3822 ,
1525 3756 1762 3811 indidem
1807 3768 1990 3809 natum
2023 3776 2037 3811 ε
2070 3780 2190 3814 nam
2239 3774 2319 3816 est

1295 3857 1391 3909 pro
1406 3841 1588 3899 adicit,
1608 3838 1710 3889 hoc
1739 3846 1815 3889 est
1831 3872 1848 3898 ,
1871 3839 2062 3905 adjicit.
2076 3841 2129 3893 S.
2148 3848 2318 3893 ——No-

1296 3920 1494 3969 rabilem
1516 3927 1766 3969 vocatum
1792 3934 1902 3967 esse
1928 3917 2019 3987 qui
2045 3918 2101 3971 in
2119 3938 2175 3974 se
2197 3921 2321 3973 saevi

1294 3998 1508 4069 tyranni
1527 3996 1712 4049 oculos
1723 4007 1966 4061 verteret,
1987 4010 2038 4049 et
2059 3999 2190 4052 iram
2211 4014 2317 4052 mo·

1297 4086 1444 4129 reret
1467 4074 1670 4127 dictum
1691 4072 1760 4127 ad
1774 4074 1880 4141 ΙΙΙ,
1895 4074 1995 4146 Ep.
2017 4094 2036 4127 1
2053 4095 2098 4139 t,
2114 4098 2162 4131 2.
2177 4080 2317 4131 G.—

1992 4161 2029 4227 5
