2857 4690
948 362 1086 439 DE
1126 371 1205 438 c,
1254 369 1660 438 PLINIO.
2217 373 2347 456 441

204 540 385 584 rum
428 529 651 583 autem
696 511 1011 581 indicium
1052 513 1161 580 vix
1188 511 1578 580 nominatim
1623 510 2076 605 deprehendes
2106 512 2173 580 in
2211 513 2360 607 ipso

206 620 734 692 commentario.

356 739 577 836 1693.
618 744 908 836 Lipsiae,
953 763 1065 809 12.
1112 741 1183 812 C.
1222 740 1439 809 Plinii
1480 741 1653 812 Caec.
1691 739 1990 810 Secundi
2021 743 2365 837 Epistolce

209 865 291 918 et
334 853 831 943 Panegyricus.
864 849 1227 916 Recensuit
1244 862 1318 915 et
1342 851 1534 916 novis
1559 851 2056 916 commentariis
2076 849 2366 918 illustra-

212 960 322 1024 vit
378 953 899 1050 christophorus
951 953 1301 1024 Cellarius.
1328 993 1436 1004 —-
1471 952 1754 1022 Videtur
1787 951 2106 1023 Cellarius
2146 955 2214 1022 in
2257 977 2368 1022 re-

214 1061 573 1132 censendo
638 1073 953 1129 contextu
992 1057 1294 1128 Pliniano
1350 1060 1762 1152 potissimum
1835 1059 2366 1130 Boxhornianam

212 1167 598 1236 editionem
635 1179 897 1234 secutus
932 1188 1090 1234 esse.
1120 1167 1345 1234 Vitam
1378 1163 1571 1233 Plinii
1600 1166 2067 1236 correctiorem
2102 1167 2366 1262 praemi-

219 1275 359 1361 sit,
402 1297 605 1368 quam
642 1297 789 1366 quae
824 1271 1241 1365 Lyoosthene
1278 1285 1554 1341 auctore
1595 1271 1814 1342 adhuc
1850 1269 2020 1342 lecta
2062 1273 2208 1342 fuit.

358 1419 384 1464 1
402 1394 577 1491 694.
624 1397 913 1464 Viennoe
951 1397 1294 1480 Austrioe,
1344 1417 1369 1462 1
1390 1420 1458 1464 α.
1507 1397 1777 1466 Latino·
1779 1399 1980 1467 Attici
2020 1399 2360 1467 Oratores.

224 1503 581 1598 Repetitio
622 1500 724 1570 ed.
776 1523 801 1570 1
824 1496 997 1595 595·

261 1660 273 1670 ·
351 1621 574 1718 1695.
620 1624 838 1694 Halae
891 1622 1068 1692 Sax.
1130 1622 1195 1693 8.
1249 1625 1319 1694 C.
1364 1625 1580 1694 Plinii
1621 1567 1796 1696 Ccec.
1853 1625 2151 1696 Secundi
2205 1629 2372 1720 Epi-

223 1733 449 1801 stolae
486 1753 581 1798 ex
621 1734 1009 1799 recensione
1051 1732 1197 1798 Jac.
1250 1729 1642 1799 leomasii:
1688 1746 1770 1799 ut
1797 1746 1872 1799 et
1904 1735 2373 1826 Panegyricus

230 1839 465 1908 Plinii
483 1849 808 1906 accurate
846 1835 1181 1903 resolutus
1196 1887 1219 1920 ,
1258 1851 1333 1904 et
1359 1841 1545 1904 notis
1575 1843 1975 1906 necessariis
2007 1842 2374 1905 instructus·

229 1965 465 2039 opera
498 1957 571 2010 et
590 1941 815 2010 studio
853 1939 1021 2010 Alb.
1058 1939 1296 2010 Christ.
1330 1941 1575 2011 Rothii.
1592 1944 1904 2012 —Notae
1940 1942 2167 2011 Rothii
2193 1941 2376 2011 haud

232 2049 471 2144 magni
495 2048 815 2116 momenti
839 2060 1013 2115 sunt.
1047 2048 1129 2114 In
1156 2044 1486 2141 plerisque
1523 2063 1786 2118 secutus
1822 2063 1923 2117 est
1957 2047 2370 2142 Kirchmaje·

236 2156 575 2242 rum‚‘cui
604 2152 755 2222 inde
786 2167 854 2221 et
876 2175 953 2220 ea
982 2151 1249 2240 tribuit,
1286 2179 1432 2246 quae
1463 2153 1750 2223 tribuere
1780 2153 2098 2224 debuerat
2127 2155 2374 2248 Lipsi0.

365 2301 393 2347 1
414 2301 709 2373 700--1
729 2271 904 2373 703.
949 2278 1567 2345 Controversiarum
1607 2282 1677 2345 in
1722 2279 1792 2349 C.
1835 2279 2049 2348 Plinii
2081 2277 2381 2348 Secundi

240 2388 781 2479 Panegyricum,
818 2398 958 2451 tum
986 2388 1334 2452 sententiis·
1347 2437 1370 2470 ,
1405 2400 1544 2453 tum
1568 2385 1865 2454 historus
1875 2440 1898 2473 ‚
1910 2384 2380 2479 formulisque

228 2516 376 2589 per
432 2495 932 2560 commissiones
982 2493 1327 2559 orator-ias
1370 2490 1751 2561 enodandis
1779 2545 1801 2579 ‚
1857 2482 2376 2561 tra‘ctandarum

242 2600 542 2693 Agones
582 2596 787 2665 VIII.
809 2594 1121 2690 proeside
1146 2611 1213 2665 et
1248 2613 1529 2667 auctore
1559 2596 1931 2693 Chri-stopie.
1961 2598 2166 2683 Behr‚
2199 2598 2373 2693 eloq.

242 2719 323 2772 et
355 2727 559 2799 poes.
603 2702 805 2793 Prof.
843 2705 923 2772 P.
967 2707 1041 2771 in
1088 2706 1464 2791 Gymnas&
1505 2703 1901 2775 Gedanensi
1913 2758 1935 2792 ‚
1973 2708 2042 2790 4.
2066 2706 2188 2773 Hae
2219 2730 2378 2773 con-

246 2811 589 2879 troversiae
649 2809 719 2876 in
760 2806 1079 2877 Athenaeo
1133 2808 1510 2878 Gedanensi
1553 2810 1887 2902 juventuti
1941 2810 2248 2879 studiosae
2293 2810 2378 2879 ad

246 2913 722 3010 disputandum
761 2914 1113 3008 propositae
1150 2914 1351 2983 fuere.
1384 2918 1462 2982 In
1485 2914 1588 2984 his
1617 2916 2012 2984 exhibentur
2041 2941 2058 2982 τ
2100 2930 2376 2984 contex-

248 3037 363 3091 tus
416 3022 617 3089 totius
660 3020 1087 3112 Panegyrici3
1132 3019 1369 3088 deinde
1413 3022 1618 3114 Lipsii
1658 3036 1864 3106 notae‚
1906 3019 2142 3115 quibus
2193 3020 2376 3089 iden-

248 3128 457 3197 tidem
524 3128 935 3219 interspersae
1006 3139 1161 3193 sunt
1225 3124 1526 3217 quaedam
1595 3127 1814 3195 Behrii
1878 3125 2376 3211 annotationes;

250 3234 549 3303 inferiori
588 3230 872 3323 margini
900 3228 1169 3322 adjectae
1210 3243 1365 3297 sunt
1404 3230 1490 3298 ab
1533 3231 1783 3302 editore
1816 3231 2116 3325 quaedam
2151 3254 2374 3299 emen-

251 3340 573 3409 dationes.
602 3337 821 3407 Nimis
854 3360 1015 3405 vero
1044 3337 1113 3403 in
1130 3334 1542 3405 emendando
1571 3336 1785 3406 Plinio
1813 3339 2144 3406 animosus
2179 3336 2377 3407 fuisse

252 3444 522 3514 videtur
540 3442 848 3526 Behrius;
877 3466 957 3511 eo
979 3457 1201 3511 tamen
1220 3444 1486 3512 nomine
1516 3441 1912 3529 laudandus»,
1946 3442 2125 3536 quod
2151 3466 2372 3511 emen-

254 3554 559 3622 dationes
594 3574 743 3619 suas
762 3602 783 3633 ‚
818 3572 1101 3642 quarum
1144 3573 1215 3619 se
1256 3551 1546 3619 rationes
1591 3548 2000 3619 redditurum
2036 3550 2337 3644 promisit
2357 3602 2377 3637 ,

255 3658 555 3728 nondum
589 3658 712 3751 ipsi
738 3656 1019 3724 orationi
1048 3656 1363 3724 Plinianae
1388 3657 1676 3725 inserere
1710 3676 1907 3725 ausus
1947 3670 2062 3725 est.

377 3804 594 3875 1700.
633 3783 927 3875 lipsiae,
988 3802 1097 3847 ια.
1142 3780 1474 3874 Repetitio
1515 3776 1900 3850 Cellarianae
1939 3802 2000 3847 a.
2053 3775 2266 3873 1693.

244 3954 253 3963 .
378 3926 405 3971 1
424 3926 595 3997 700.
626 3903 1115 3997 Schleusingae,
1159 3901 1225 3972 8.
1272 3900 1466 3970 Plinii
1508 3902 1950 4000 Panegyricus
1991 3925 2144 3971 cum
2183 3924 2374 3971 exet-

260 4010 571 4080 citatione
596 4007 873 4078 Godofr.
902 4010 1222 4079 Ludovcci
1254 4007 1337 4076 ad
1374 4032 1545 4077 eum.
