2857 4690
723 336 1237 407 PANEGYR.
1290 340 1512 406 CAP.
1560 342 1796 409 va.
2185 345 2320 444 307
2423 324 2429 331 ’

185 486 463 531 morum
493 460 833 553 recepisti,
864 460 1023 554 quia
1061 460 1183 529 tibi
1224 459 1564 532 beneficiis
1595 466 1848 558 potius»,
1873 489 2074 560 quam
2113 494 2326 539 reme-

180 572 315 640 diis
346 572 622 667 ingenia
647 587 876 641 nostra
904 572 1191 666 experiri
1226 571 1445 666 placet
1467 598 1481 641 :
1501 590 1570 643 et
1605 574 1902 671 alioquin
1941 579 2205 666 nesci0‚
2238 604 2326 649 an

184 682 337 777 plus
388 683 687 751 moribus
722 680 1023 752 conferat
1062 682 1411 778 princepS‚
1451 685 1568 777 qui
1601 685 1815 755 bonos
1853 712 1994 757 esse
2032 688 2288 781 patitur
2309 746 2328 775 ‚

181 818 397 888 quam
423 794 541 887 qui
560 794 761 888 cogit.
785 790 1133 863 Flexibiles
1159 818 1630 889 quamcunque
1652 798 1722 865 in
1745 812 2004 891 partem
2021 797 2329 869 ducimur
2365 819 2394 871 5

68 926 80 941 ·
182 930 219 973 a
260 904 621 999 principe,
658 918 895 998 atque,
932 917 1005 971 ut
1061 904 1151 971 ita
1199 901 1457 987 dicam,
1497 930 1812 999 sequaces
1861 932 2092 979 sumus
2123 936 2139 979 z
2173 907 2330 978 huic

180 1016 367 1084 enim
400 1015 581 1101 cari,
618 1014 779 1083 huic
820 1014 1085 1107 probati
1122 1039 1261 1083 esse
1296 1015 1638 1108 cupimus;
1675 1016 1858 1109 quod
1895 1016 2145 1088 frustra
2185 1044 2325 1115 spe·

180 1126 491 1194 raverint
514 1122 863 1193 dissimiles
881 1149 901 1210 ;
920 1148 1133 1218 eoque
1161 1124 1462 1218 obsequii
1491 1126 1999 1198 continuatione
2023 1132 2328 1223 perveni·
2359 1212 2362 1222 ‚

182 1261 377 1322 mus,
418 1249 497 1305 ut
545 1259 758 1331 prope
799 1259 1031 1304 omnes
1078 1234 1382 1303 homines
1433 1237 1632 1305 unius
1675 1236 1974 1307 moribus
2011 1239 2330 1309 vivamus.

182 1350 441 1433 Porro,
478 1370 618 1414 non
654 1360 793 1415 tam
826 1345 1092 1415 sinistre
1132 1345 1576 1415 constitutum
1611 1361 1748 1434 est,
1786 1362 1899 1433 ut,
1928 1350 2041 1442 qui
2073 1350 2328 1419 malum

180 1460 567 1553 principem
598 1480 951 1551 possumus
970 1509 989 1542 ,
1016 1456 1273 1525 bonum
1298 1481 1440 1543 non
1467 1459 1798 1551 possimus
1825 1459 2096 1530 imitari.
2119 1462 2332 1556 Perge
2365 1481 2398 1527 6

184 1568 427 1658 modo,
458 1572 710 1656 Caesar,
744 1582 813 1637 et
840 1567 975 1636 vim
1010 1564 1460 1660 effectumque
1495 1592 1828 1653 censui-m,
1860 1584 2054 1639 tuum
2087 1596 2328 1664 propo-

182 1678 389 1747 situm
416 1733 441 1765 ,
474 1679 575 1749 tui
609 1692 795 1747 actus
833 1675 1237 1746 obtinebunt
1267 1701 1285 1746 τ
1324 1662 1482 1746 nain
1521 1678 1658 1747 vita
1694 1680 2016 1773 principis
2052 1682 2331 1749 censura

184 1802 321 1875 est,
348 1814 565 1883 eaque
596 1801 919 1883 perpetua
948 1813 965 1855 ε
992 1785 1076 1856 ad
1116 1788 1291 1857 hanc
1320 1787 1710 1883 dirigimur,
1733 1788 1815 1857 ad
1849 1790 2026 1859 hanc
2056 1816 2332 1859 conver-

186 1900 394 1969 timur
425 1925 441 1969 ε
482 1924 609 1969 nec
646 1914 783 1969 tam
820 1899 1105 1993 imperio
1144 1898 1337 1967 nobis
1372 1924 1542 1993 opus
1582 1913 1720 1984 est,
1753 1881 1956 1993 quam
1999 1902 2326 1997 exemplo.

184 2010 465 2105 Quippe
502 2009 785 2080 infidelis
814 2011 980 2079 recti
1011 2010 1327 2102 magister
1354 2024 1457 2079 est
1477 2023 1713 2079 metus.
1747 2008 1990 2079 Melius
2023 2011 2330 2081 homines

186 2244 445 2301 secturam
472 2264 679 2299 morum
716 2244 929 2316 recepit.
958 2269 981 2290 ι
1008 2242 1213 2297 Eodem
1298 2242 1484 2313 vigim.
1508 2243 1650 2295 Bene
1673 2280 1688 2305 ‚
1707 2242 1749 2295 ei
1771 2242 1970 2295 Plinius
1989 2243 2055 2297 de
2069 2260 2180 2297 uno
2197 2246 2328 2299 Tra-

186 2338 311 2381 testc
342 2349 467 2402 cap.
498 2332 562 2380 28
583 2365 599 2391 ‚
628 2328 894 2398 Augustus
920 2344 1110 2376 morum
1140 2328 1211 2376 le-
1291 2323 1422 2396 J'ano
1459 2322 1712 2396 loquitur.
1745 2320 1850 2376 Sed
1889 2322 2023 2377 mihi
2061 2328 2322 2378 sententia

182 2429 395 2477 gumque
430 2411 642 2477 regimen
676 2420 963 2475 perpetmyn
996 2409 1177 2473 recepit
1192 2443 1207 2464 ,
1300 2401 1505 2456 videtur
1526 2403 1823 2474 generalis:
1859 2405 2024 2474 probo
2053 2405 2208 2476 igitur
2234 2426 2320 2460 ra-

188 2491 287 2540 sine
312 2485 534 2540 censuroe'
559 2490 757 2538 honore.
786 2486 865 2538 De
888 2485 990 2538 hac
1014 2485 1212 2557 pariter
1298 2482 1494 2536 tionem
1519 2483 1760 2537 Gesneri.
1779 2484 1834 2537 S.

188 2579 237 2618 et
286 2585 513 2622 censura
550 2567 760 2638 proprie
797 2565 939 2620 dicta
982 2567 1211 2637 Impera·
1366 2593 1440 2604 --
1463 2568 1638 2616 Omnes
1657 2563 2104 2618 homesfiravat
2131 2566 2326 2618 oratio-

190 2657 359 2701 torum
378 2647 492 2701 vid.
530 2647 625 2699 Ez.
660 2645 859 2717 Spauh.
895 2646 978 2710 X,
1013 2663 1075 2697 ιο
1100 2683 1115 2708 ,
1148 2664 1203 2716 p.
1295 2661 1419 2695 nem
1454 2643 1696 2697 additum
1725 2647 1961 2696 homines.
1985 2645 2090 2709 Qui
2112 2659 2324 2716 reputa-

191 2736 307 2796 472.
327 2747 451 2801 sqq.
468 2727 537 2780 G.
1294 2722 1426 2775 verit
1443 2759 1460 2783 ,
1487 2735 1616 2794 quot
1643 2723 1772 2775 locis
1811 2743 1974 2774 omnes
2005 2735 2057 2775 et
2104 2727 2320 2776 homines

254 2840 323 2848 —
347 2815 512 2876 Quam
556 2810 644 2874 qui
669 2809 821 2874 cogit.
848 2805 1030 2870 Quum
1064 2803 1207 2856 enim
1293 2801 1632 2856 librariorum
1651 2802 2198 2874 negligentiaconfusa
2219 2805 2322 2856 sint

190 2905 342 2940 omne
370 2885 581 2940 virtutis
602 2884 764 2937 decus
795 2896 847 2936 et
878 2882 1123 2935 nobilitas
1152 2883 1206 2934 in
1294 2881 1435 2950 (vid.
1457 2883 1728 2936 Drakenb.
1749 2883 1818 2934 ad
1841 2885 1956 2936 Liv.
1983 2885 2065 2934 111
2085 2922 2101 2948 ,
2123 2891 2188 2949 54
2212 2927 2227 2950 ,
2253 2891 2318 2947 63

191 2984 251 3018 eo
268 2967 389 3020 insit
405 3005 423 3032 ,
442 2964 590 3038 quod
612 2964 777 3018 libera
798 2975 875 3017 est
888 2999 904 3026 ,
924 2960 1070 3034 quod
1093 2963 1211 3034 cogi

191 3064 293 3098 non
328 3057 503 3120 potest
522 3063 538 3096 :
566 3044 696 3098 illud
722 3042 770 3096 ei
798 3041 1040 3096 adimunt
1064 3041 1209 3112 prin-

192 3125 354 3196 cipes,
382 3139 437 3180 et
461 3123 613 3198 quasi
636 3133 867 3178 castrant
888 3159 904 3185 ‚
930 3123 1026 3193 qui
1053 3119 1209 3192 perli-

191 3223 304 3259 cere
344 3205 567 3279 imperio
606 3203 793 3256 volunt
810 3243 825 3266 ,
864 3213 922 3254 ut
968 3201 1209 3254 homines

192 3283 309 3338 boui
342 3287 465 3341 sint.
493 3281 883 3340 simulationem
910 3281 1045 3334 forte
1082 3280 1207 3332 effe-

190 3366 351 3418 cerint
380 3385 445 3420 ea
474 3365 591 3426 via,
628 3361 807 3416 virtuti
840 3363 961 3434 plus
984 3362 1091 3414 fere
1110 3377 1207 3411 no-

192 3457 327 3498 cent.
346 3447 413 3500 G.

260 3525 306 3578 5.
328 3527 615 3578 Dissimiles.
638 3523 791 3576 Cives
816 3521 1051 3592 intellige
1066 3559 1083 3581 ,
1112 3523 1209 3570 dis·

192 3606 357 3656 similes
372 3601 626 3676 principi,
642 3602 750 3656 sive
762 3603 907 3656 bono
916 3601 1029 3655 sive
1044 3598 1206 3660 malo,

194 3681 375 3738 frustra
388 3681 711 3755 spoeaverint
720 3682 769 3734 ei
778 3681 1010 3754 probari.
1028 3677 1207 3733 Simile

194 3761 321 3814 enim
336 3763 493 3816 simili
506 3759 721 3834 gaudet.
741 3760 811 3813 G.
826 3791 896 3800 --
908 3757 1207 3830 Simplicius

192 3849 359 3896 tamen
400 3841 561 3896 fuerit
594 3843 846 3892 dissimiles
865 3838 1098 3910 Trajano
1134 3837 1209 3890 in·

192 3917 413 3992 (elligere
436 3959 453 3985 ,
488 3920 591 3972 hoc
618 3931 817 3974 seusu:
846 3921 983 3987 quod
1001 3955 1017 3980 ,
1044 3935 1205 3989 quem

190 3995 393 4072 Trajani
414 4011 649 4054 amorem
672 4001 893 4067 ‚frustra
908 4000 1207 4064 speraverint

193 4075 325 4128 cives
348 4080 395 4130 ei
419 4077 719 4130 dissimiles.
744 4079 807 4128 E.
834 4075 999 4129 -Sic
1024 4088 1072 4128 et
1090 4076 1207 4128 Gie-

1292 2960 1556 3014 Schwarz.
1596 2963 1778 3034 Suppl.
1817 2959 1888 3014 ad
1937 2963 2074 3016 Plin.
2119 2965 2314 3035 Paneg.

1292 3057 1350 3110 p.
1368 3043 1491 3093 601.
1505 3041 1596 3111 b),
1611 3041 1658 3093 ei
1677 3060 1786 3094 non
1803 3041 2152 3112 improbabile
2173 3043 2318 3095 vide·

1294 3119 1438 3172 bitur
1455 3159 1471 3183 ,
1495 3118 1848 3194 διττογρσφίαν
1883 3121 1972 3174 hic
2000 3133 2196 3176 textum
2223 3141 2315 3172 oc-

1294 3217 1533 3270 cupasse.
1560 3208 1612 3253 S.

1365 3311 1434 3319 —
1463 3286 1524 3330 Ue
1541 3300 1700 3349 prope
1739 3299 1904 3332 onmes
1931 3283 2148 3331 hombees
2175 3285 2316 3332 emim

1294 3362 1508 3414 mon'bus
1522 3363 1763 3411 vivamus.
1783 3363 2016 3410 Homines
2029 3357 2313 3412 redundat.
2328 3389 2337 3395 -

1296 3437 1522 3491 Videtur
1562 3437 1828 3510 explenda:
1869 3452 1922 3492 et
1970 3438 2316 3492 rotundandae

1288 3519 1546 3594 orationis
1583 3537 1767 3572 caussa
1815 3517 2054 3571 additum
2100 3537 2114 3570 τ
2157 3539 2318 3588 prope

1294 3600 1527 3651 homines.
1539 3601 1721 3652 ..unius
1733 3601 1945 3648 moribus
1955 3601 2194 3649 vivamus.
2211 3599 2290 3651 En
2299 3639 2311 3651 .

1364 3681 1417 3732 6.
1446 3683 1562 3729 Vita
1581 3679 1841 3745 principis.
1865 3677 1984 3728 Huc
2011 3716 2027 3741 ,
2059 3690 2114 3730 ut
2143 3677 2273 3730 solet
2296 3717 2312 3740 ,

1296 3759 1582 3830 respexisse
1631 3753 1843 3808 videtur
1885 3755 2163 3810 Claudiam.
2211 3759 2312 3820 lv,

1296 3837 1566 3891 Cous-alat.
1601 3835 1802 3888 Honor.
1845 3853 1945 3904 299
1967 3855 1980 3888 ι
2025 3862 2046 3882 ι
2091 3839 2318 3910 Compo-

1292 3918 1438 3970 nitur
1454 3916 1596 3969 orbis
1611 3916 1762 3986 Regis
1776 3915 1846 3970 ad
1864 3917 2160 3988 exemplum
2181 3955 2196 3980 ,
2219 3937 2316 3970 nec

1294 3997 1371 4049 sic
1402 3995 1666 4048 inflectere
1696 4013 1878 4048 sensus
1914 3997 2190 4050 Humane->s
2213 3999 2318 4050 edi-

1296 4085 1377 4126 cta
1400 4075 1578 4126 valent
1592 4109 1608 4134 ‚
1629 4085 1686 4125 ut
1707 4078 1818 4126 vita
1834 4081 2060 4142 regentis.
2085 4077 2314 4130 Gutum.

1845 4201 1933 4244 20
1952 4228 1966 4243 .
