2857 4690
928 321 1456 393 EPISTOLA
1506 323 1668 388 xx.
2265 324 2348 408 ιη

220 465 374 520 tur:
404 448 685 544 perveni
714 447 799 516 ad
825 447 1298 542 ipsum.Lacus
1320 459 1420 514 est
1451 446 1520 514 in
1549 442 2052 514 similitudinem
2079 445 2360 537 jacentis
2400 459 2432 515 4

218 573 395 630 rotae
440 557 1023 651 circumscriptus»,
1060 570 1127 624 et
1163 554 1460 649 undique
1502 553 1769 648 aequalis
1818 581 1834 622 t
1881 552 2102 624 nullus
2150 559 2363 640 sium,

220 669 597 764 obliquitas
633 666 1111 758 nulla‚·omnia
1148 666 1478 752 dimensa,
1515 666 1734 759 paria,
1767 679 1836 733 et
1872 666 2059 759 qua-si
2093 665 2366 736 artificis

222 805 481 867 manu,
520 792 751 849 cavata
791 792 859 847 et
894 779 1135 846 excisa.
1180 776 1383 845 Color
1423 774 1704 844 caeruleo
1739 773 2058 858 albidior3
2091 773 2367 844 viridior

226 906 297 961 et
332 890 629 985 pressior
654 888 995 983 sulphuris
1022 912 1038 955 t
1070 885 1237 955 odor
1273 910 1602 980 saporque
1635 884 2002 954 medicatus
2033 909 2048 952 ε
2075 886 2208 966 viS,
2235 909 2368 977 qua

224 1003 452 1072 fracta
489 999 882 1070 solidantur.
918 1000 1222 1094 Spatium
1260 997 1634 1083 modicum,
1668 997 1846 1091 quod
1873 1012 2094 1066 tamen
2129 997 2370 1064 sentiat
2455 1039 2460 1044 -

222 1131 512 1202 ventoS,
546 1129 613 1182 et
649 1112 967 1184 fluctibus
999 1112 1417 1180 intumescat.
1448 1108 1652 1180 Nulla
1686 1111 1755 1178 in
1785 1109 1913 1179 hoc
1944 1111 2132 1179 navis
2161 1111 2372 1200 (sacer
2405 1104 2435 1158 ⁵

230 1227 425 1294 enim
462 1225 624 1320 est),
650 1223 765 1293 sed
803 1226 1112 1293 innatant
1152 1221 1379 1292 insulae
1414 1221 1740 1308 herbidae,
1775 1246 2006 1292 omnes
2044 1221 2372 1292 arundine

230 1351 307 1404 et
328 1337 545 1430 junco
574 1349 763 1414 tectae
781 1387 801 1418 ,
827 1357 1105 1428 quaeque
1138 1331 1269 1401 alia
1297 1331 1676 1403 foecundior
1703 1330 1892 1427 palus
1910 1386 1928 1417 ,
1958 1333 2234 1426 ipsaque
2261 1330 2373 1401 illa

232 1447 631 1515 extremitas
652 1445 833 1515 lacus
859 1443 1069 1524 effert.
1096 1445 1229 1511 Sua
1255 1443 1498 1536 cuique
1521 1443 1738 1538 figura
1757 1497 1776 1530 ‚
1803 1458 1877 1511 ut
1901 1442 2138 1513 modus
2167 1467 2185 1512 ε
2213 1469 2374 1535 cun·

234 1557 369 1624 ctis
403 1579 637 1650 margo
672 1554 980 1640 derasus,
1008 1553 1165 1648 quia
1193 1552 1576 1647 frequenter
1605 1552 1710 1621 vel
1747 1551 1925 1623 litori
1951 1553 2053 1622 vel
2087 1555 2212 1624 sibi
2244 1553 2374 1623 illi-

234 1691 331 1734 εκ
358 1678 589 1734 terunt
614 1678 1073 1759 terunturque.
1110 1667 1242 1732 Par
1270 1663 1584 1732 omnibus
1615 1661 1932 1749 altitudo,
1958 1687 2080 1757 par
2109 1662 2372 1734 levitas:

238 1777 505 1870 quippe
534 1775 603 1842 in
634 1775 922 1868 speciem
956 1773 1201 1843 carinae
1236 1772 1476 1842 humili
1505 1772 1728 1842 radice
1764 1772 2192 1843 descendunt.
2221 1777 2378 1842 Haec
2414 1783 2446 1833 6

241 1953 498 2032 ὁὲὃμονα
516 1962 687 2033 λίμνην
723 1959 941 2024 vocari,
970 1977 1127 2032 quem
1158 1957 1271 2012 lau-

240 2039 399 2095 davit
428 2040 517 2094 hic
552 2052 605 2092 et
642 2040 699 2091 in
730 2038 1069 2110 Geographia
1098 2038 1271 2093 Cella·

240 2121 394 2186 rius,
411 2131 473 2172 ut
495 2130 549 2172 et
564 2118 775 2173 Livium
796 2119 906 2184 1x,
928 2118 1027 2188 393
1051 2119 1272 2173 Florum

244 2201 312 2267 1,
346 2204 447 2266 ¹33
484 2200 737 2254 Senecam
776 2158 975 2263 Quaest.
1010 2199 1273 2265 nat.111,

250 2279 317 2333 25
336 2317 357 2343 ,
384 2279 479 2352 qui
506 2279 661 2332 nnius
685 2277 849 2332 modo
872 2279 1101 2332 natantis
1126 2279 1181 2332 in
1210 2297 1273 2332 eo

244 2360 437 2413 insule
466 2360 789 2413 mentionem
823 2358 951 2411 facit
968 2400 983 2425 ,
1026 2370 1140 2412 tum
1172 2359 1276 2412 Pli-

246 2440 405 2493 nium
434 2441 689 2513 majorem
714 2439 771 2491 11
790 2480 806 2505 ,
837 2438 903 2508 95
922 2476 938 2503 ,
964 2439 1057 2511 qui
1075 2440 1276 2511 sylvam

248 2532 528 2574 natantem
548 2520 603 2571 in
622 2538 689 2572 eo
706 2529 966 2571 memorat
989 2536 1003 2571 ε
1022 2516 1099 2571 *ad
1118 2537 1276 2590 quem

246 2600 433 2655 locum
454 2598 763 2656 Harduinus
789 2602 903 2667 lage
929 2601 1278 2651 ammam-110

248 2678 417 2733 hodie
440 2679 621 2733 vocari
646 2680 827 2733 refert.
852 2677 920 2731 G.

326 2762 385 2824 4.
434 2762 649 2811 Viridior
688 2774 739 2809 ec
767 2760 986 2826 pressior
1005 2748 1277 2827 'sulphur-is.

253 2839 501 2911 Intelligo
520 2878 535 2903 ,
574 2843 755 2891 colore.
794 2839 993 2909 Nempe
1028 2838 1279 2892 interme·

251 2918 407 2973 dium
425 2916 713 2991 quemdam
726 2917 885 2971 habet
898 2917 1129 2971 colorem
1144 2936 1283 2989 aqua

250 2998 419 3071 hujus
454 2999 603 3051 lacus
634 3009 686 3051 et
712 2998 933 3050 mixtum
952 3035 968 3061 ‚
995 3016 1153 3070 quem
1182 3018 1281 3049 ece-

256 3083 477 3139 meeum,
519 3078 615 3150 qui
653 3077 903 3130 solemnis
944 3095 1094 3149 aqum
1136 3077 1285 3131 color

257 3170 337 3211 est
354 3196 372 3223 ,
410 3156 592 3211 dicere
632 3175 743 3210 non
778 3157 979 3229 possin
1024 3169 1101 3209 est
1142 3157 1284 3210 enim

256 3240 479 3289 auidior
519 3234 891 3309 pallidiorque.
942 3236 1170 3291 Inclinat
1215 3236 1286 3291 ad

257 3317 459 3370 flavum
478 3354 493 3380 ‚
521 3314 613 3369 sed
639 3318 881 3384 sulphuris
900 3314 1077 3369 colore
1101 3329 1179 3368 est
1199 3320 1283 3367 vi-

258 3400 421 3448 ridior
439 3409 489 3447 et
490 3400 726 3465 pressior,
748 3393 853 3448 hoc
866 3408 966 3459 est,
989 3396 1282 3460 obscurior,

261 3490 315 3529 et
336 3476 457 3547 plus
482 3494 549 3527 ex
578 3473 1011 3547 nigrotrahens,
1039 3492 1147 3547 quo
1173 3475 1286 3545 ipso

262 3556 333 3610 ad
376 3556 661 3609 caemlenm
707 3556 1035 3627 aliquantum
1080 3555 1244 3626 vergit
1268 3594 1284 3619 ‚

260 3636 459 3709 quippe
492 3636 587 3708 qui
624 3634 765 3689 flavo
799 3634 993 3691 mixtus
1031 3634 1125 3687 dat
1164 3636 1289 3687 viri-

264 3714 408 3769 dem.
454 3716 669 3787 Nempe·
700 3713 974 3787 sequimur
1012 3714 1289 3767 lectionem

266 3794 559 3849 Mediceam
580 3832 596 3858 ,
633 3806 687 3847 et
726 3794 1065 3867 antiquarum
1103 3793 1289 3848 editio·

265 3893 417 3928 num.
434 3872 665 3945 Vulgata
692 3873 851 3927 lectio
864 3912 881 3936 ,
896 3875 1134 3925 viridiore
1140 3894 1288 3943 pres-

266 3958 372 4005 u'or
424 3950 649 4007 debetur
704 3954 1016 4025 conjecturo
1067 3952 1286 4007 Barthii.

268 4032 523 4088 Preteroe
554 4034 627 4087 ita
654 4032 987 4106 distinguunt
999 4070 1016 4097 ,
1052 4036 1291 4093 viridiore

260 4116 481 4181 pressior
499 4136 519 4166 .-
566 4114 812 4181 suhkun's
855 4116 1001 4177 odor,
1049 4133 1291 4182 saporque

1365 1963 1632 2010 medicatus
1651 1980 1671 2010 .·
1695 1963 1800 2021 vis,
1840 1979 1942 2027 qua
1951 1961 2147 2028 stacta.
2183 1961 2248 2012 In
2276 1979 2384 2033 qua

1364 2039 1591 2092 lectione
1626 2041 1799 2110 primo
1836 2037 2233 2095 incommodum
2273 2051 2350 2093 est
2370 2079 2386 2104 ‚

1366 2119 1512 2192 quod
1577 2120 1968 2191 comparativus
2029 2120 2388 2190 comparativo

1370 2212 1732 2273 comparatur,
1747 2203 1989 2254 viridiore
1991 2203 2224 2269 pressior,
2243 2197 2390 2272 quod

1370 2281 1456 2333 vix
1482 2281 1722 2353 intelligo
1744 2301 1758 2334 ε
1782 2278 1974 2334 deinde
1987 2320 2004 2344 ,
2038 2279 2138 2333 nisi
2163 2283 2289 2332 odor
2307 2301 2390 2332 sa·

1366 2382 1558 2430 perque
1577 2363 1952 2434 conjungatur,
1977 2366 2040 2427 ἡ,
2074 2382 2194 2430 que,
2220 2359 2288 2412 ad
2311 2379 2390 2414 sa·

1369 2460 1470 2513 por
1496 2440 1701 2514 adjecta
1723 2442 1860 2494 male
1878 2440 2160 2513 respondet
2175 2440 2392 2514 reliqum

1374 2521 1662 2575 verborum
1688 2520 2108 2575 continuationi:
2135 2520 2394 2592 posuisset

1373 2620 1505 2655 sane
1529 2601 1730 2654 Plinius
1749 2639 1764 2665 ,
1801 2604 2041 2669 sulphuris
2070 2603 2216 2664 odor,
2245 2620 2397 2668 sapor

1374 2683 1671 2743 medicatus,
1695 2683 1801 2742 vis,
1826 2683 2136 2750 quaftaeca,
2163 2690 2265 2731 etc.
2287 2680 2356 2733 G.

1461 2761 1512 2813 5.
1558 2766 1709 2813 Sacer·
1749 2764 1878 2813 enim
1918 2775 2024 2813 est..
2047 2757 2188 2813 Vide
2239 2778 2394 2832 snpra

1375 2840 1512 2894 VIII
1531 2878 1547 2904 ‚
1575 2840 1608 2893 8
1628 2878 1642 2904 ‚
1666 2842 1719 2893 6.
1748 2840 1816 2894 G.

1448 2950 1520 2961 -—
1537 2924 1746 2989 Figura,
1775 2936 1830 2971 ue
1846 2922 2034 2972 modus.
2054 2919 2247 2991 Figura
2263 2920 2398 2991 pari·

1376 3011 1458 3051 ter
1477 3012 1530 3051 et
1547 2999 1912 3071 magnitudine
1925 3037 1942 3063 ,
1960 3000 2048 3052 hic
2066 2999 2206 3053 enim
2226 3003 2396 3050 modus

1379 3089 1458 3131 est
1475 3116 1492 3141 ‚
1519 3076 1796 3133 differunt.
1829 3079 2006 3133 Nolim
2037 3090 2216 3132 tamen
2244 3077 2416 3131 dam-.

1379 3176 1510 3211 nare
1525 3173 1706 3221 motus,
1729 3158 1876 3233 quod
1898 3158 1965 3211 ad
1989 3170 2229 3212 natatum
2249 3156 2398 3209 illum

1379 3250 1432 3292 et
1467 3236 1864 3293 fluctuationem
1889 3238 2078 3291 referri
2108 3248 2293 3307 potest.
2327 3234 2394 3288 G.
2435 3257 2442 3277 ι

1379 3350 1451 3359 -
1465 3324 1630 3371 Motus
1647 3330 1723 3372 est
1741 3317 1904 3372 Lectii
1925 3321 2228 3390 conjectura
2246 3355 2262 3381 ,
2282 3334 2398 3387 pro-

1380 3400 1504 3453 bata
1531 3399 1868 3453 casaubono.
1895 3396 2064 3449 Unice
2083 3412 2268 3446 verum
2299 3414 2400 3447 mo·

1380 3480 1490 3529 dus.
1511 3477 1565 3531 S.

1452 3586 1524 3597 -—
1551 3559 1741 3609 Humili
1771 3558 1956 3606 radice.
1992 3554 2122 3619 Qum
2155 3558 2256 3605 alce
2288 3574 2400 3609 non

1382 3634 1669 3691 descendit.
1703 3635 1838 3688 Nam
1868 3636 2048 3685 humile
2077 3632 2234 3686 etiam
2262 3639 2392 3695 alto,

1382 3715 1440 3769 in
1469 3726 1730 3787 quantum
1757 3715 2060 3782 profimdum
2093 3725 2241 3768 notat
2257 3752 2274 3779 ‚
2304 3733 2398 3786 op-

1383 3795 1545 3866 poni,
1587 3790 1880 3847 Columella
1921 3792 2149 3846 ostendit
2166 3832 2182 3859 ‚
2230 3811 2396 3865 quum

1384 3874 1488 3939 IV,
1517 3892 1565 3937 1,
1597 3876 1629 3927 6
1644 3909 1660 3936 ,
1685 3874 1914 3923 humilem
1934 3876 2229 3941 positionem
2253 3872 2367 3926 vitis
2381 3910 2396 3935 ,

1385 3972 1548 4026 quam
1600 3948 1838 4005 eamdem
1882 3972 2161 4023 suspensam
2204 3964 2360 4007 vocat
2381 3988 2396 4013 ‚

1386 4034 1502 4087 altae
1520 4031 1766 4105 opponit,
1786 4032 1929 4105 quod
1949 4032 2001 4087 in
2017 4032 2203 4087 Indice
2221 4043 2400 4086 nostro

1388 4111 1790 4167 declaravimus.
1819 4112 1887 4166 G.
