2857 4690
764 391 1279 462 PANEGYR.
1334 393 1391 460 C
1412 391 1561 460 AP.
1616 393 1859 460 XXX.

2230 393 2358 463 281
2449 341 2454 346 ·

244 514 441 584 solita
476 516 916 610 pinguescere
936 566 957 599 ‚
988 537 1189 608 quam
1226 537 1391 610 quas
1431 514 1574 609 ipse
1605 514 1958 584 devexerat
1979 569 1998 602 ‚
2041 515 2244 584 tantis
2278 541 2374 584 se-

246 627 511 720 getibus
576 625 981 695 induebatur
1002 678 1021 712 ,
1072 641 1153 695 ut
1207 649 1361 695 cum
1415 624 1835 695 feracissimis
1887 626 2081 694 terris
2106 678 2125 712 ,
2182 627 2370 719 quasi

248 761 601 830 nunquam
638 759 903 805 cessura
920 789 940 822 ‚
974 748 1278 804 certaret.
1320 737 1482 812 Haec
1511 735 1788 829 inopina
1829 736 2124 805 siccitate
2161 759 2374 830 usque
2411 759 2442 792 2

249 847 335 914 ad
378 847 699 940 injuriam
754 845 1116 915 sterilitatis
1164 846 1474 933 exaruit3
1523 847 1677 939 quia
1728 846 1918 940 piger
1963 843 2160 916 Nilus
2205 869 2376 915 cun-

247 969 509 1026 ctanter
522 955 711 1024 alveo
742 981 881 1026 sese
898 980 977 1026 ac
995 954 1309 1050 languide
1320 953 1650 1024 extulerat
1661 1009 1680 1043 ,
1693 955 2084 1050 ingentibus
2103 953 2374 1048 quidem

250 1081 417 1136 tunc
456 1091 727 1161 quoque
778 1064 889 1134 ille
906 1119 927 1154 ‚
970 1065 1357 1136 fluminibus
1408 1079 1632 1134 tamen
1651 1117 1670 1150 ‚
1705 1063 2168 1134 conferendus.
2198 1065 2378 1134 Hinc
2413 1067 2446 1119 3

246 1201 409 1272 pars
431 1200 675 1271 magna
702 1191 1033 1245 terrarum
1048 1178 1258 1270 mergi
1275 1177 1704 1271 repararique
1717 1175 1970 1270 palanti
1996 1199 2193 1244 amne
2212 1200 2378 1244 con·

248 1301 441 1356 sueta
460 1339 481 1373 ‚
516 1286 653 1356 alto
680 1285 957 1381 pulvere
996 1286 1365 1356 incanduit.
1394 1289 1673 1356 Frustra
1699 1301 1868 1356 tunc
1907 1288 2231 1381 AEgyptus
2255 1311 2380 1354 nu·

246 1397 387 1468 bila
426 1397 1125 1493 optavit‚'caelumque
1162 1398 1488 1492 respexit,
1518 1421 1728 1493 quum
1764 1398 1904 1492 ipse
1934 1395 2384 1467 foecunditatis

246 1533 497 1603 parens
524 1509 931 1579 contractior
966 1523 1035 1576 et
1064 1507 1299 1578 exilior
1318 1562 1337 1597 ‚
1370 1510 1604 1579 iisdem
1639 1509 2012 1579 ubertatem
2049 1509 2192 1603 ejus
2223 1511 2382 1578 anni

244 1619 579 1714 angustiis
600 1671 621 1705 ‚
654 1618 897 1712 quibus
924 1618 1405 1689 abundantiam
1424 1645 1650 1705 suam,
1685 1621 2116 1691 cohibuisset.
2147 1621 2384 1716 Neque
2418 1643 2450 1692 4

244 1729 430 1799 enim
449 1727 665 1798 solum
695 1752 901 1823 vagus
919 1727 1058 1815 ille,
1076 1754 1281 1824 quum
1298 1731 1700 1825 expanditur
1719 1785 1738 1818 ,
1761 1732 1976 1800 amnis
1999 1732 2173 1800 intra
2193 1755 2384 1802 usur-

318 1933 491 1986 XXX.
518 1949 566 1985 1.
596 1939 725 1999 Ipse.
755 1932 969 1986 Prostat
992 1936 1101 2000 ipsa
1129 1970 1145 1994 ‚
1172 1933 1273 1986 sio-

244 2031 353 2084 qne
370 2015 484 2084 jam
509 2011 599 2064 alii
618 2015 977 2086 conjecerunt.
1000 2011 1052 2064 S.

322 2111 373 2144 2.
396 2094 697 2144 fluminibus
731 2107 915 2143 tamen.
944 2092 1150 2145 Nomen
1160 2095 1273 2164 flu·

246 2173 463 2222 niuibus
504 2170 773 2244 duplicem
803 2172 957 2243 qnasi
992 2189 1275 2242 personam

242 2249 411 2304 hahet
441 2267 456 2304 ε
492 2255 763 2320 ingentibus
783 2254 1077 2323 fluminibus
1114 2254 1276 2321 conse-

247 2335 427 2384 rendus
439 2330 595 2385 Nilus
612 2343 727 2385 tum
746 2342 859 2386 erat
871 2350 888 2396 ς
900 2334 1275 2404 sedflumim‘bus

249 2426 417 2477 carnea
440 2448 457 2475 ,
478 2430 591 2465 non
612 2412 747 2466 mari
761 2451 777 2477 ‚
805 2423 865 2465 ut
886 2412 1035 2477 alias.
1055 2413 1139 2465 Ita
1156 2432 1279 2466 mox

246 2489 449 2557 XXXI,
472 2508 524 2543 2.
547 2495 693 2558 Quod
705 2496 943 2545 viceor-em
964 2494 1161 2561 quidem
1172 2512 1272 2560 po·

246 2574 417 2635 pulum
450 2572 473 2639 (
492 2576 805 2643 pasceret),
840 2587 1063 2640 pasceret
1092 2586 1277 2624 tamen.

258 2647 403 2703 Add.
432 2650 611 2705 XXXI
632 2689 649 2715 ‚
687 2652 739 2705 5.
776 2677 799 2699 ι
834 2652 903 2704 Et
930 2670 1030 2705 noa
1052 2653 1283 2723 AEgypto

260 2747 416 2799 posse
431 2766 449 2793 ,
490 2741 543 2783 et
584 2730 739 2783 nobis
776 2732 1065 2803 AEgyptum
1104 2749 1285 2785 carere

264 2825 371 2861 non
380 2828 557 2880 posse.
569 2834 595 2855 a
612 2809 765 2864 Adde
782 2808 945 2863 finem
961 2829 1079 2881 cap.
1096 2810 1151 2863 in
1169 2827 1287 2865 ver-

264 2886 540 2958 bofleaexie5
558 2888 617 2942 it.
642 2890 731 2955 37,
752 2892 811 2953 6,
834 2889 891 2941 in
913 2892 1051 2941 bonis
1068 2910 1090 2949 ,-
1109 2889 1169 2942 it.
1191 2887 1285 2953 38,

270 2984 321 3031 2,
338 2969 629 3021 hereditate.
647 2968 715 3021 G.

336 3046 387 3099 3.
402 3051 568 3116 Mergi
579 3053 898 3116 repararique
905 3052 1125 3116 palanei.
1145 3048 1285 3101 Dum

267 3128 500 3194 mergitur
506 3139 644 3181 terra
654 3148 800 3179 amne
798 3132 1001 3197 palatui
1011 3147 1035 3179 s
1042 3128 1287 3199 sagunti,

267 3204 453 3259 eadem
487 3222 783 3275 reparatur,
817 3226 1036 3262 succum
1066 3220 1121 3262 et
1150 3207 1287 3261 vires

268 3286 417 3354 quasi
426 3285 635 3377 recipit.
648 3286 925 3341 Nondum
910 3288 1140 3341 innotuit
1154 3286 1289 3340 mihi

268 3362 439 3429 liber,
469 3366 565 3437 qni
585 3365 727 3421 hanc
745 3366 1028 3421 lectionem
1052 3366 1287 3431 habeat·

268 3442 359 3497 sed
376 3443 533 3498 divisi
547 3458 670 3497 sunt
685 3444 927 3499 codicee'
910 3457 1047 3499 inter
1056 3449 1283 3513 palatui,

268 3534 321 3575 et
340 3528 703 3594 repararique.-
728 3524 945 3579 interim
966 3542 1141 3596 neque
1156 3522 1289 3577 dnm

268 3604 483 3673 penitet
490 3607 625 3677 ejus,
638 3602 816 3677 qnod'
800 3624 857 3657 m
865 3606 1043 3676 priore
1056 3603 1289 3658 editione

268 3699 367 3736 usn
388 3682 527 3735 mihi
544 3684 719 3745 venit,
752 3682 821 3736 de
845 3702 955 3756 qno
978 3685 1053 3737 ita
1078 3697 1195 3737 tum
1215 3682 1287 3738 ad

268 3762 335 3815 cl.
368 3762 729 3817 Schwarzium
769 3762 1067 3817 scribebam
1095 3780 1110 3816 :
1144 3764 1287 3817 Dum

267 3838 471 3908 dubito,
486 3842 620 3897 dnm
632 3842 867 3897 calamus
878 3844 993 3915 ipae
1004 3842 1143 3897 inter
1154 3841 1289 3897 duaa

266 3922 513 3993 lectiones
524 3920 751 3977 fluctuat
766 3959 784 3986 ,
798 3922 1171 3995 ponendnmne
1188 3922 1253 3975 sit
1268 3959 1285 3986 ,

267 4005 629 4074 mag-ipalami
646 4021 815 4066 amne,
832 4001 981 4073 quod
1000 4000 1177 4056 adhuc
1196 4002 1289 4055 ob-

268 4081 417 4135 tinuit
441 4122 460 4148 ,
486 4102 561 4137 an
600 4081 733 4135 illud
769 4101 835 4135 ex
859 4081 1009 4135 MSS.
1038 4084 1193 4151 mergi
1216 4100 1291 4132 n·

259 4165 535 4233 pararique
553 4171 581 4213 θ
606 4172 895 4233 utrumque
926 4160 1107 4215 exiisse
1134 4158 1290 4230 prelis

1356 1930 1512 1985 video
1531 1968 1546 1996 ,
1567 1945 1618 1985 et
1637 1942 1885 1988 neutrum
1913 1949 1981 1984 ne
2000 1950 2143 1986 nnnc
2165 1929 2384 2003 quidem

1358 2009 1442 2063 vel
1483 2010 1738 2064 damnare
1781 2010 1953 2064 audeo
2007 2011 2092 2065 vel
2133 2013 2376 2084 probare.

1357 2091 1514 2144 Certe
1517 2095 1704 2160 palam
1716 2093 1874 2143 anmis
1884 2091 2020 2144 mihi
2034 2093 2263 2164 imagine
2271 2110 2382 2145 non

1358 2169 1620 2236 inatnoena
1635 2169 2012 2224 blandiebatur
2031 2209 2046 2235 ,
2061 2173 2168 2226 hoc
2185 2185 2264 2224 est
2281 2210 2296 2235 ,
2313 2172 2384 2224 ri-

1358 2268 1455 2321 pas
1473 2268 1596 2303 suas
1613 2287 1630 2314 ‚
1649 2261 1701 2303 et
1715 2251 1872 2322 quasi
1889 2263 2060 2304 casti-a
2083 2289 2100 2314 ,
2115 2249 2243 2304 hinc
2261 2249 2386 2306 inde

1361 2348 1600 2403 egressus
1619 2368 1636 2394 ,
1657 2342 1710 2384 et
1733 2342 1894 2403 prout
1913 2331 2022 2385 fors
2053 2329 2140 2385 vel
2159 2330 2386 2403 impetus

1362 2411 1484 2463 tulit
1507 2450 1522 2475 ‚
1559 2409 1650 2465 hic
1693 2409 1902 2483 longius
1935 2424 1988 2465 et
2013 2410 2228 2465 densior
2247 2448 2262 2473 ,
2293 2410 2386 2465 hic

1362 2491 1533 2545 rarior
1541 2502 1592 2544 et
1605 2492 1816 2545 brevius
1823 2502 2196 2546 commoratus.
2211 2490 2390 2559 Quid?

1364 2570 1411 2625 si
1436 2583 1724 2643 utrumque
1757 2584 1836 2626 eut
1859 2591 1892 2625 a
1916 2572 2088 2625 Plinio
2111 2610 2128 2636 ,
2156 2584 2210 2624 et
2241 2590 2390 2626 error

1366 2662 1545 2707 noster
1575 2668 1730 2704 suam
1761 2652 1890 2705 huic
1925 2652 2045 2705 loco
2076 2652 2265 2707 faciem
2289 2689 2306 2716 ,
2329 2663 2392 2705 ut

1366 2730 1573 2784 Nealcis
1607 2731 1758 2785 furor
1791 2731 2124 2803 desperatam
2163 2734 2219 2785 in
2249 2750 2389 2804 equo

1368 2827 1614 2879 spumam
1639 2847 1656 2874 ,
1689 2810 1965 2864 reddidit?
2003 2811 2074 2865 G.
2105 2842 2178 2853 -—-
2209 2818 2392 2865 Inm-

1368 2893 1492 2942 duit.
1511 2888 1740 2943 Incaluit
1757 2928 1775 2955 ‚
1797 2891 2006 2945 exarsit.
2022 2891 2228 2963 Nempe
2245 2892 2392 2945 hunc

1370 2966 1616 3021 ardorem
1647 2970 1958 3023 continuum
1981 2976 2114 3022 altus
2127 2974 2290 3039 pulvis
2309 2990 2392 3027 nea

1370 3048 1636 3119 quehatur
1654 3084 1670 3110 ,
1693 3048 1880 3120 etipse
1905 3050 2134 3104 fervens.
2147 3050 2211 3102 Ε.

1443 3127 1498 3191 4.
1526 3132 1686 3192 Quum
1709 3131 2028 3196 expandiw.
2048 3128 2211 3200 Vulg.
2233 3148 2394 3197 vagus

1372 3208 1456 3259 ille
1471 3209 1772 3275 expanditur
1781 3211 1941 3259 amis
1957 3228 1974 3259 .·
1987 3208 2138 3281 qnasi
2156 3207 2392 3261 substan-

1370 3286 1536 3338 tivum
1555 3304 1752 3339 nomen
1769 3288 1835 3341 sit·
1855 3290 2168 3357 expanditur.
2191 3286 2393 3339 Lectio-

1372 3384 1498 3419 nem
1532 3378 1770 3421 nostram
1793 3367 2045 3421 debemus
2069 3366 2154 3419 his
2172 3403 2189 3430 ,
2217 3384 2336 3437 qno
2361 3384 2394 3419 e
2446 3392 2456 3404 ,

1371 3446 1527 3500 honis
1549 3446 1697 3501 libris
1722 3447 1924 3501 notavit
1951 3446 2273 3500 Schwamius
2292 3486 2309 3513 ,
2335 3446 2392 3498 in

1371 3526 1566 3597 quibus
1601 3530 1974 3594 expandebatur
1992 3563 2008 3589 ,
2038 3525 2122 3577 vel
2156 3527 2396 3593 expandi-

1374 3619 1458 3655 tur
1481 3626 1500 3655 .·
1535 3606 1624 3659 cni
1648 3606 1810 3661 venbo
1835 3609 1882 3657 si
1902 3604 1988 3658 vel
2011 3624 2161 3673 quum
2185 3623 2393 3678 prepo-

1370 3682 1610 3737 nendum
1624 3722 1640 3747 ,
1655 3688 1765 3756 jam
1779 3683 2084 3759 judicarunt
2105 3682 2208 3737 viri
2225 3684 2388 3739 docti.

1370 3762 1442 3817 G.
1461 3794 1531 3805 --
1547 3764 1876 3817 Forcessinus
1898 3782 1912 3817 ε
1941 3784 2103 3834 vagus
2126 3767 2209 3817 5110
2233 3780 2284 3817 ee
2305 3784 2394 3817 ea·-

1362 3847 1609 3910 panditor
1632 3848 1820 3907 amnis,
1849 3843 1952 3897 hac
1978 3842 2160 3898 addita
2175 3844 2397 3917 explica-

1374 3920 1638 3977 tionuid
1670 3924 2156 3997 est,quiseenttra
2181 3924 2393 3979 alveum

1374 4020 1533 4055 snum
1543 4002 1797 4075 expandit
1814 4014 1866 4057 et
1885 4002 2131 4071 effundit.
2153 4004 2206 4059 S.
2222 4035 2294 4045 —-
2313 4010 2398 4055 In-

1376 4096 1456 4132 tra
1471 4098 1730 4149 vesun-pata.
1753 4122 1766 4135 .
1787 4087 2024 4137 0collium.
2050 4082 2394 4138 Oboervanda

1380 4159 1458 4213 vis
1479 4160 1622 4215 vocis
1643 4165 1798 4217 intra.
1817 4164 2054 4218 Substitit
2087 4166 2216 4215 intra
2237 4162 2399 4215 colles
