2857 4690
746 367 1261 438 PANEGYR.
1314 369 1530 436 CAP.
1581 367 1781 436 XCI.
2186 365 2326 442 383

298 501 481 570 XCI.
520 497 837 570 Nondum
874 500 1211 568 biennium
1251 499 1734 595 compleramus
1771 501 1842 570 in
1881 499 2102 570 officio
2141 501 2328 574 labo-

199 607 556 676 riosissimo
586 619 657 674 et
682 607 972 675 maximo
987 660 1007 693 ‚
1030 630 1239 700 quum
1272 620 1348 674 tu
1374 605 1564 676 nobis
1579 659 1600 692 ‚
1629 607 1880 701 optime
1908 609 2288 702 Principum
2307 663 2328 696 ‚

200 713 553 782 fortissime
584 714 1101 806 Imperatorum,
1134 711 1548 782 consulatum
1575 711 1868 782 obtulisti
1885 765 1904 798 ‚
1935 727 2012 782 ut
2041 713 2126 784 ad
2153 739 2329 784 sum·-

200 842 381 888 mum
416 818 742 888 honorem
780 817 989 912 gloria
1028 816 1380 888 celeritatis
1415 817 1796 899 accederet„
1821 821 2110 890 Tantum
2159 822 2332 890 inter
2361 849 2389 883 2

197 939 261 992 te
299 939 369 993 et
407 922 557 992 illos
593 925 921 1018 principes
958 925 1265 1009 interest,
1302 925 1415 1017 qui
1451 924 1786 994 beneficiis
1826 927 1958 994 suis
1993 950 2330 996 commen·

198 1029 533 1098 dationem
570 1053 651 1098 ex
672 1028 1059 1099 difficultate
1086 1029 1476 1124 captabant,
1517 1031 1964 1124 gratioresque
2005 1034 2330 1126 accipien-

198 1137 391 1206 tibus·
411 1135 701 1204 honores
738 1135 1228 1205 arbitraba-ntur
1246 1188 1266 1223 ‚
1304 1137 1357 1204 si
1400 1137 1582 1230 prius
1621 1133 1768 1206 illos
1806 1137 2180 1232 desperatio
2197 1191 2216 1225 ‚
2267 1153 2334 1208 et

200 1241 471 1312 taedium
495 1295 516 1328 ‚
562 1255 632 1310 et
688 1241 914 1312 similis
968 1240 1250 1336 repulsae
1294 1265 1487 1311 mora
1508 1296 1527 1329 ‚
1573 1243 1638 1310 in
1691 1257 1919 1312 notam
1975 1244 2330 1338 quamdam

204 1347 661 1440 pudoremque
687 1349 1055 1416 vertissent.
1086 1348 1331 1416 Obstat
1354 1348 1780 1436 verecundia,
1809 1353 2164 1442 quominus
2184 1375 2332 1446 per·
2370 1362 2402 1413 3

203 1476 624 1541 censeamus,
664 1477 798 1546 quo
852 1468 1207 1548 utrumque
1254 1468 1556 1524 nostrum
1605 1457 1983 1525 testimonio
2031 1459 2332 1526 ornaris.-

204 1574 278 1629 ut
314 1563 547 1628 amore
580 1560 741 1629 recti
762 1613 781 1647 ,
814 1583 1039 1630 amore
1080 1559 1492 1655 reipublicae,
1527 1551 1760 1656 priscis
1797 1561 1922 1630 illis
1955 1562 2336 1634 consulibus

205 1667 586 1759 aequaveris
634 1667 879 1735 Merito
924 1689 1167 1751 necne,
1210 1681 1512 1737 neutram
1555 1669 1623 1734 in
1668 1681 1924 1762 partem
1979 1667 2336 1766 decernere
2371 1693 2402 1749 a

204 1771 602 1858 audeamus3
628 1773 782 1866 quia
818 1779 941 1841 nec
972 1773 1071 1842 fas
1102 1787 1235 1858 est,
1268 1771 1692 1841 affirmationi
1729 1787 1858 1842 tuae
1886 1772 2204 1868 derogare
2223 1829 2242 1860 ,
2269 1791 2338 1844 et

206 1901 565 1947 onerosum
604 1879 944 1964 confiteri,
988 1901 1145 1947 vera
1185 1903 1360 1965 esse,
1400 1901 1547 1972 quae
1589 1877 1673 1946 de
1713 1878 1936 1966 nobis,
1971 1881 2334 1973 praesertim

206 1998 345 2052 tam
386 1983 777 2078 magnifica,
808 1985 1046 2054 dixisti.
1076 1986 1179 2052 Tu
1218 1975 1444 2054 tamen
1481 1983 1724 2078 dignus
1755 2007 1860 2070 es,
1893 1987 2010 2078 qui
2037 2009 2152 2054 eos
2183 2009 2336 2055 con·
2373 2004 2402 2057 5

206 2087 381 2158 sules
418 2089 619 2159 facias
635 2143 655 2178 ‚
691 2090 773 2159 de
808 2091 1047 2185 quibus
1081 2093 1291 2185 possis
1330 2091 1455 2159 ista
1487 2089 1864 2185 praedicare.
1899 2091 2178 2161 Tribuas
2211 2117 2332 2160 ve·-

208 2198 387 2265 niam
403 2248 424 2283 ,
452 2195 631 2290 quod
661 2198 833 2265 inter
857 2196 999 2266 haec
1026 2196 1346 2266 beneficia
1374 2210 1491 2266 tua
1515 2197 1955 2291 gratissimum
1985 2211 2087 2266 est
2108 2199 2336 2286 nobis,

204 2301 391 2397 quod
421 2327 545 2372 nos
576 2327 803 2375 rursus
842 2300 1129 2399 collegas
1162 2327 1303 2374 esse
1331 2301 1615 2374 voluisti.
1655 2305 1756 2373 Ita
1791 2303 2032 2374 carinas
2065 2319 2294 2374 mutua
2315 2360 2336 2385 .‚
2374 2321 2407 2372 6

209 2410 299 2479 ita
326 2434 703 2503 congruens
728 2425 923 2479 tenor
940 2412 1127 2498 vitai,
1155 2410 1243 2478 ita
1272 2434 1405 2479 una
1435 2409 1794 2504 eademque
1825 2412 1992 2479 ratio
2020 2413 2340 2507 propositi

206 2515 592 2609 postulabat
625 2540 643 2583 ε
672 2517 865 2610 cujus
894 2540 975 2585 ea
1008 2518 1143 2605 vis,
1178 2531 1255 2586 ut
1292 2540 1554 2586 morum
1583 2515 1940 2586 similitudo
1969 2518 2342 2589 concordiae

210 2636 459 2691 nostrai
504 2621 782 2717 gloriam
823 2624 1109 2709 minuat,
1151 2646 1229 2692 ac
1286 2622 1558 2717 perinde
1611 2624 1694 2692 sit
1731 2624 1976 2693 mirum
2001 2676 2021 2711 ,
2067 2626 2122 2693 si
2175 2623 2344 2694 alter

212 2742 517 2799 nostmm
544 2752 585 2797 a
612 2727 864 2823 collega
880 2784 900 2816 .,
930 2754 1009 2798 ac
1039 2732 1091 2799 si
1118 2754 1157 2799 a
1188 2730 1401 2824 seipso
1426 2729 1784 2799 dissentiat.
1813 2730 1970 2799 Non
1997 2755 2160 2825 ergo
2185 2746 2345 2800 tem·
2377 2765 2409 2817 7

214 2836 555 2927 porarium
584 2850 651 2905 et
676 2836 963 2906 subitum
994 2849 1128 2923 est,
1159 2835 1340 2930 quod
1364 2850 1642 2929 uterque
1671 2832 1939 2930 collegae
1963 2837 2308 2906 consulatu
2324 2891 2344 2923 ‚

215 3042 273 3077 ae
300 3032 455 3077 bonos
472 3040 635 3077 samm
654 3046 675 3085 ,-
700 3025 837 3078 bene
854 3025 1105 3080 haberet:
1136 3024 1239 3078 nisi
1314 3028 1415 3095 fiae
1433 3046 1452 3076 .·
1489 3024 1634 3097 quod
1673 3036 1810 3078 esset
1851 3024 2080 3077 latinius.
2115 3025 2344 3081 Eam.

217 3102 363 3177 quod
390 3104 705 3176 ambiguitas
716 3116 851 3160 esset
868 3104 923 3159 in
944 3108 1115 3157 ὂοηω.
1135 3105 1237 3157 En.
1394 3106 1449 3157 6.
1479 3108 1702 3157 Gloriam
1733 3107 1940 3156 ηιὺιιιαε.
1973 3104 2167 3157 Mirum
2203 3104 2346 3157 enim

308 3184 457 3237 XCI.
492 3201 541 3236 1.
564 3190 627 3235 In
653 3189 819 3259 officio
846 3186 1239 3236 laboriosissimo.
1326 3202 1438 3237 non
1463 3194 1542 3236 est
1563 3220 1580 3246 ‚
1606 3183 1650 3235 si
1675 3182 1916 3237 homines
1935 3182 2216 3237 simillimis
2228 3202 2344 3234 mo-

220 3262 537 3317 meectnra
570 3264 762 3319 orarii.
792 3263 915 3317 vid.
937 3265 1019 3327 V,
1044 3263 1105 3315 15
1126 3300 1142 3327 ,
1169 3264 1201 3317 5
1224 3300 1243 3327 ‚
1328 3264 1478 3317 ribus
1504 3274 1556 3315 et
1591 3262 1822 3319 consi-liis
1857 3263 1994 3316 inter
2027 3281 2084 3315 se
2123 3278 2346 3315 concor·

220 3360 337 3413 qun
359 3352 473 3396 tota
489 3343 707 3414 epistola
734 3342 803 3397 de
830 3344 932 3397 hac
962 3342 1245 3396 necessitu-
1332 3343 1480 3397 dant.
1503 3343 1564 3395 E.

222 3420 349 3474 dine
374 3422 501 3491 agit.
528 3422 669 3476 Add.
685 3424 733 3476 X
756 3460 771 3485 ‚
800 3441 870 3474 oo
889 3459 906 3486 ,
936 3441 984 3474 1.
1006 3422 1076 3474 G.
1403 3441 1455 3493 7.
1493 3425 1858 3490 Temperat-ium
1890 3436 1941 3472 ee
1971 3424 2200 3473 subitum.
2227 3422 2348 3475 Non

296 3518 347 3553 a.
373 3504 430 3551 Si
434 3504 579 3567 prim
596 3506 727 3555 illos.
745 3501 993 3572 Intelligo
1018 3504 1242 3553 honores.
1330 3520 1460 3555 casu
1473 3500 1706 3572 quodam
1723 3511 1773 3553 et
1791 3498 2010 3551 fortuito
2023 3499 2225 3553 factum
2241 3512 2320 3551 est
2332 3540 2348 3565 ‚

224 3584 450 3631 Honores
460 3598 659 3633 nomen
674 3600 831 3635 suum
844 3581 954 3633 fere
968 3580 1245 3643 amittunt,
1330 3592 1554 3653 uterque
1593 3580 1784 3632 iterum
1832 3577 2048 3649 college
2075 3597 2310 3632 maenius
2333 3616 2350 3642 ,

222 3657 279 3709 in
298 3661 923 3713 namuconmmeliam
940 3670 1245 3722 mutantur,
1333 3659 1425 3713 sed
1461 3659 1573 3713 scil.
1617 3671 1740 3720 tuo,
1775 3658 2012 3730 Traiane
2029 3695 2044 3721 ,
2093 3659 2314 3711 consilio
2335 3696 2352 3723 ,

226 3736 271 3789 si
293 3734 613 3791 dista-antur
638 3756 733 3810 per
759 3738 995 3810 repulsas
1012 3776 1027 3801 ,
1052 3750 1153 3791 etc.
1175 3738 1245 3791 G.
1331 3750 1387 3792 et
1412 3738 1610 3811 previa
1639 3738 2018 3791 deliberatione
2043 3736 2120 3788 ita
2153 3738 2355 3791 institu-

295 3823 347 3881 4.
388 3822 679 3871 enen-osum.
710 3818 973 3872 Puden-em
1010 3830 1247 3871 nostrum
1336 3830 1470 3871 tum.
1535 3818 1600 3871 In
1648 3815 1984 3888 sequentihu-
2037 3812 2354 3871 documenffa

228 3908 431 3949 ona-at.
458 3897 545 3951 Sic
584 3898 865 3951 LXXVIII
882 3936 898 3963 ,
940 3902 975 3950 6
990 3936 1006 3961 ,
1040 3916 1251 3949 onerosa
1337 3909 1462 3951 sunt
1491 3896 1652 3950 etatis
1687 3896 1937 3949 Pliniana
1953 3933 1970 3958 ‚
2007 3914 2118 3967 qua
2161 3896 2356 3969 ingenii

228 3978 323 4025 σὺ
338 3978 593 4028 modestiae
608 4012 625 4038 ‚
656 3988 759 4029 etc.
780 3977 851 4030 G.
874 4008 945 4019 —-
966 3984 1093 4028 Vera
1114 3996 1247 4038 esse,
1337 3976 1547 4031 hadom
1587 3974 1818 4029 habebat
1839 4012 1854 4037 ,
1887 3992 1950 4028 et
1979 3974 2136 4029 rebus
2163 3988 2356 4029 utcun-

231 4072 343 4121 quae
361 4056 427 4105 do
442 4059 582 4107 nobis
598 4094 616 4117 ‚
635 4060 909 4124 prasertim
932 4071 1036 4109 eam
1058 4060 1249 4127 magni-
1337 4074 1446 4129 que
1479 4054 1624 4109 miris
1651 4066 1744 4108 aut
1771 4055 2192 4127 oepugnantibus
2231 4074 2358 4109 acu·

218 4134 359 4200 fian,
398 4136 591 4187 dia-isti.
628 4136 829 4189 Tentor
862 4136 1037 4205 legere
1067 4140 1255 4204 magni-
1340 4136 1490 4189 mina
1507 4146 1560 4187 et
1586 4134 1818 4205 argutias
1833 4146 2066 4207 captare.
2087 4136 2146 4186 E.
