2857 4690
514 349 613 447 96
1140 349 1217 416 c.
1268 351 1612 422 PLINII
1661 354 1852 422 Lm.
1901 357 2032 423 lx„

444 499 479 554 3
516 474 902 562 reducebat,
920 487 997 542 ut
1014 497 1297 568 puerum
1322 476 1543 542 caeteri
1569 455 1780 569 pueri.
1801 477 2200 548 Incredibile
2225 479 2392 574 (tam
2415 506 2648 553 verum

516 601 737 653 tamen
774 609 975 678 quam
1018 584 1272 677 priora)
1312 582 1714 680 delphinum
1761 599 2160 680 gestatorem
2209 588 2652 662 collusorem-

512 721 643 790 que
662 719 1025 790 puerorum
1046 696 1115 761 in
1136 707 1381 762 terram
1396 719 1666 788 quoque
1685 695 1942 764 extrahi
1964 696 2236 766 solitum
2251 751 2272 782 ,
2297 701 2650 794 are-nisque

442 833 476 884 9
514 807 829 875 siccatum
850 859 869 890 ‚
900 805 1015 872 ubi
1055 802 1465 888 incaluisset,
1497 803 1567 870 in
1601 829 1785 872 mare
1819 804 2090 874 revolvi.
2123 807 2408 876 Constat
2437 811 2652 877 Octa-

486 916 698 984 -vium
726 917 1035 1001 Avitum,
1072 913 1361 1008 legatum
1406 913 1863 1006 proconsulis,
1901 916 1971 982 in
2013 914 2171 985 litus
2213 915 2456 986 educto
2493 919 2650 987 reli·

514 1026 713 1120 gione
752 1049 958 1119 prava
992 1022 1442 1118 superfudisse
1469 1039 1888 1118 unguentum
1907 1077 1926 1111 ‚
1954 1026 2144 1118 cujus
2171 1025 2362 1095 illum
2391 1029 2652 1098 novita-

512 1151 647 1223 tem
676 1134 1085 1229 odoremque
1120 1136 1191 1202 in
1234 1133 1444 1201 altum
1491 1135 1810 1228 refugisse
1839 1162 1854 1203 :
1887 1161 2010 1204 nec
2041 1137 2164 1204 nisi
2213 1153 2364 1230 post
2401 1137 2651 1209 multos

513 1245 655 1314 dies
682 1247 899 1314 visum
930 1244 1325 1340 languidum
1354 1259 1423 1311 et
1451 1259 1800 1334 moestum3
1831 1271 1984 1314 mox
2002 1298 2021 1332 ‚
2051 1245 2327 1315 redditis
2355 1249 2652 1337 viribuS,

410 1401 478 1440 ,ο
512 1360 807 1452 priorem
845 1356 1181 1426 lasciviam
1216 1368 1281 1423 et
1316 1354 1511 1424 solita
1549 1355 1919 1424 ministeria
1961 1359 2295 1450 repetisse.
2335 1359 2654 1429 Conflue-

512 1469 679 1537 ba'nt
694 1467 780 1536 ad
798 1465 1249 1561 spectaculum
1271 1489 1506 1534 omnes
1527 1467 1982 1559 magistratuS,
2011 1493 2296 1561 quorum
2327 1468 2650 1558 adventu,

514 1592 583 1646 et
610 1603 835 1665 mora,
860 1575 1123 1645 modica
1151 1600 1255 1645 res
1282 1572 1554 1670 publica
1585 1577 1779 1644 novis
1807 1577 2184 1672 sumptibus
2213 1579 2646 1649 atterebatur.

513 1690 859 1758 Postremo
887 1686 1074 1756 locus
1103 1687 1243 1780 ipse
1270 1686 1564 1778 quietem
1593 1709 1783 1754 suam
1810 1701 2272 1781 secretumque
2299 1689 2646 1782 perdebat.

414 1819 471 1855 τι
514 1799 775 1870 Placuit
808 1796 1069 1868 occulte
1118 1794 1438 1882 interfici,
1477 1791 1562 1862 ad
1603 1794 1786 1888 quod
1829 1797 2158 1866 coibatur.
2207 1801 2367 1867 Haec
2409 1814 2486 1869 tu
2517 1825 2653 1894 qua

584 1999 637 2052 8.
656 2003 716 2048 In
738 1997 941 2048 terram.
964 2032 977 2044 .
1000 1995 1237 2045 .e:=tmlu'.
1256 1993 1373 2045 Jam
1398 1990 1532 2044 alias
1628 2003 1826 2060 guento
1838 1991 2376 2063 perfudit-Verissimi}
2385 1995 2652 2048 Gesnerns

513 2075 906 2131 observavimus
924 2111 939 2137 ,
966 2091 1084 2144 qua
1119 2091 1181 2124 ex
1216 2069 1396 2124 Ovidii
1427 2069 1527 2140 Ep.
1627 2068 1684 2120 in
1721 2072 1956 2124 carmine
1983 2089 1996 2123 :
2023 2077 2132 2124 Hoc
2161 2076 2212 2122 in
2239 2076 2379 2140 pisce
2405 2077 2524 2126 deos
2560 2079 2656 2126 sibi

511 2157 682 2210 Herus
705 2155 770 2209 ad
796 2151 999 2206 Leand.
1032 2169 1151 2205 sot.
1184 2149 1528 2210 adferuntur,
1618 2151 1910 2214 placaturus
1952 2154 2122 2202 Avitus
2169 2155 2388 2204 Naribus
2433 2156 2654 2222 affindit

510 2248 573 2290 ut
614 2233 919 2290 ostendatur
939 2270 954 2296 ,
998 2249 1161 2303 quam
1209 2227 1532 2284 incredibilis

510 2315 623 2370 haec
643 2316 707 2369 sit
724 2312 978 2375 narratio,
1006 2315 1157 2377 Quem
1173 2323 1440 2377 postquam
1461 2310 1532 2358 bi-

510 2398 633 2447 bulis
650 2396 975 2464 iHisitfluctaecs
1004 2392 1165 2440 amni-s
1192 2391 1335 2439 Unda
1348 2427 1365 2448 ‚
1386 2392 1535 2439 simul

510 2478 735 2527 mbemm
744 2510 761 2533 ‚
780 2476 988 2537 vitaque
996 2470 1225 2529 deser-uia·
1250 2486 1313 2521 ea
1326 2478 1530 2538 partem

509 2552 699 2607 somnii
717 2568 859 2613 esse,
887 2566 997 2600 non
1026 2546 1093 2600 ad
1116 2546 1393 2599 historiam
1420 2548 1530 2599 ani-

398 2628 404 2639 ’
509 2632 661 2685 malis
682 2630 841 2702 hujus
862 2626 1138 2699 pertinere.
1168 2626 1412 2679 Pluribus
1433 2644 1526 2677 au-

509 2722 615 2764 tem
654 2710 989 2763 observatum
1033 2704 1173 2777 apud
1218 2704 1352 2759 Plin.
1396 2707 1523 2778 maj.

508 2789 547 2845 l.
594 2810 643 2845 c.
688 2786 1005 2861 legendum,
1044 2788 1211 2837 Solent
1249 2788 1299 2835 in
1344 2800 1526 2836 terram

508 2888 756 2939 erunspere
773 2872 957 2919 incerta
980 2870 1042 2917 de
1060 2884 1238 2916 caussa
1251 2900 1267 2927 ,
1288 2884 1376 2915 nec
1396 2870 1525 2935 (non

508 2954 577 3020 et)
595 2953 760 3003 statim
785 2952 954 3001 tellure
979 2960 1116 2997 tacta
1136 2948 1427 2997 mor-imitar.
1455 2946 1521 2998 G.

580 3050 630 3098 9.
644 3032 896 3081 omoium
910 3030 1120 3078 Avitum.
1134 3024 1309 3097 Major
1322 3024 1524 3078 Plinius

506 3108 821 3164 Flavianum
832 3107 1055 3179 legatum
1064 3105 1393 3177 proconsulis
1408 3105 1524 3176 [im-

506 3208 597 3243 mo
610 3184 995 3263 proconsulem.
1006 3185 1086 3255 S.]
1104 3184 1339 3236 nominat
1357 3202 1371 3235 ε
1390 3186 1526 3237 forte

506 3272 665 3324 ambo
692 3288 795 3321 una
834 3268 999 3319 fuere.
1029 3264 1099 3317 G.
1118 3266 1525 3332 —Superfiadisse

507 3364 819 3419 unguentum.
867 3342 1028 3411 Quod
1086 3344 1305 3397 honoris
1356 3362 1524 3415 genus

504 3426 775 3482 habt-bant
810 3424 1156 3488 animalibus,
1204 3440 1319 3494 qun
1356 3422 1524 3475 libera

506 3504 857 3571 dimitterent,
898 3502 1269 3557 hirundinibus
1291 3540 1306 3565 ‚
1344 3504 1524 3573 equis,

507 3587 821 3657 elephantis.
850 3584 987 3637 Vide
1008 3580 1418 3637 eruditissimam
1436 3582 1528 3634 ob-

507 3666 859 3719 servationem
886 3662 1184 3718 casauboni
1210 3660 1279 3715 ad
1304 3660 1524 3715 Sueton.

508 3745 641 3799 Cas.
680 3745 777 3806 81,
820 3744 913 3796 ubi
946 3762 1045 3797 nec
1087 3743 1244 3813 hujus
1290 3740 1528 3811 delphini

508 3823 854 3879 obliviscitur.
868 3820 936 3874 G.
948 3852 1015 3862 -
1026 3822 1104 3873 De
1115 3820 1207 3873 illo
1220 3821 1421 3873 honore
1439 3818 1526 3873 hic

506 3922 615 3958 non
644 3898 983 3974 cogitandum
999 3938 1016 3964 ‚
1042 3898 1135 3953 sed
1152 3938 1168 3966 ,
1191 3912 1252 3953 ιιι
1282 3898 1398 3970 ipse
1418 3898 1526 3950 Pli-

507 3986 628 4039 nius
664 3981 737 4034 ait
750 4019 767 4046 ,
800 3980 1053 4051 religione
1094 3990 1265 4032 motus
1302 3979 1489 4032 Avitus
1507 4016 1524 4043 ,

507 4062 655 4136 quod
682 4068 769 4115 τοῦ
796 4062 920 4115 θείου
946 4056 1144 4131 aliquid
1184 4059 1239 4110 in
1272 4056 1525 4129 delphino

506 4142 760 4215 reperisse
792 4139 893 4194 sibi
938 4136 1231 4201 videretur,
1271 4155 1396 4193 eum
1431 4156 1526 4191 un·

1627 2245 1821 2279 croceos
1843 2233 2086 2297 neu-dique
2105 2233 2332 2298 liquores.
2349 2232 2401 2286 S.

1703 2326 1788 2360 10.
1833 2311 2036 2360 Modica
2073 2327 2148 2361 res
2175 2313 2397 2379 publica.
2435 2309 2651 2366 Reditus

1627 2387 1827 2458 publici
1841 2387 2256 2460 Hipponensium
2271 2393 2384 2464 jam
2400 2405 2524 2444 ante
2537 2411 2650 2445 mo·

1625 2464 1734 2518 dici
1756 2485 1818 2519 ac
1839 2479 2022 2521 tenues
2043 2486 2058 2520 ε
2081 2489 2156 2520 res
2175 2472 2382 2537 publica
2407 2470 2496 2523 hic
2521 2471 2652 2523 dici·

1625 2556 1715 2598 tur
1735 2559 1790 2597 ut
1821 2567 1896 2598 res
1911 2549 2189 2615 familiaris
2205 2584 2220 2610 ,
2253 2561 2312 2601 ut
2335 2570 2439 2601 rem
2453 2553 2648 2619 facere.

1625 2626 1731 2690 Qui
1760 2626 1842 2679 vel
1873 2626 1946 2678 ita
1976 2628 2386 2699 interpungunt,
2421 2641 2478 2681 ut
2509 2650 2651 2681 mora

1623 2708 1820 2757 modica
1851 2708 2179 2777 jungantur,
2219 2706 2302 2759 vel
2349 2728 2477 2775 resp.
2519 2709 2648 2762 scri·

1622 2785 1756 2837 bunt
1769 2822 1786 2849 ,
1801 2804 1908 2837 non
1923 2784 2170 2839 videntur
2179 2785 2320 2838 hanc
2331 2787 2646 2841 sententium

1622 2875 1886 2936 spectasse
1901 2902 1916 2928 ,
1931 2884 2050 2936 quoe
2064 2901 2080 2928 ,
2096 2864 2195 2917 nisi
2211 2865 2446 2919 fallimur
2460 2904 2477 2931 ,
2493 2867 2650 2919 unice

1623 2962 1750 2996 vera
1775 2955 1872 2997 est.
1903 2944 1971 2997 G.

1699 3040 1720 3075 1
1733 3041 1779 3075 1.
1801 3028 1924 3075 Hoee
1949 3038 2002 3074 tu
2031 3044 2134 3091 qua
2162 3027 2490 3077 metatione.
2521 3026 2648 3079 Poe-

1621 3115 1730 3155 tam
1747 3102 2032 3157 Caninium
2051 3102 2362 3176 alloquitur,
2379 3105 2468 3157 cui
2495 3105 2650 3157 nimi·

1619 3200 1741 3235 rum
1791 3183 1864 3235 ob
1907 3180 1963 3234 id
2007 3184 2182 3253 ipsum
2227 3182 2368 3236 hanc
2411 3184 2648 3237 narravit

1619 3262 1914 3325 historiam,
1925 3273 1984 3313 ut
1998 3264 2268 3316 materiem
2284 3264 2510 3316 carmini
2517 3282 2648 3335 prn-

1619 3344 1786 3395 beret.
1807 3340 2004 3393 Utrum
2025 3341 2210 3395 fecerit
2231 3342 2515 3405 Caninius,
2539 3362 2646 3395 uon

1619 3420 1874 3475 dixerim:
1897 3438 1982 3472 me
2009 3432 2149 3473 certe
2183 3420 2428 3473 excitavit
2453 3422 2647 3476 secun-

1624 3499 1725 3553 dus
1751 3541 1768 3566 ,
1821 3510 1882 3551 ut
1925 3498 2028 3551 hoc
2068 3516 2330 3552 sumerem
2376 3512 2502 3553 ante
2539 3500 2648 3553 ΧΠ

1624 3596 1792 3633 annos
1821 3590 2192 3649 argumentum
2225 3578 2505 3643 carminis,
2537 3598 2646 3650 qno

1623 3657 1881 3712 honorem
1902 3659 2156 3711 haberem
2177 3658 2344 3711 veteri
2365 3678 2486 3711 meo
2509 3672 2563 3711 et
2581 3660 2646 3711 li-

1625 3749 1854 3791 terarum
1873 3738 2114 3790 omnium
2133 3738 2188 3790 in
2204 3737 2508 3791 vinariensi
2524 3738 2644 3791 aula

1621 3827 1846 3888 patrono
1859 3855 1876 3881 ,
1905 3818 1992 3870 cui
2029 3819 2213 3871 mitem
2241 3830 2564 3871 senectutem
2595 3831 2647 3871 et

1621 3896 1835 3949 beatum
1857 3897 1914 3949 in
1937 3916 2209 3961 ruresuo,
2234 3897 2646 3968 inquodreces-

1623 3976 1690 4028 sit
1703 4013 1720 4039 ,
1737 3976 1904 4029 otium
1919 4014 1936 4040 ‚
1955 3994 2018 4029 ex
2053 3976 2216 4031 animi
2245 3977 2504 4030 sententia
2531 3996 2647 4049 pre-

1623 4072 1734 4107 cor.
1759 4055 1978 4109 Licetne
2001 4054 2133 4109 illud
2157 4056 2264 4109 huc
2289 4057 2561 4109 attexere?
2577 4058 2644 4109 Et

1622 4154 1882 4209 ponamus
1898 4175 1916 4205 ,
1949 4146 2355 4199 monumentum
2391 4153 2502 4191 non
2535 4148 2642 4193 tan
