2857 4690
516 374 655 447 368

1080 382 1155 446 C.
1204 376 1550 446 PLINII
1599 376 2072 444 SECUNDI

511 512 697 606 paria
736 510 945 581 fecisti
965 564 985 596 ,
1022 512 1231 580 instar
1270 509 1646 579 refectionis
1689 509 2024 577 existimas
2071 508 2522 576 mutationem
2575 506 2702 575 la-

509 618 687 686 boris
712 640 897 711 :quae
922 618 1097 685 enim
1124 616 1419 685 remissio
1445 614 1597 703 tibi,
1623 615 1746 684 nisi
1773 612 2055 683 lustrare
2084 612 2310 699 saltus,
2335 628 2700 683 excutere

510 722 833 792 cubilibus
870 720 1077 807 feras,
1112 746 1424 818 superare
1459 723 1776 790 immensa
1804 722 2133 790 montium
2157 720 2351 815 juga,
2387 736 2456 789 et
2497 720 2696 789 hor-

510 830 805 898 rentibus
852 827 1137 924 scopulis
1180 828 1457 924 gradum
1506 825 1790 912 inferre,
1835 825 2080 896 nullius
2123 848 2358 912 manu,
2403 824 2692 895 nullius

510 936 789 1029 vestigio
822 934 1161 1028 adjutum3
1206 948 1405 1029 atque
1440 935 1612 1001 inter
1641 932 1783 1002 haec
1811 936 1921 1027 pia
1955 948 2180 1002 mente
2209 930 2392 1001 adire
2423 929 2642 1001 lucos
2661 986 2686 1015 ‚

443 1064 472 1097 ²
508 1057 575 1110 et
608 1064 960 1109 occursare
990 1036 1413 1109 numinibus?
1445 1038 1624 1108 Olim
1653 1039 1794 1107 haec
1823 1040 2222 1134 experientia
2241 1039 2636 1133 juventutis
2655 1092 2682 1125 ‚

509 1148 654 1217 haec
684 1146 990 1241 voluptas
1030 1161 1210 1231 erat,
1246 1146 1350 1214 his
1380 1145 1632 1213 artibus
1661 1145 1866 1214 futuri
1901 1144 2103 1214 duces
2141 1144 2676 1215 imbuebantur:

508 1268 763 1323 certare
790 1278 945 1322 cum
976 1253 1317 1347 fugacibus
1344 1251 1499 1321 feris
1527 1274 1759 1339 cursu,
1787 1276 1941 1319 cum
1973 1250 2335 1321 audacibus
2361 1250 2630 1319 robore
2647 1304 2670 1337 ‚

508 1384 663 1429 cum
706 1356 955 1429 callidis
994 1373 1138 1427 astu
1184 1384 1199 1427 :
1246 1380 1369 1426 nec
1412 1356 1745 1427 mediocre
1785 1358 1968 1452 pacis
2009 1358 2212 1426 decus
2251 1356 2669 1441 habebatur,

510 1466 815 1534 submota
856 1466 1105 1559 campis
1146 1464 1425 1559 irruptio
1469 1463 1757 1531 ferarum
1779 1516 1800 1548 ‚
1853 1477 1924 1532 et
1964 1462 2308 1532 obsidione
2354 1460 2664 1558 quadam

444 1587 475 1639 3
512 1570 819 1641 liberatus
860 1574 1215 1667 agrestium
1258 1568 1464 1639 labor.
1511 1570 1946 1664 Usurpabant
1993 1567 2270 1665 gloriam
2319 1570 2512 1638 istam
2557 1566 2660 1637 illi

509 1702 773 1773 quoque
824 1680 1153 1773 principes
1171 1731 1192 1765 ‚
1231 1678 1345 1770 qui
1400 1675 1588 1745 obire
1633 1701 1772 1745 non
1827 1690 2138 1771 poterant
2173 1702 2188 1743 ε
2231 1674 2658 1770 usurpabant

509 1798 729 1853 autem
748 1837 767 1872 ‚
808 1798 885 1853 ut
926 1784 1207 1853 domitas
1258 1783 1629 1876 fractasque
1667 1782 1968 1853 claustris
2009 1782 2180 1852 feras
2200 1836 2220 1868 ,
2283 1804 2362 1851 ac
2397 1780 2650 1849 deinde

510 2002 609 2053 eie's.
636 2000 809 2053 Instar
842 1998 1117 2061 torrentis,
1143 2009 1203 2051 ut
1228 1996 1339 2050 Cic.
1366 1995 1524 2047 Prov.

510 2079 773 2136 consular.
792 2098 912 2152 cap.
934 2078 1097 2131 xm:
1120 2081 1174 2130 C.
1198 2080 1411 2128 Marius.
1434 2112 1448 2124 .
1468 2110 1482 2123 .
1504 2110 1519 2123 .

510 2163 761 2230 influentes
789 2162 839 2211 in
862 2162 1065 2210 Italiam
1092 2160 1345 2209 Gallorum
1366 2155 1528 2205 maa-i-

510 2258 615 2291 mas
634 2242 803 2307 copias
816 2240 1055 2306 repressit.
1078 2238 1198 2289 Non
1214 2235 1373 2307 igitur
1392 2248 1526 2303 opus

509 2330 607 2383 est,
627 2329 685 2372 ut
708 2316 777 2378 de
799 2317 1084 2372 mutatione
1106 2318 1158 2369 in
1181 2316 1528 2387 affluentibus,

511 2399 591 2452 vel
612 2401 901 2451 instantibus
916 2433 935 2460 ‚
957 2398 1263 2468 cogitemus.
1278 2395 1348 2447 G.

580 2480 819 2527 —Pan'a
822 2479 1008 2545 fecisti.
1032 2476 1146 2527 Hoc
1170 2485 1249 2525 est
1264 2511 1279 2536 ,
1308 2471 1528 2543 negotiis

510 2555 799 2610 satisfecisti
825 2591 841 2617 ,
886 2565 946 2606 ut
990 2553 1193 2606 nullum
1230 2571 1337 2604 non
1380 2569 1530 2622 pera-

510 2645 655 2686 ctum
684 2632 1085 2703 relinqueretur.
1114 2633 1176 2684 E.
1205 2629 1407 2682 —Hoc
1437 2649 1528 2682 ve-

511 2711 737 2764 nationis
773 2709 1003 2763 studium
1042 2712 1113 2764 ab
1140 2711 1389 2782 Hispanis
1419 2709 1530 2761 suis

512 2791 667 2844 traxit
691 2790 974 2860 Traianus.
998 2791 1080 2842 Ab
1105 2809 1169 2844 eo
1188 2788 1488 2842 Hadrianus
1511 2827 1526 2853 ,

509 2869 604 2940 qui
622 2887 789 2940 usque
812 2869 881 2923 ad
899 2871 1157 2923 insaniam
1172 2880 1224 2921 et
1235 2867 1528 2941 periculum

509 2967 573 3002 eo
590 2947 830 3003 detentus
855 2949 1114 3003 scribitur.
1138 2949 1242 3004 Sed
1260 2961 1311 3002 et
1326 2949 1403 3001 M.
1424 2951 1530 3000 An-

510 3029 719 3081 toninus
734 3069 749 3096 ,
776 3029 1033 3100 piscando
1059 3041 1111 3082 et
1134 3028 1378 3083 venando
1396 3029 1530 3082 mul-

509 3121 621 3162 tum
642 3127 699 3162 se
724 3109 1021 3161 oblectavit.
1038 3109 1138 3162 En.

576 3217 651 3228 —
670 3193 936 3239 Occursare
956 3191 1247 3241 numinibus.
1270 3189 1389 3241 Non
1404 3187 1527 3240 Dia·

506 3285 589 3318 nae
630 3269 791 3320 modo
833 3278 885 3321 et
920 3269 1033 3340 ejus
1070 3267 1327 3340 Nymphis
1346 3307 1361 3328 ,
1410 3285 1528 3340 quae

512 3347 689 3400 faciles
711 3347 822 3400 deas
845 3385 861 3411 ,
894 3347 1007 3403 vid.
1036 3349 1131 3418 Ep.
1160 3347 1216 3410 1,
1243 3351 1276 3398 6
1303 3384 1317 3409 ‚
1348 3349 1411 3409 3,
1434 3345 1525 3398 sed

510 3427 832 3495 gravioribus
856 3427 1010 3480 etiam
1026 3465 1042 3491 ,
1064 3437 1124 3478 ut
1144 3429 1301 3476 Matri
1328 3431 1529 3494 Magna·

510 3505 667 3557 deum
686 3543 701 3568 ‚
730 3523 891 3577 quam
913 3509 1213 3575 accepimus,
1241 3505 1316 3557 ait
1340 3505 1527 3558 Cicero

510 3581 578 3636 de
601 3582 825 3655 Harusp.
854 3604 992 3658 resp.
1020 3604 1139 3659 cap.
1165 3585 1241 3638 XI
1260 3625 1275 3650 ,
1297 3605 1446 3654 agms
1479 3601 1530 3636 et

510 3681 709 3714 nemora
729 3683 839 3714 cum
864 3669 1079 3733 quodam
1098 3667 1530 3734 senpitnfi‘emim-

510 3759 607 3807 qne
612 3761 899 3810 peragrare.
918 3743 986 3796 G.

581 3837 610 3870 ιι
622 3859 634 3870 .
652 3824 979 3887 Experieretia.
1000 3823 1319 3876 Exercitatio
1331 3835 1383 3876 et
1394 3841 1524 3894 pru·-

510 3899 717 3972 paratio
729 3897 969 3968 quedam
990 3901 1057 3953 ad
1076 3921 1295 3956 munera
1314 3903 1522 3958 bellica.

512 3977 626 4028 Hoc
642 3977 903 4048 optimum
920 3978 1126 4032 videtur
1140 3997 1155 4032 ε
1169 3981 1259 4034 alii
1278 3981 1448 4036 aliter.
1459 3985 1522 4037 E.

512 4085 581 4096 —
594 4055 685 4106 Est
696 4053 999 4108 Grecorum
1028 4063 1223 4130 μελέτῃ.
1243 4063 1299 4117 S,

583 4165 649 4178 .-
664 4135 938 4186 Obsidione.
952 4139 1179 4188 Obsides-e
1192 4157 1297 4191 non
1314 4141 1352 4193 ii
1364 4141 1526 4195 modo

1613 1994 1883 2060 dicuntur,
1910 1994 2004 2065 qui
2029 1995 2214 2049 castris
2235 1995 2434 2048 circum
2451 1995 2643 2067 positis

1615 2074 1803 2127 urbem
1833 2092 2024 2146 capere
2059 2072 2272 2127 student
2297 2092 2310 2126 :
2349 2072 2441 2127 sed
2479 2075 2640 2127 etiam

1615 2154 1708 2226 qui
1736 2150 2052 2207 insidiantur
2079 2172 2141 2206 ex
2167 2154 2408 2225 proximo
2425 2192 2442 2217 ‚
2469 2166 2516 2208 et
2539 2174 2639 2207 no-

1615 2232 1769 2286 cendi
1825 2232 2192 2288 occasionibus
2247 2234 2434 2285 intenti
2489 2246 2632 2287 sunt.

1614 2314 1802 2387 Itaque
1841 2317 2011 2388 jungo
2049 2330 2172 2368 cum
2215 2314 2483 2386 participio
2517 2318 2634 2367 Iibe-

1615 2409 1770 2446 Γαΐω.
1808 2395 1877 2448 G.
1915 2424 1986 2434 —
2021 2397 2298 2462 Agrestinm
2339 2399 2494 2447 labor.
2541 2395 2632 2448 Sic

1613 2474 1752 2546 Mysi
1771 2473 1966 2546 legatos
1988 2471 2130 2544 apud
2143 2473 2342 2526 Herod.
2365 2473 2424 2537 1,
2447 2475 2535 2538 36,
2557 2473 2628 2526 ad

1615 2555 1850 2607 Croesum
1861 2555 1974 2606 mitt
1981 2563 2095 2615 unt,
2108 2563 2292 2606 contra
2307 2557 2386 2616 ὑὸς
2403 2557 2624 2626 uisis-rev

1613 2643 1781 2707 χρῆμα
1809 2675 1827 2700 ,
1873 2638 1924 2698 ὃς
1975 2635 2040 2690 τὰ
2085 2637 2208 2708 ἔργα.
2247 2631 2521 2706 διαφθείρει.
2547 2636 2626 2688 De

1613 2715 1887 2767 Persarum
1916 2725 1968 2766 et
1993 2711 2124 2786 Cyri
2150 2725 2342 2765 venatu
2369 2731 2452 2764 res
2476 2732 2502 2764 e
2521 2715 2624 2786 Cy-

1611 2793 1842 2864 ropaedia
1863 2793 2150 2846 notissima.
2173 2793 2374 2844 Verum
2395 2793 2546 2845 Roma
2565 2791 2623 2844 li·

1613 2874 1740 2925 bera
1771 2893 1830 2926 αι
1865 2881 1949 2926 res
1979 2874 2087 2925 sere
2113 2871 2410 2943 pastoribus
2431 2909 2445 2934 ‚
2473 2871 2521 2924 id
2543 2884 2621 2925 est

1612 2953 1772 3006 servis
1801 2993 1815 3018 ,
1857 2953 2270 3024 relinquebatur.
2315 2951 2620 3005 venationes

1614 3031 1982 3102 amphitheatri
2002 3031 2158 3086 etiam
2187 3051 2281 3102 per
2313 3051 2482 3085 servos
2515 3032 2618 3084 fere

1614 3123 1704 3163 aut
1717 3111 1836 3164 dam
1843 3126 1994 3166 natos
2008 3111 2233 3166 exerceri
2249 3112 2410 3164 solita
2427 3149 2441 3172 ,
2452 3111 2610 3164 etc.G.

1687 3191 1732 3244 3.
1760 3197 2107 3260 Usurpabant..
2131 3205 2400 3260 φατον-αυτ.
2419 3197 2614 3258 Usar-pat

1606 3275 1818 3337 gloriam
1837 3311 1850 3330 ,
1891 3273 1983 3344 qui
2009 3270 2225 3335 fraude,
2255 3270 2407 3322 malis
2430 3269 2612 3322 artibus

1613 3363 1662 3403 et
1685 3351 2014 3404 simulatione
2047 3351 2190 3404 illam
2221 3349 2320 3402 sibi
2357 3347 2510 3400 tribui
2536 3349 2610 3400 af-

1613 3432 1768 3483 fectat
1787 3447 1800 3482 ε
1830 3431 1934 3482 obit
1943 3431 2180 3500 gloriam,
2199 3428 2292 3500 qui
2317 3445 2432 3480 eam
2451 3426 2604 3492 factis,

1610 3510 1798 3562 virtute
1829 3521 2078 3562 meretur.
2113 3507 2230 3561 Huc
2257 3525 2383 3578 ergo
2411 3517 2459 3559 et
2485 3525 2604 3557 men·

1611 3595 1704 3641 tica
1721 3591 1968 3658 sagacitas
1987 3588 2226 3660 pertinet.
2252 3587 2315 3639 E.
2347 3617 2416 3627 --
2439 3591 2508 3637 Ue.
2527 3583 2600 3636 Al.

1611 3673 1683 3720 ita
1695 3709 1712 3730 ‚
1733 3684 1801 3720 ue.
1818 3670 1974 3722 Bene.
1992 3669 2047 3722 S.
2063 3699 2133 3709 —
2146 3669 2399 3719 claustr-is.
2418 3667 2604 3718 Amtze-

1611 3747 1684 3799 nii
1711 3751 1910 3799 clatkris
1932 3748 2140 3819 praefert
2161 3746 2424 3800 Gesner-us
2439 3745 2486 3796 in
2504 3745 2599 3816 epi-

1611 3827 1744 3880 stola
1773 3825 1839 3880 ad
1858 3827 1908 3880 J.
1933 3829 1993 3878 A.
2011 3827 2326 3880 Ernestium.
2351 3825 2407 3877 S.

1680 3937 1749 3946 —
1765 3911 1914 3957 Feras
1923 3943 2074 3957 .....
2087 3908 2385 3974 colligerent.
2411 3905 2591 3957 Sueton-

1609 3985 1736 4038 ΧῙΧ
1749 4021 1765 4045 ‚
1782 3987 1973 4054 sagittis
1993 3987 2237 4054 confictas
2258 3993 2477 4035 narrata
2499 3983 2591 4034 Do·

1609 4063 1826 4116 mitiano
1857 4081 1872 4116 τ
1902 4068 2156 4125 collectas,
2194 4059 2248 4116 id
2285 4075 2363 4116 est
2385 4103 2402 4130 ,
2443 4073 2591 4132 captas

1612 4147 1816 4194 mosetica
1833 4147 2127 4211 sagacitate,
2150 4161 2258 4195 non
2277 4140 2588 4195 narrat&-
