2857 4690
532 376 763 399 mum
769 377 856 397 m
862 375 1732 402 mmmmwflmmm
1739 382 2530 403 mmm—MWOESQS
2536 385 2660 403 §m

1030 509 2268 700 EXCURsuslr-

1541 855 1646 900 DE

680 1021 1622 1105 CONTUBERNIIS
1695 1029 2501 1113 ROMANORUM.

540 1401 1297 1524 Con‘runnnmnm
1356 1447 1593 1542 (quasi
1649 1447 2155 1520 contubernium
2213 1473 2254 1519 a
2305 1451 2646 1549 tabernis)

532 1557 805 1651 proprie
842 1555 1043 1626 fuisse
1077 1550 1475 1626 vocabulum
1511 1571 1842 1628 castrense
1859 1611 1878 1646 ,
1908 1573 2109 1653 atque
2143 1561 2651 1632 contubernales

535 1657 748 1736 dictos
784 1691 923 1736 esse
956 1665 1198 1736 milites
1228 1667 1299 1736 in
1337 1665 1572 1736 eodem
1610 1669 1932 1756 tentorio,
1967 1669 2093 1738 sub
2129 1670 2362 1740 eodem
2397 1671 2650 1740 decano

534 1790 805 1870 agentes
820 1827 839 1861 ‚
862 1790 1098 1846 notum
1123 1792 1243 1847 est.
1272 1779 1512 1846 Postea
1534 1801 1740 1872 quum
1769 1777 1899 1847 hoc
1924 1778 2321 1850 vocabulum
2349 1779 2650 1876 pluribus

534 1911 691 1956 cum
718 1887 917 1976 rebus
951 1887 1516 1956 communicatum
1554 1901 1727 1956 esset
1751 1939 1772 1972 ,
1806 1884 1974 1957 illud
2001 1889 2515 1960 contubernium
2538 1914 2650 1960 ca-

532 2011 807 2084 strense,
836 1993 1235 2066 discriminis
1258 2020 1526 2084 caussa,
1552 1994 1806 2066 dictum
1837 2011 1970 2084 est,
1994 1996 2093 2067 Pl.
2121 2002 2203 2068 H.
2235 2002 2321 2071 N.
2344 2025 2448 2094 pr.
2478 2025 2548 2095 p.
2583 2026 2644 2070 2.

536 2106 691 2199 Ipsa
730 2103 896 2174 adeo
933 2107 1221 2175 tentoria
1263 2129 1342 2174 eo
1384 2106 1658 2174 nomine
1699 2106 2006 2201 insigniri
2045 2123 2410 2202 coeperunt.
2450 2109 2650 2205 Apud

537 2215 746 2284 Tacit.
786 2217 914 2286 An.
947 2220 982 2287 I
996 2269 1016 2304 ‚
1055 2219 1100 2302 4
1113 2240 1138 2285 1
1161 2269 1182 2303 ‚
1224 2214 1466 2284 milites
1505 2216 2030 2311 progrediuntur
2063 2218 2542 2306 contuberniis,
2587 2233 2651 2288 et

536 2350 685 2421 cap.
718 2327 814 2412 48
829 2380 849 2415 ,
872 2329 1257 2424 irrumpunt
1280 2325 1742 2398 contubernia.
1771 2329 2099 2398 Praeterea
2126 2327 2518 2399 translatum
2556 2343 2648 2399 est

534 2433 622 2503 ad
680 2436 1229 2506 consuetudinem
1284 2435 1636 2505 hominum
1689 2460 1842 2506 cum
1895 2436 2216 2509 militibus
2271 2440 2344 2508 in
2397 2441 2645 2519 castris.

536 2545 746 2613 Tacit.
781 2548 909 2614 An.
939 2547 973 2614 I
989 2598 1011 2632 ,
1048 2549 1135 2632 [μ
1160 2599 1180 2635 ,
1214 2552 1288 2617 in
1311 2546 1750 2617 contubernio
1777 2550 2062 2619 militum
2099 2549 2378 2620 eductus
2407 2576 2457 2619 s.
2487 2550 2646 2620 edu·

536 2667 749 2740 catuS‚
777 2669 846 2722 et
883 2656 1056 2725 Hist.
1092 2659 1191 2743 Π,
1230 2656 1358 2731 8οτ
1397 2656 1896 2727 «Provinciales
1939 2668 2127 2729 sueto
2165 2657 2452 2729 militum
2489 2684 2641 2729 con-

537 2762 851 2832 tubernio
878 2762 1381 2857 (consuetudine
1404 2765 1560 2835 inde
1588 2780 1768 2853 orta,
1792 2766 1976 2861 quod
2000 2766 2238 2839 milites
2264 2784 2482 2839 castra
2507 2768 2644 2839 diu-

538 2874 671 2942 tius
710 2873 887 2943 inter
924 2876 1101 2967 ipsos
1134 2874 1550 2969 habuerant)
1587 2874 1999 2971 gaudebant,
2033 2875 2330 2973 plerique
2370 2880 2644 2950 necessi-

534 2980 879 3052 tudinibus
914 2996 985 3051 et
1013 2982 1626 3079 propinquitatibus
1659 2987 1871 3055 mixti.
1892 3016 1928 3052 n
1962 2988 2172 3056 Porro
2206 2986 2645 3057 adolescentes

535 3088 793 3160 nobiles
813 3144 832 3177 ‚
876 3090 1113 3162 ducem
1156 3092 1308 3161 belli
1353 3092 1782 3187 praesidemve
1829 3096 2188 3190 provinciae
2227 3098 2641 3185 comitantes,

536 3220 614 3275 ut
647 3207 773 3277 sub
812 3205 1023 3276 oculis
1067 3221 1135 3275 et
1170 3231 1329 3277 cura
1364 3207 1508 3302 ejus
1546 3207 1653 3276 vel
1699 3234 1836 3277 rem
1882 3208 2244 3280 militarem
2280 3210 2634 3295 discerent,

532 3313 638 3386 vel
676 3316 1052 3412 provincias
1091 3332 1571 3411 cognoscerent
1585 3371 1603 3405 ‚
1641 3324 1714 3387 in
1750 3319 2184 3391 contubernio
2229 3322 2285 3415 ej
2293 3346 2372 3390 us
2410 3346 2633 3415 agene,
2671 3326 2678 3333 ”

538 3427 807 3521 ejusque
844 3426 1355 3497 contubernales
1400 3451 1546 3497 esse
1589 3427 2002 3498 dicebantur.
2039 3428 2252 3499 Julius
2294 3431 2517 3500 Caesar
2549 3430 2636 3499 in-

536 3536 786 3621 stituit,
838 3562 924 3605 ne
974 3538 1125 3633 quis
1182 3537 1504 3605 senatoris
1557 3536 1769 3623 filius,
1813 3538 1938 3607 nisi
1977 3538 2477 3609 contubernalis·
2527 3554 2637 3609 aut

538 3669 758 3715 comes
788 3652 1267 3741 magistratus,
1300 3669 1578 3740 peregre
1613 3646 2166 3740 proficisceretur,
2205 3651 2482 3719 Sueton.
2514 3646 2628 3719 Jul.

540 3754 655 3838 42.
677 3794 773 3807 --
798 3754 930 3824 Sed
956 3771 1024 3825 et
1054 3780 1393 3825 servorum
1424 3756 1496 3823 in
1524 3754 1816 3825 tabernis
1842 3756 2288 3829 habitantium
2315 3758 2634 3828 connubio

539 3861 865 3934 tributum
928 3879 1028 3935 est
1073 3865 1498 3935 contubernii
1544 3888 1788 3936 nomen
1815 3919 1835 3952 ,
1907 3892 2270 3963 eorumque
2332 3869 2634 3939 uxoribus

540 3971 1139 4044 contubernalium.
1186 3974 1388 4070 Apud
1423 3972 1590 4044 Plin.
1640 3978 1726 4044 H.
1773 3974 1857 4045 N.
1899 3974 2023 4065 36,
2069 4002 2150 4059 12
2193 4002 2245 4046 s,
2299 4002 2415 4075 17,
2457 3978 2624 4047 Rho·

542 4078 715 4174 dope
758 4082 980 4174 AEsopi
1018 4082 1287 4175 Phrygii
1330 4084 1829 4157 contubernalis
1867 4083 2066 4154 fuisse
2111 4101 2438 4156 narratur.
2485 4086 2631 4155 Inde
