2857 4690
536 371 686 455 404
1049 355 1493 433 NOTITIA
1546 356 2130 427 LITERARIA

536 500 658 568 bus
703 497 971 590 junctus
1013 507 1114 562 est
1155 488 1462 586 Epistolis
1496 502 1610 558 aut
1650 487 2065 581 Panegyricis
2112 485 2361 553 caeteris
2387 538 2407 569 ,
2452 498 2595 553 tum
2628 530 2649 571 ‚

535 628 680 699 quae
714 626 862 671 eum
905 600 1254 693 separatim
1283 594 1616 665 exhibent.
1648 592 2091 689 Epistolarum
2124 590 2387 685 quidem
2418 590 2645 673 editio,

534 732 680 804 quae
721 728 872 777 eum
911 704 1291 799 adjunctum
1333 702 1539 771 habet
1579 696 2028 793 antiquissima
2068 695 2332 765 videtur
2366 698 2643 765 Germa-

537 818 683 885 nica
725 812 832 882 illa
869 810 1286 907 epistolarum
1333 833 1380 877 s.
1434 806 1475 875 l.
1515 820 1581 875 et
1615 830 1671 873 a.
1710 828 1905 899 quam
1946 805 2118 872 inter
2162 801 2310 871 edd.
2352 826 2641 903 comme·

536 920 824 991 moravi:
850 918 1398 1011 Panegyricorum
1430 927 1648 982 autem
1687 934 1801 997 ea,
1826 931 1975 1004 quae
2003 907 2365 978 Mediolani
2394 932 2514 1002 per
2542 910 2640 974 Fr.

537 1015 967 1094 Puteolanum
1021 1022 1195 1091 facta
1232 1034 1330 1088 est
1384 1044 1408 1088 1
1426 1008 1571 1113 477
1595 1071 1615 1104 ,
1659 1020 1729 1102 4.
1772 1015 2109 1085 Editiones
2156 1016 2497 1106 utriusque
2532 1037 2641 1107 ge-

543 1132 745 1215 neris,
785 1116 940 1198 item
978 1150 1088 1197 eas
1115 1181 1135 1215 ‚
1177 1150 1321 1219 quae
1349 1122 1559 1193 solum
1592 1123 2067 1215 Panegyricum
2106 1120 2395 1205 habent,
2436 1142 2515 1187 ex
2544 1142 2643 1185 or-

537 1236 688 1305 dine
731 1235 1044 1328 temporis
1087 1243 1428 1302 enumerat
1446 1283 1466 1318 ‚
1509 1227 1742 1296 additis
1783 1228 1979 1295 etiam
2018 1228 2152 1295 suis
2189 1224 2645 1294 observationi-

539 1343 698 1428 bus,
732 1340 904 1409 idem
946 1339 1377 1411 Schwarzms
1399 1334 1439 1404 l.
1470 1360 1524 1403 c.
1558 1357 1708 1428 pag.
1745 1331 1894 1429 733
1924 1358 2056 1426 seq.
2087 1334 2239 1400 Jam
2278 1330 2409 1399 hoc
2442 1354 2561 1423 per
2584 1352 2646 1395 sc

539 1445 938 1539 intelligitur,
951 1446 1326 1539 quicunque
1349 1438 1531 1509 hunc
1548 1440 2021 1533 Panegyricum
2050 1435 2341 1531 epistolis
2353 1437 2643 1529 junctum

541 1551 890 1639 ediderint,
922 1553 974 1619 si
1020 1548 1323 1645 epistolas
1361 1547 1532 1614 notis
1570 1542 2039 1615 illustraverint
2058 1598 2078 1629 ,
2112 1568 2224 1611 eos
2254 1541 2647 1635 Panegyrico

539 1658 832 1726 eamdem
885 1680 1158 1751 ⁴operam
1217 1674 1491 1721 navasse
1509 1704 1530 1738 ‚
1580 1665 1656 1718 ut
1703 1652 2107 1721 Catanoeum
2140 1702 2161 1734 ,
2229 1650 2584 1715 Gruterum
2624 1698 2643 1727 ,

540 1766 912 1832 Hearnium
939 1814 962 1847 ‚
1015 1762 1372 1833 Cellarium
1388 1811 1409 1843 ‚
1460 1760 1827 1827 Gesnerum
1850 1809 1871 1841 ,
1921 1770 2043 1824 etc.

1065 1972 1185 2039 IV.
1225 1968 1439 2037 Plinii
1468 1971 1725 2061 scripta
1762 1963 2132 2059 deperdita.

653 2178 866 2252 Multa
925 2201 1085 2249 vero
1141 2177 1264 2246 alia
1322 2177 1578 2272 scripsit
1616 2174 1863 2269 Plinius
1882 2228 1901 2260 ‚
1950 2188 2024 2243 ut
2066 2172 2267 2242 libros
2306 2172 2395 2241 de
2442 2175 2659 2243 Helvii

546 2280 844 2374 ult-wne.
879 2307 1161 2381 quorum
1197 2284 1443 2353 mentio
1470 2284 1606 2352 VII
1624 2335 1643 2368 ,
1664 2278 1759 2352 30
1782 2334 1801 2369 ,
1826 2282 1964 2366 IX,
2020 2277 2104 2350 13
2129 2294 2233 2368 ;et
2272 2282 2647 2363 Orationes,

547 2423 588 2464 e
628 2395 863 2488 quibus
915 2395 1052 2485 ipse
1091 2388 1314 2459 laudat
1352 2393 1710 2459 Actionem
1750 2411 1888 2482 pro
1928 2387 2154 2456 Accia
2202 2387 2497 2456 Variola
2530 2389 2651 2465 vl,

556 2497 652 2569 33
686 2551 705 2582 ‚
754 2522 792 2564 e
857 2519 988 2590 qua
1051 2492 1394 2579 Sidonius,
1440 2496 1640 2573 VIII,
1700 2517 1789 2562 10
1834 2495 2041 2587 Epist.
2097 2495 2187 2561 ait
2217 2545 2237 2580 ‚
2302 2515 2456 2559 eum
2520 2489 2653 2586 plus

547 2603 778 2697 gloriae
820 2599 903 2668 de
944 2598 1393 2668 centumvirali
1438 2615 1747 2693 suggestu
1784 2599 2051 2667 domum
2095 2596 2390 2666 retulisse
2415 2650 2433 2681 ‚
2468 2621 2649 2690 quam

555 2729 708 2776 cum
754 2707 848 2774 M.
897 2702 1098 2798 Ulpio
1135 2698 1492 2798 (Trajano)
1538 2704 2029 2798 incomparabili
2070 2704 2360 2796 Principi
2400 2727 2650 2796 compa·

555 2809 826 2881 rabilem
879 2812 1340 2905 panegyricum
1398 2810 1684 2879 dixerit:
1734 2813 2127 2880 Orationem
2164 2809 2271 2877 ad
2300 2813 2653 2903 municipes

557 2941 719 2988 suos
738 2969 758 3002 ,
805 2939 1008 3009 quum
1034 2914 1497 2986 bibliothecam
1526 2914 1883 3001 dedicaret,
1920 2916 1991 3002 1,
2032 2915 2075 2986 8
2116 2929 2182 2982 et
2220 2917 2317 2999 ΙΙ,
2360 2912 2427 2983 5.
2466 2916 2651 2981 Varia

557 3021 779 3092 itidem
835 3020 986 3090 lusit
1029 3023 1354 3108 carmine,
1395 3035 1532 3090 tam
1587 3043 1837 3114 graeco,
1878 3043 2076 3113 quam
2116 3018 2321 3088 latino
2348 3073 2369 3106 ‚
2412 3019 2496 3088 de
2536 3022 2652 3114 qui-

559 3129 684 3198 bus
723 3123 874 3194 vide
901 3128 1078 3212 VII,
1123 3130 1190 3212 4.
1235 3125 1363 3194 Sed
1398 3124 1504 3193 illa
1543 3127 1760 3194 omnia
1805 3125 2059 3220 pridem
2095 3124 2581 3194 interciderunt.

667 3235 936 3320 Quanta
969 3253 1127 3299 cura
1157 3245 1225 3298 et
1248 3229 1579 3324 diligentia
1611 3232 1679 3298 in
1716 3230 2063 3299 scribendo
2094 3254 2247 3299 usus
2280 3229 2651 3324 fuerit‚ipse

561 3352 796 3406 auctor
839 3349 972 3422 est,
1008 3336 1136 3406 VII
1173 3387 1192 3420 ,
1239 3359 1320 3430 17
1346 3389 1365 3421 ,
1409 3334 1494 3403 ad
1530 3333 1825 3406 Celerem
1864 3359 1879 3402 :
1924 3337 2205 3407 Nullam
2262 3336 2659 3404 emendandi

559 3463 778 3535 genus
815 3445 1052 3510 omitto
1071 3493 1092 3526 ‚
1137 3463 1226 3508 ac
1255 3445 1546 3535 primum
1582 3463 1741 3535 quae
1769 3447 2013 3536 scripsi
2029 3496 2051 3526 ,
2092 3449 2237 3536 epse
2253 3456 2604 3536 pertracto
2628 3495 2646 3526 ,

559 3547 804 3616 deinde
835 3543 1097 3616 duobus
1139 3561 1267 3614 aut
1305 3545 1517 3614 tribus
1564 3547 1715 3640 lego
1743 3600 1764 3632 ,
1813 3561 1977 3616 'mox
2013 3548 2173 3616 aliis
2207 3545 2411 3614 trado
2451 3571 2648 3615 anno·

561 3650 816 3736 tanda,
860 3666 1194 3744 notasque
1223 3670 1451 3719 eorum
1478 3703 1499 3735 ,
1547 3657 1613 3719 si
1635 3651 1908 3737 dubito',
1939 3674 2089 3720 cum
2124 3667 2259 3720 uno
2290 3673 2523 3720 παις-ω
2544 3667 2656 3720 auc

557 3757 776 3824 altem
805 3759 1080 3849 pensito
1104 3809 1126 3841 ,
1188 3779 1278 3826 ac
1317 3761 1384 3825 si
1430 3755 1602 3850 quid
1639 3756 1803 3825 mihi
1832 3755 2053 3826 credis
2075 3808 2096 3841 ‚
2142 3772 2303 3825 tunc
2348 3763 2652 3824 acerrime

427 3908 441 3919 .
553 3857 883 3944 emend03
947 3881 1108 3929 nam
1169 3875 1363 3930 tanto
1419 3861 1804 3954 diligentins
1860 3877 2121 3956 quanto
2167 3863 2519 3931 sollicitius
2558 3866 2649 3928 in-

549 3962 752 4034 tendo
769 4013 946 4031 ......
969 3966 1206 4058 Cogito
1245 3987 1453 4059 quam
1496 3971 1587 4036 sit
1625 3986 1943 4068 magnum
1970 4021 1990 4054 ‚
2050 3967 2219 4036 dare
2248 3965 2543 4060 aliquid
2593 3969 2651 4032 in
