2857 4690
547 343 678 414 190
1007 323 1084 390 C.
1139 319 1487 390 PLINII
1534 321 1727 392 LIB.
1781 264 2171 389 LXXXV.

532 441 756 510 uxoris
814 443 1054 512 Dionis
1071 495 1090 528 ‚
1142 458 1210 513 et
1258 441 1374 511 filii
1412 470 1428 512 :
1472 439 2003 537 postulavitque,
2054 456 2133 510 ut
2180 465 2661 536 cognoscerem

462 570 493 623 3
529 577 654 648 pro
697 552 1036 624 tribunali.
1081 551 1287 642 Quod
1319 579 1530 648 quum
1569 577 1693 649 ego
1721 577 1829 621 me
1856 553 2163 648 protinus
2189 552 2523 627 facturum
2560 555 2663 624 di·-

527 660 952 758 laturumque
988 664 1469 760 profectionem
1496 663 1837 749 dixissem3
1862 676 1940 730 ut
1956 661 2325 756 longiorem
2358 663 2534 732 diem
2562 665 2660 734 ad

525 772 980 844 instruendam
1000 799 1302 846 caussam
1326 773 1554 843 darem
1572 789 1823 869 ‚utque
1856 773 1926 841 in
1960 771 2087 841 alia
2116 773 2385 842 civitate
2402 797 2656 869 cogno-

453 891 485 947 4
523 907 806 969 scer-em,
842 887 1055 980 petiit.
1095 885 1240 982 Ego
1281 909 1388 954 me
1431 827 1817 953 auditurum
1850 885 2107 969 Niceae‚
2128 883 2490 988 respondi.
2528 885 2651 954 ubi

521 1019 730 1088 quum
789 995 1103 1065 sedissem
1157 995 1579 1092 cogniturus,
1622 995 1797 1062 idem
1850 991 2252 1088 Eumolpus,
2320 1007 2648 1088 tanquam

519 1103 738 1174 adhuc
766 1130 1004 1200 parum
1031 1107 1428 1189 instructuS‚
1462 1103 1847 1174 dilationem
1874 1119 2098 1199 petere
2132 1103 2371 1198 coepit:
2404 1120 2646 1176 contra

448 1229 480 1281 5
517 1215 735 1299 Dion,
771 1231 848 1284 ut
873 1215 1247 1302 audiretur,
1281 1215 1589 1309 exigere:
1638 1213 1817 1283 dicta
1858 1228 2017 1283 sunt
2052 1213 2391 1306 utrimque
2426 1214 2645 1286 multa

514 1325 715 1394 etiam
743 1324 826 1394 de
864 1349 1117 1395 caussa.
1161 1328 1305 1421 Ego
1331 1349 1543 1420 quum
1570 1323 1856 1393 dandam
1885 1323 2266 1392 dilationem
2295 1338 2364 1392 et
2390 1349 2640 1395 consu-

515 1432 787 1504 lendum
836 1435 1280 1506 existimarem
1319 1435 1389 1503 in
1419 1459 1493 1504 re
1532 1423 1616 1505 ad
1651 1433 2028 1530 exemplum
2056 1434 2462 1528 pertinenti,
2500 1435 2641 1506 dixi

514 1546 782 1642 utrique
817 1547 1035 1643 parti,
1077 1562 1154 1616 ut
1189 1545 1715 1641 postulationum
1758 1570 2028 1616 suarum
2072 1541 2326 1613 libellos
2370 1543 2633 1616 darent.

511 1653 834 1725 Volebam
881 1658 1059 1726 enim
1110 1671 1176 1725 te
1219 1658 1517 1751 ipsorum
1580 1655 1997 1750 potissimum
2048 1654 2267 1722 verbis
2318 1678 2433 1741 ea,
2485 1681 2640 1750 quae

509 1781 699 1835 erant
733 1767 1108 1862 proposita,
1143 1789 1565 1861 cognoscere.
1602 1768 1690 1834 Et
1710 1765 1893 1834 Dion
1921 1763 2189 1858 quidem
2228 1787 2296 1832 se
2317 1763 2637 1836 daturum

509 1872 723 1944 dix‘it:
767 1891 832 1944 et
884 1874 1254 1971 Eumolpus
1290 1874 1670 1970 respondit,
1711 1871 2217 1968 complexurum
2252 1897 2322 1942 se
2365 1871 2587 1944 libello
2614 1930 2637 1962 ,

437 2006 470 2054 6
507 2008 655 2077 quae
682 1984 1062 2082 reipublicae
1105 2001 1382 2081 peteret.
1423 1987 1789 2072 Caeterum,
1816 1982 1997 2078 quod
2024 1983 2109 2052 ad
2144 1981 2434 2078 sepultos
2471 2011 2635 2081 per-

506 2096 706 2180 tinet,
730 2120 868 2165 non
886 2111 1340 2166 accusatorem
1367 2120 1437 2164 se
1452 2147 1471 2176 ,
1495 2095 1609 2164 sed
1628 2095 2025 2164 advocatum
2046 2093 2254 2162 Flavii
2282 2094 2637 2192 Archippi,

505 2207 693 2299 cujus
720 2205 1034 2275 mandata
1053 2203 1451 2300 pertulisset.
1476 2204 1859 2298 Archippus
1876 2257 1895 2290 ‚
1915 2203 2023 2272 cui
2040 2202 2431 2297 Eumolpus,
2454 2206 2633 2276 sicut

502 2318 726 2387 Prusae
745 2371 764 2400 ,
801 2315 1193 2400 adsistebat,
1232 2315 1400 2385 dixit
1426 2339 1497 2383 se
1522 2313 1818 2384 libellum
1846 2312 2180 2384 daturum.
2213 2317 2315 2385 Ita
2334 2339 2459 2385 nec
2487 2319 2629 2387 Eu-

501 2425 791 2520 molpus,
811 2450 936 2494 nec
957 2426 1372 2519 Archippus,
1407 2448 1608 2519 quam
1634 2422 1940 2517 plurimis
1967 2422 2203 2494 diebus
2240 2427 2627 2520 exspectati,

499 2535 718 2604 adhuc
758 2536 922 2604 mibi
961 2534 1213 2605 libellos
1270 2535 1596 2604 dederunt
1633 2559 1652 2603 ε
1696 2537 1902 2620 Βίου,
1931 2534 2153 2618 dedit,
2206 2560 2403 2629 quem
2462 2536 2626 2607 huic

427 2677 460 2729 7
498 2644 790 2740 epistolae
809 2647 1024 2739 junxi.
1059 2648 1208 2739 Ipse
1237 2645 1305 2713 in
1346 2670 1418 2714 re
1451 2646 1759 2739 praesenti
1788 2644 1922 2730 fui,
1965 2660 2033 2715 et
2066 2646 2202 2715 vidi
2236 2662 2417 2716 tuam
2449 2674 2625 2743 quo-

495 2780 626 2850 que
666 2770 952 2825 statuam
996 2756 1066 2824 in
1121 2753 1521 2824 bibliotheca
1574 2756 1857 2850 positam
1894 2782 1909 2824 ε
1949 2755 2016 2824 id
2061 2769 2317 2843 autem,
2360 2757 2432 2826 in
2479 2782 2619 2853 quo

494 2863 811 2935 dicuntur
845 2863 1084 2959 sepulti
1115 2863 1289 2933 filius
1316 2878 1382 2933 et
1409 2889 1580 2933 uxor
1603 2863 1879 2951 Dionis,
1905 2866 1974 2933 in
2008 2890 2162 2934 area
2192 2864 2616 2954 collocatum,

423 2976 458 3028 ⁸
493 2998 639 3068 quae
683 2974 1049 3070 porticibus
1084 2974 1466 3045 includitur.
1511 2978 1640 3062 Te,
1678 2976 2001 3059 Domine,
2045 2992 2243 3071 rogo,
2282 2992 2355 3047 ut
2392 3004 2501 3047 me
2540 2980 2613 3048 in

491 3228 732 3299 majestas
763 3236 843 3278 est
877 3240 1084 3277 servum
1127 3222 1317 3294 punire
1354 3219 1499 3293 apud
1598 3234 1693 3287 4ο,
1732 3223 1830 3288 45,
1862 3226 1929 3288 46
1956 3237 2008 3278 et
2052 3226 2337 3297 47.Vales.
2372 3226 2443 3281 ad
2480 3228 2607 3283 Exc.

489 3319 742 3369 statuam,
775 3314 868 3357 aut
905 3313 1142 3355 ventrem
1181 3300 1254 3352 ibi
1288 3300 1496 3363 laxare,
1594 3302 1779 3356 Dionis
1804 3322 1861 3375 p.
1886 3304 1941 3366 8,
1964 3322 2018 3356 n.
2052 3305 2139 3370 23,
2166 3306 2333 3358 Reim.
2360 3304 2430 3359 G.

487 3384 617 3456 quid
634 3384 690 3437 ni
707 3382 931 3437 cadaver
953 3398 1017 3433 eo
1043 3377 1270 3433 inferre?
1285 3378 1354 3431 G.
1551 3405 1555 3409 “
1666 3382 1717 3436 5.
1742 3388 1809 3434 Ec
1830 3386 2189 3437 consulendum.
2212 3384 2334 3438 Post
2359 3400 2408 3436 ee
2432 3386 2606 3459 suspi-

559 3464 610 3517 3.
633 3466 722 3514 Ad
752 3463 1084 3513 insu-mendam
1117 3478 1354 3511 caussam.
1383 3459 1495 3529 Op·
1594 3478 1685 3513 cor
1716 3476 1762 3513 ee
1788 3460 2053 3515 excidisse.
2088 3462 2383 3535 Respondet
2411 3464 2606 3538 Traja-

485 3554 710 3614 portuno
730 3542 839 3612 jam
859 3538 1072 3592 laudata
1093 3536 1496 3601 estl.1,·n·.de
1588 3558 1723 3593 nus:
1738 3544 1798 3592 de
1829 3560 1925 3609 quo
1952 3561 2027 3593 me
2058 3562 2204 3593 consu
2188 3546 2371 3595 erlendu
2352 3563 2401 3594 m
2427 3547 2603 3596 existi·

485 3622 591 3674 fide
631 3576 1495 3673 insu-um.:«1nstrumexitorum
1592 3622 1751 3672 musti.
1770 3620 1824 3674 S.

483 3700 697 3753 nomine
723 3716 783 3752 ea
809 3697 984 3750 omnia
1009 3696 1312 3769 accipienda
1339 3709 1492 3763 sunt,
1658 3704 1815 3751 —Et
1851 3703 2133 3767 Eumolpus.
2176 3698 2291 3753 Hoc
2328 3716 2379 3752 ee
2416 3702 2605 3755 abesse

483 3781 674 3853 quibus
687 3796 868 3833 caussa
887 3776 1076 3831 instrui
1093 3789 1290 3850 potest:
1309 3787 1360 3829 et
1375 3775 1492 3829 ideo
1592 3778 1821 3830 mallem.
1840 3778 1895 3831 S.

482 3869 592 3911 tam
615 3858 907 3910 testimonia
923 3894 939 3921 ,
965 3874 1120 3930 quam
1145 3873 1377 3929 personae
1403 3856 1489 3907 in·
1658 3860 1710 3910 6.
1734 3859 1883 3925 Quod
1902 3859 1976 3907 ad
1993 3860 2200 3926 sepultos
2216 3896 2230 3916 .
2256 3868 2359 3911 etc.
2384 3857 2599 3912 Praefer-

471 3948 892 3989 strumentorum
925 3936 1041 3989 loco
1079 3936 1360 3989 habentur.
1375 3958 1400 3981 ι
1414 3934 1482 3987 G.
1584 3954 1694 3988 rem
1715 3952 1729 3987 z
1748 3938 1886 4005 quod
1892 3940 1966 3987 ad
1974 3940 2180 4004 septdtos
2184 3939 2477 4005 pertineret,
2497 3957 2595 3989 non

551 4026 580 4076 4
591 4056 602 4068 .
617 4020 802 4067 (baem
817 4018 960 4068 Dion.
973 4016 1068 4067 Dio
1082 4015 1418 4087 Chrysostom
1425 4032 1487 4067 us
1584 4030 1917 4067 accusatorem
1932 4034 1983 4066 se
2000 4034 2123 4075 esse,
2145 4018 2258 4079 sed,
2276 4027 2381 4068 etc.
2394 4014 2451 4067 S.

478 4094 565 4149 hic
585 4107 664 4148 est
676 4132 692 4161 ,
714 4094 860 4168 quod
875 4096 1063 4167 probat
1079 4112 1140 4149 ex
1157 4093 1292 4147 inim
1311 4094 1481 4147 Oratt.
1650 4098 1839 4153 -Ιεη,
1858 4092 2065 4147 deinde.
2084 4092 2199 4147 Hoc
2218 4112 2374 4148 sensu
2395 4105 2447 4147 et
2464 4094 2591 4147 alibi
