2857 4690
490 327 632 375 200
1127 302 1211 372 C.
1264 301 1610 372 PLINII
1660 303 1854 372 LIB.
1901 305 1989 373 X.

484 425 698 497 scelus
730 423 1003 519 aliquod
1046 422 1464 518 obstringere
1485 477 1508 511 ,
1541 423 1656 492 sed
1693 449 1780 494 ne
1827 424 2044 512 furta,
2089 449 2176 495 ne
2213 425 2570 496 latrocinia
2601 479 2626 516 ,

488 561 574 606 ne
610 533 937 604 adulteria
983 534 1517 621 committerent,
1565 559 1650 603 ne
1691 533 1891 605 fidem
1927 535 2262 624 fallerent,
2298 563 2386 607 ne
2413 523 2648 634 depol*

486 647 691 716 situm
730 641 1047 739 appellati
1082 643 1492 738 abnegarent
1521 669 1539 714 :
1583 645 1829 739 quibus
1873 649 2158 740 peractis
2193 673 2452 717 morem
2493 649 2626 718 sibi

487 753 867 826 discedendi
886 754 1117 838 fuisse,
1140 779 1503 848 rursusque
1529 754 1812 825 coeundi
1831 756 1914 826 ad
1939 758 2336 852 capiendum
2371 760 2626 847 cibum,

486 869 942 965 promiscuum
978 882 1235 952 tamen,
1270 879 1339 935 et
1372 867 1720 936 innoxium
1753 893 1768 936 ε
1804 868 1986 963 quod
2015 871 2234 964 ipsum
2265 870 2484 940 facere
2511 870 2627 939 de·

488 984 646 1052 sisse
686 995 840 1077 post
884 979 1175 1050 edictum
1218 1004 1442 1049 meum
1463 1033 1482 1066 ‚
1532 1005 1670 1074 quo
1717 981 2084 1052 secundum
2139 983 2456 1053 mandata
2507 999 2688 1058 tua.

422 1108 456 1160 8
490 1093 794 1161 hetaerias
832 1115 971 1160 esse
1011 1103 1376 1159 vetueram.
1409 1091 1570 1178 Quo
1605 1093 1818 1186 magis
1855 1093 2298 1162 necessarium
2336 1093 2628 1182 credidi,

488 1229 571 1274 ex
611 1203 871 1271 duabus
922 1200 1212 1287 ancillis,
1248 1225 1396 1294 quae
1433 1201 1753 1269 ministrae
1791 1201 2216 1291 dicebantur,
2259 1201 2422 1296 quid
2460 1217 2632 1272 esset

490 1313 666 1398 veri,
704 1325 773 1380 et
825 1336 947 1407 per
986 1324 1321 1379 tormenta
1369 1335 1689 1403 quaerere.
1740 1311 1870 1382 Sed
1913 1313 2078 1382 nihil
2120 1312 2303 1382 aliud
2354 1315 2584 1382 inveni
2609 1367 2627 1394 ‚

490 1446 693 1517 quam
736 1421 1273 1516 superstitionem
1338 1445 1614 1513 pravam
1671 1436 1740 1491 et
1785 1423 2248 1513 immodicam,
2304 1424 2627 1519 ideoque,

424 1567 458 1617 9
492 1532 694 1602 dilata
729 1534 1147 1628 cognitione,
1192 1531 1275 1599 ad
1312 1531 1796 1602 consulendum
1832 1549 1900 1602 te
1951 1532 2236 1604 decurri.
2294 1535 2462 1604 Visa
2531 1549 2694 1626 est„-

494 1646 673 1724 enim
712 1645 877 1713 mihi
912 1669 1017 1714 res
1052 1643 1259 1738 digna
1300 1641 1823 1732 consultatione,
1869 1647 2154 1715 maxime
2193 1661 2472 1742 propter
2511 1671 2630 1740 pe·-

493 1752 927 1824 riclitantium
970 1776 1350 1821 numerum.
1400 1751 1604 1821 Multi
1643 1755 1820 1823 enim
1862 1757 2082 1825 omnis
2115 1757 2328 1826 aetatis
2355 1810 2374 1843 ‚
2412 1759 2630 1850 omnis

498 1864 786 1952 ordiniS,
810 1865 1179 1982 ⁸utriusque
1214 1887 1408 1932 sexus
1445 1865 1646 1932 etiam
1674 1917 1694 1950 ,
1731 1881 2058 1934 vocantur
2098 1868 2167 1934 in
2209 1865 2586 1960 periculum
2610 1919 2630 1950 ,

498 2031 739 2087 adhibito
774 2029 977 2105 aliquid
1006 2041 1185 2082 tamen
1218 2040 1520 2092 emanaret3

498 2115 694 2166 mirum
736 2131 847 2165 non
895 2122 972 2164 est
1008 2111 1249 2182 profecto
1263 2147 1280 2172 ‚
1319 2109 1420 2163 illis
1464 2109 1522 2161 in

500 2205 729 2247 mentem
751 2179 949 2245 ‘venisse
966 2191 1195 2260 aliquem
1214 2187 1520 2251 Catilinam,

500 2272 569 2326 de
580 2290 688 2344 quo
697 2270 970 2325 Sallustius
986 2288 1107 2341 cap.
1124 2267 1297 2321 XXII:
1316 2267 1521 2332 -Quum

500 2353 671 2424 adjus
686 2350 975 2425 jurandum
1002 2349 1285 2423 populares
1310 2345 1522 2401 sceleris

505 2434 585 2485 sui
604 2429 864 2502 adigeret,
888 2430 1110 2482 humani
1137 2428 1374 2499 corporis
1400 2426 1521 2479 'san-

502 2509 717 2581 guinem
731 2546 747 2571 ‚
762 2509 889 2563 vino
906 2507 1243 2579 permixtum,
1258 2509 1313 2560 in
1327 2505 1522 2578 pateris

504 2588 909 2651 circumtunsam
926 2586 1047 2641 inde
1064 2606 1230 2659 quum
1253 2598 1370 2658 post
1383 2604 1525 2639 exse-

506 2667 795 2721 crationem
844 2685 1027 2720 omnes
1075 2665 1492 2737 degustavisscnt
1507 2700 1524 2727 ,

506 2746 661 2800 sicuti
677 2745 733 2798 in
752 2744 1055 2798 solennibus
1074 2744 1234 2798 sacris
1264 2744 1383 2797 fieri
1398 2762 1524 2796 con·

508 2824 710 2889 suevit,
746 2836 848 2877 etc.
880 2849 902 2871 ι
932 2824 1126 2877 mirum
1170 2843 1277 2876 non
1318 2835 1427 2889 est,
1469 2823 1526 2875 in

508 2904 891 2977 Thyesteas-um
914 2903 1032 2956 illos
1054 2902 1331 2974 epularum
1356 2902 1528 2973 suspi—
1550 2944 1563 2949 -

510 2986 717 3039 cionem
744 2995 955 3037 vocatos
989 3002 1119 3036 ease.
1147 2981 1243 3035 His
1272 2981 1528 3053 suspicio-

510 3066 669 3118 nibus
706 3063 991 3135 opponitur
1029 3060 1221 3115 deinde
1250 3065 1385 3113 cibus
1406 3081 1530 3129 pro-

512 3149 719 3197 miscuus
737 3158 790 3194 et
804 3144 1061 3201 innoxius,
1082 3158 1241 3212 quem
1262 3140 1447 3191 merito
1461 3136 1530 3191 ad

510 3230 719 3292 Agupas
736 3222 1155 3276 Christianorum
1176 3220 1275 3272 viri
1291 3218 1436 3271 docti
1453 3238 1534 3271 re-

512 3306 709 3357 ferunt.
736 3307 885 3356 Coena
906 3318 1101 3360 nostra,
1124 3299 1296 3371 inquit
1305 3299 1531 3353 Ter-tull.

514 3385 653 3455 apol.
669 3403 719 3436 c.
736 3382 967 3435 XXXIX
980 3420 997 3444 ,
1012 3382 1075 3431 de
1086 3382 1281 3431 nomine
1292 3382 1534 3429 rationem

512 3466 591 3513 sui
606 3466 819 3514 ostendit
833 3484 851 3513 .·
868 3465 927 3513 id
936 3474 1165 3520 vocatur,
1190 3460 1327 3526 quod
1335 3461 1532 3510 dilectio

511 3562 657 3607 penes
680 3545 879 3593 Groecos
900 3557 989 3602 ese,
1020 3552 1122 3593 etc.
1137 3537 1265 3591 Vid.
1290 3555 1424 3609 quoa
1445 3536 1536 3590 hic

518 3619 699 3673 laudat
734 3618 1075 3673 floctissimus
1118 3619 1532 3688 flavet-campus.

518 3699 775 3752 Ceterum
810 3699 879 3751 de
914 3700 1130 3753 vocibus
1159 3702 1458 3749 sacramenti
1483 3709 1537 3750 et

526 3781 825 3847 conjurandi
836 3777 1064 3831 vid.Liv.
1082 3778 1351 3840 xxll‚38:
1376 3778 1535 3830 -Nam

522 3855 591 3909 ad
628 3873 745 3908 eam
792 3854 935 3909 diem
970 3856 1103 3908 nihil
1140 3868 1326 3925 praeter
1360 3874 1535 3909 sacra-

520 3946 759 3989 mentum
785 3934 955 3989 fuerat
974 3955 990 3999 ;
1012 3946 1067 3988 at
1090 3936 1183 3987 uhi
1202 3934 1271 3988 ad
1296 3933 1536 3989 decuria-

521 4026 635 4067 tum
664 4025 756 4067 aut
782 4014 1133 4067 centuriatum
1148 4015 1536 4079 convenissent,

520 4111 618 4149 sua
654 4094 923 4149 voluntate
950 4094 1052 4164 ipsi
1074 4094 1210 4145 inter
1246 4112 1302 4148 se
1336 4096 1536 4166 equites

1616 2029 1877 2084 decuriati
1895 2071 1912 2096 ,
1929 2031 2206 2086 centuriati
2226 2031 2431 2103 pedites
2447 2033 2631 2103 conju·

1617 2111 1835 2170 rabant,
1857 2131 1967 2165 sese
1993 2113 2132 2183 fuge
2157 2121 2316 2185 atque
2339 2110 2634 2164 formidinis

1619 2207 1746 2261 ergo
1767 2209 1875 2244 non
1893 2190 2152 2254 abituros,
2169 2203 2268 2244 etc.
2283 2189 2350 2244 Id
2373 2209 2442 2242 ex
2457 2189 2636 2243 volun·

1617 2269 1754 2322 tario
1787 2271 1926 2322 inter
1957 2270 2100 2342 ipsos
2132 2269 2328 2323 foedere
2353 2288 2385 2322 a
2411 2269 2635 2322 tribunis

1619 2345 1690 2401 ad
1715 2348 2002 2421 legitimam
2019 2349 2155 2423 juris
2171 2348 2390 2421 jurandi
2411 2348 2634 2403 adactio-

1619 2444 1744 2481 nem
1763 2418 2098 2484 tranilatum.
2115 2429 2636 2481 -G.—Ptomiscumn

1619 2520 1800 2567 tamen,
1817 2523 1868 2559 et
1877 2511 2150 2560 innoxium.
2170 2508 2504 2579 Interpretor
2519 2526 2635 2560 cum

1619 2586 1855 2658 Gierigio
1873 2592 2032 2640 cibum
2041 2591 2400 2655 promiscuum,
2423 2606 2536 2640 non
2553 2605 2636 2659 pe·

1622 2665 1872 2719 culiarem
1891 2667 2122 2738 aliquem
2141 2704 2159 2731 ,
2187 2664 2279 2719 sod
2301 2684 2634 2719 communem

1623 2743 1928 2797 hominibus
1941 2784 1958 2809 ,
1989 2762 2181 2816 panem
2195 2782 2214 2807 ‚
2241 2744 2386 2797 olera
2401 2783 2418 2808 ‚
2457 2763 2636 2799 earnes

1625 2824 1972 2877 animalium:
2003 2828 2286 2885 ὺιιιοετίιιηι,
2321 2826 2524 2896 probro
2553 2844 2636 2877 ca-

1625 2916 1847 2956 rentem.
1859 2904 2045 2970 Aliter,
2059 2902 2151 2958 sed
2165 2904 2250 2957 vix
2261 2916 2426 2969 recte,
2439 2906 2636 2975 opinor,

1624 2984 1927 3054 Lessingius
1957 2988 2008 3035 in
2033 2986 2376 3035 Se‘immtlidoen
2405 2986 2636 3053 Scknfien

1625 3063 1692 3115 T.
1716 3062 1873 3115 XVII
1888 3100 1902 3127 ,
1921 3082 2045 3135 pag.
2085 3064 2204 3132 259.
2229 3064 2284 3117 S.
2299 3066 2634 3115 —Heeaerias.

1629 3140 1755 3194 vid.
1791 3160 1952 3214 supra
1975 3142 2047 3195 ad
2079 3143 2159 3207 X,
2189 3141 2254 3207 43
2273 3179 2290 3205 ,
2313 3153 2368 3193 et
2404 3161 2466 3195 ex
2493 3144 2638 3214 juris·

1627 3222 1988 3274 consultorum
2003 3220 2150 3273 tibris
2162 3222 2330 3293 Bynk.
2348 3220 2638 3274 obse-van.

1630 3301 1680 3363 1,
1702 3305 1787 3363 16,
1806 3314 1857 3353 et
1869 3300 1936 3353 de
1951 3301 2204 3373 religione
2219 3302 2504 3373 peregrina
2521 3299 2636 3351 diss.

1631 3380 1710 3442 11,
1735 3399 1860 3452 pag.
1886 3380 2010 3445 255,
2031 3398 2148 3451 sqq.
2177 3380 2528 3433 Bacchanalia
2551 3396 2638 3433 sua

1629 3459 2050 3513 recordabantur
2081 3458 2320 3512 Romani.
2351 3458 2449 3511 His
2479 3458 2638 3512 simile

1630 3536 1886 3610 quiddam
1906 3540 2227 3592 metuebant.
2241 3537 2312 3591 G.

1703 3620 1756 3671 8.
1771 3622 1992 3671 Ancillis.
2005 3618 2198 3671 Heum.
2213 3617 2346 3690 Syll.
2361 3617 2500 3671 Dias.
2516 3630 2634 3671 tom.

1632 3697 1690 3761 1,
1707 3716 1830 3769 pag.
1863 3716 1885 3749 1
1899 3700 1962 3751 33
1982 3736 1997 3763 ‚
2025 3709 2194 3751 mutat
2211 3697 2267 3749 in
2297 3701 2528 3750 aniculis.
2547 3696 2642 3751 sed

1633 3782 1842 3829 ancillas
1861 3790 2122 3831 tormenta
2144 3786 2390 3849 arguunt.
2409 3776 2641 3830 G.—Mi-

1633 3862 1812 3909 nistra.
1841 3858 2154 3911 Diaconissoe
2184 3856 2371 3911 veteris
2397 3856 2639 3909 ecclesie.

1632 3939 1814 4002 Quum
1828 3937 2027 4010 alioqui
2049 3956 2158 3990 non
2178 3936 2358 3989 liceret
2385 3954 2560 3989 servos
2573 3936 2643 3987 in·

1633 4028 1903 4087 tei-rogare
1924 4018 1978 4068 in
2002 4028 2160 4088 caput
2179 3998 2377 4069 domini
2395 4052 2412 4081 ‚
2438 4015 2551 4067 hcc
2563 4014 2641 4065 lex

1633 4097 1690 4149 in
1707 4096 1812 4151 hac
1829 4096 2048 4168 quidem
2061 4115 2249 4151 caussa
2259 4114 2367 4149 non
2381 4095 2564 4149 valuit.
2573 4092 2635 4145 G.
