2857 4690
643 359 1163 431 PANEGYR.
1216 360 1432 427 cAP.
1483 360 1952 431 xxxvm.
2227 361 2364 459 295

203 486 339 553 bat
354 484 653 580 gratuita
678 482 1110 577 contingere,
1129 507 1166 551 a
1181 481 1427 576 quibus
1457 498 1596 551 tam
1619 470 1867 577 magno
1882 462 2365 564 aestimabatur.

205 597 447 689 Igitur
476 608 669 689 pater
706 607 861 662 tuus
896 591 1157 681 sanxit,
1199 607 1315 679 ut,
1352 590 1534 689 quod
1571 618 1654 663 ex
1697 596 1928 667 matris
1966 595 2054 664 ad
2091 593 2374 687 liberos,
2405 607 2440 656 6

209 730 305 775 ex
332 706 705 781 liberorum
733 705 929 791 bonis
958 705 1368 798 pervenisset
1390 703 1479 774 ad
1506 720 1788 788 matrem
1807 760 1826 795 ,
1853 707 2111 776 etiamsi
2135 732 2374 801 cogna-

212 818 497 923 tioqum
538 817 697 910 jura
742 840 882 884 non
925 816 1366 909 recepissent,
1415 842 1627 911 quum
1663 818 2000 887 civitatem
2041 816 2374 911 adipisce-

214 943 503 1012 rentur,
528 928 675 1022 ejus
708 926 1113 998 Vicesimam
1135 950 1221 994 ne
1236 924 1496 996 darent.
1524 929 1846 999 Eamdem
1883 929 2373 998 immunitatem
2410 956 2442 1007 7

216 1040 301 1107 in
334 1039 633 1134 paternis
673 1038 867 1120 anis
905 1035 1047 1106 filio
1096 1037 1362 1125 tribuit,
1401 1040 1460 1108 si
1493 1038 1697 1108 modo
1740 1039 2059 1109 reductus
2097 1052 2270 1107 esset
2305 1040 2378 1105 in

218 1151 445 1244 patris
482 1162 881 1244 potestatem
905 1200 925 1235 ,
962 1162 1181 1239 ratus,
1218 1147 1528 1243 improbe
1568 1162 1638 1233 et
1677 1146 2039 1218 insolenter
2073 1172 2154 1217 ac
2189 1170 2380 1240 paene

222 1262 443 1357 impie
475 1261 581 1331 his
614 1260 1004 1331 nominibus
1024 1260 1244 1330 'inseri
1274 1258 1750 1355 publicanum,
1785 1284 1910 1329 nec
1941 1260 2083 1328 sine
2113 1256 2380 1353 piaculo

226 1372 531 1467 quodam
593 1370 1039 1441 sanctissimas
1100 1370 1624 1441 necessitudines
1675 1369 1862 1441 velut
1929 1369 2383 1440 intercedente

230 1484 577 1553 Vicesima
610 1480 861 1592 scindi3
890 1481 1152 1551 nullum
1184 1506 1325 1551 esse
1361 1482 1534 1551 tanti
1564 1480 1881 1576 vectigal,
1917 1480 2106 1577 quod
2140 1478 2384 1549 liberos

234 1620 317 1665 ac
352 1607 667 1689 parentes
692 1592 944 1663 faceret
968 1606 1344 1663 extraneos.

334 1706 730 1774 XXXVIII.
753 1708 1097 1774 Hactenus
1115 1703 1265 1777 illes
1297 1696 1566 1799 parcius
1591 1703 1874 1774 fortasse
1888 1756 1908 1789 ,
1935 1726 2140 1797 quam
2159 1701 2388 1771 decuit

238 1816 575 1909 optimum
613 1815 1026 1909 principem,
1085 1813 1201 1883 sed
1264 1838 1405 1883 non
1455 1814 1722 1909 parcius
1748 1866 1768 1897 ,
1808 1836 2013 1907 quam
2053 1813 2386 1907 optimum

240 1926 505 2019 patrem
522 1976 543 2007 ,
583 1925 701 2018 qui
728 1924 1063 2018 optimum
1110 1923 1556 2018 adoptaturus
1574 1974 1594 2009 ,
1629 1922 1760 1991 hoc
1793 1946 2065 2017 quoque
2089 1921 2390 2016 parentis

240 2033 811 2130 indulgentissimi
846 2034 1005 2104 fecit
1026 2089 1046 2124 ,
1083 2033 1267 2131 quod
1294 2032 1620 2103 delibasse
1647 2031 1984 2127 quaedam,
2013 2056 2132 2101 seu
2164 2031 2392 2125 potius

242 2144 739 2214 demonstrasse
767 2159 1162 2230 contentus,
1190 2143 1449 2239 largam
1477 2166 1556 2213 ac
1583 2166 1796 2238 prope
1833 2143 2154 2211 intactam
2191 2139 2392 2209 bene-

243 2253 536 2329 faciendi
557 2255 909 2325 materiam
936 2252 1081 2323 filio
1103 2255 1489 2325 reservavit.
1507 2253 1751 2323 Statim
1767 2276 1930 2348 ergo
1957 2252 2224 2320 muneri
2247 2250 2306 2343 ej
2315 2275 2393 2318 us

245 2365 611 2437 liberalitas
650 2381 767 2436 tua
810 2364 1172 2452 adstruxit,
1211 2378 1323 2454 ut,
1354 2337 1922 2461 quemadmodum
1957 2363 2029 2430 in
2061 2362 2272 2456 patris
2308 2359 2394 2428 fi-

246 2477 416 2564 lius,
488 2476 584 2546 sic
646 2477 718 2544 in
768 2475 1165 2584 hereditate.
1195 2474 1316 2545 filii
1380 2489 1575 2571 pater
1627 2489 1802 2544 esset
1863 2472 2222 2559 immuniS,
2269 2495 2398 2540 nec

247 2587 488 2660 eodem
538 2602 917 2672 moment0,
963 2611 1101 2682 quo
1164 2602 1359 2683 pater
1402 2611 1544 2656 esse
1603 2586 1909 2672 desisset,
1947 2583 2078 2654 hoc
2129 2607 2404 2678 quoque

322 2779 374 2827 6.
394 2775 611 2824 Etiamsi
624 2774 973 2841 cognationum
980 2774 1123 2842 jura.
1144 2771 1281 2825 Hinc
1368 2786 1544 2847 gutur.
1569 2772 1730 2827 Conf.
1751 2771 2038 2826 XXXVIII
2054 2807 2070 2836 ,
2087 2789 2119 2841 7
2139 2807 2157 2835 ,
2177 2767 2272 2822 ubi
2292 2791 2402 2825 συν·

254 2852 589 2923 intelligitur,
610 2851 739 2924 quid
758 2851 859 2905 sibi
873 2852 1003 2905 velit
1018 2852 1281 2924 Ulpianus
1370 2858 1607 2927 ωνῦμωςε
1644 2857 1700 2905 Si
1727 2855 1874 2904 modo
1895 2853 2043 2924 filius
2077 2854 2128 2901 ira
2155 2865 2404 2918 potestate

253 2934 371 2987 loco
401 2931 566 2985 modo
587 2931 807 2985 laudato
822 2968 838 2995 ‚
862 2933 1040 2985 verbis
1063 2969 1080 2996 ,
1102 2935 1149 2983 si
1164 2951 1283 2984 con·
1362 2936 1526 3000 patris
1537 2935 1739 3004 ficisset.
1759 2933 2031 2991 Reductus,
2057 2927 2204 3001 quod
2231 2928 2403 3002 conji-

254 3031 441 3066 eessum
460 3013 545 3064 sie.
567 3012 773 3083 Nempe
797 3029 922 3064 cum
940 3012 1153 3065 civitate
1174 3029 1285 3064 non
1372 3011 1521 3064 ciunt
1552 3009 1774 3082 quidam
1809 3009 1914 3062 viri
1937 3006 2082 3061 docti
2105 3045 2122 3072 ,
2155 3006 2401 3062 eamdem

256 3109 466 3164 semper
498 3090 729 3144 dabatur
747 3091 835 3163 jus
864 3091 1242 3161 cognationum
1268 3107 1289 3154 ς
1374 3089 1482 3141 vim
1496 3089 1660 3142 habet
1676 3087 1920 3152 ned-non
1936 3096 2015 3140 est
2025 3087 2404 3160 necessarium.

261 3171 493 3226 dabatur
511 3181 689 3224 tamen
718 3207 735 3234 ,
760 3169 872 3223 vid.
898 3170 967 3241 37
981 3208 998 3235 ,
1028 3189 1079 3223 2.
1100 3169 1170 3224 G.
1375 3167 1447 3223 G.
1464 3199 1536 3210 -
1558 3175 1708 3220 Poene
1723 3171 1887 3238 impie.
1902 3167 2048 3232 Quia
2068 3163 2279 3221 videtur
2297 3163 2408 3216 vio-

326 3271 378 3323 7.
398 3255 641 3303 Reductus
654 3264 793 3304 esset.
805 3249 882 3302 Ut
894 3251 1051 3318 κάμ’
1062 3287 1079 3314 ,
1102 3252 1283 3319 redigi,
1376 3248 1478 3302 lari
1506 3247 1840 3304 necessitudo
1861 3285 1878 3312 ,
1905 3265 2023 3319 quae
2053 3256 2132 3298 est
2153 3245 2290 3297 inter
2306 3261 2413 3314 pu·

258 3335 434 3402 testu-i
444 3371 461 3397 ,
476 3330 553 3384 sic
568 3332 736 3381 reduci
744 3330 905 3384 etiam
916 3339 1087 3402 potest
1098 3328 1291 3400 aliquis
1378 3339 1513 3383 trem
1533 3342 1587 3383 et
1611 3329 1784 3382 fllium
1797 3365 1814 3392 ‚
1830 3324 2178 3382 sirationibus
2191 3324 2408 3375 illorum

258 3415 511 3484 infidem,
540 3413 592 3462 in
610 3412 876 3475 ditionem,
892 3413 945 3462 in
962 3426 1217 3472 numeros,
1236 3412 1289 3460 in
1326 3461 1329 3466 ,
1377 3409 1586 3463 intersit
1617 3409 1934 3482 publicanus
1952 3443 1969 3470 ,
2004 3405 2051 3459 si
2087 3404 2374 3476 interroget
2393 3441 2414 3463 ‚

256 3506 570 3559 potestatem,
582 3490 706 3544 licet
716 3507 1013 3562 numquam
1026 3488 1101 3542 ihi
1110 3489 1288 3551 fuerit.
1379 3489 1658 3556 Quantum
1675 3485 1922 3560 accepisti
1936 3503 1970 3538 a
1979 3481 2162 3557 patre?
2175 3483 2310 3538 Sunt
2320 3481 2412 3538 ln‘c

262 3571 477 3642 Jamjus
490 3569 672 3642 patriai
687 3570 959 3641 potestatis
973 3580 1051 3622 est
1068 3587 1194 3640 pars
1208 3571 1293 3641 ju·
1378 3569 1626 3645 quadam
1656 3568 2027 3642 ῥητορικώτερον
2065 3561 2207 3617 dicta
2245 3579 2412 3633 quam

262 3649 335 3703 ris
359 3651 679 3718 Quiritium,
706 3647 855 3721 quod
890 3668 1002 3703 non
1039 3649 1291 3702 continuo
1378 3650 1559 3705 verius
1581 3667 1596 3702 :
1627 3647 1767 3702 nihi}
1797 3645 1946 3700 aliud
1970 3644 2087 3698 vult
2105 3683 2122 3710 ,
2142 3659 2307 3714 quam
2329 3639 2414 3692 in-

262 3728 425 3783 hahet
442 3729 636 3802 aliquis
661 3765 677 3794 ‚
698 3729 795 3782 etsi
820 3729 1086 3782 civitatem
1111 3746 1293 3782 conse-
1377 3730 1604 3802 dignum
1649 3745 1766 3782 esse
1787 3765 1804 3792 ,
1851 3727 1899 3779 si
1943 3725 2085 3778 circa
2123 3722 2414 3776 liberorum

266 3820 465 3880 quutus
490 3809 557 3862 sit
572 3846 589 3872 ,
612 3821 713 3863 etc.
737 3808 911 3881 Igitur
934 3808 979 3862 si
999 3807 1169 3861 filium
1192 3807 1293 3860 im·
1381 3821 1436 3864 et
1458 3821 1742 3882 parentum
1775 3803 2094 3861 hereditates
2131 3801 2216 3856 lex
2247 3799 2419 3854 civilis

268 3889 526 3942 munitate
534 3889 814 3943 vicesima
826 3889 932 3942 frui
948 3888 1297 3952 velit,curan-
1381 3891 1506 3964 plus
1524 3889 1697 3943 valeat
1719 3923 1735 3953 ,
1753 3905 1922 3961 quam
1946 3885 2040 3940 iun
2061 3895 2264 3939 natura
2283 3899 2418 3936 con·

268 3967 399 4022 dum
407 3981 489 4023 est
499 3980 560 4022 ut
568 3969 614 4024 is
629 3970 745 4042 lege
754 4008 772 4033 ‚
784 3971 867 4022 vel
880 3968 1139 4022 beneficio
1150 3967 1297 4040 prin-
1382 3968 1608 4042 junctio.
1635 3967 1705 4022 G.

268 4047 399 4120 cipis
430 4049 485 4102 in
504 4059 817 4121 potestatem
834 4067 987 4102 suam
1005 4087 1022 4113 ,
1042 4067 1155 4101 non
1179 4065 1299 4119 qum
1456 4050 1804 4100 -Publicani
1832 4045 2157 4099 Vicesimum
2187 4039 2420 4095 redime·

267 4125 1297 4262 ffitssffzss.“‘.22¹225⁰³3¹23?3535
1388 4122 2189 4262 Μ’ἒιὶκὼῧῗιῗὼῖἱωιέῗῖέῖῗ·
2209 4123 2396 4252 Εἠκ,

674 4229 729 4273 ,r
850 4229 885 4260 a
969 4228 1013 4274 ,ι
1145 4244 1160 4271 ,
1282 4237 1305 4250 -
1762 4247 1774 4260 .
1847 4247 1859 4260 .
1947 4226 1982 4258 α
2169 4240 2183 4256 .
2207 4239 2220 4253 .
2242 4239 2258 4254 .
2395 4227 2432 4242 0
