2857 4690
510 380 603 465 84
1130 380 1206 447 o.
1258 378 1601 447 PLINII
1651 380 1840 447 Lm.
1888 380 2062 445 1x.-
2129 398 2134 401 ·

508 518 823 573 curvatur
858 502 1088 590 arbor,
1128 500 1582 596 gubernacula
1620 516 1933 596 gemunt,
1977 517 2140 571 tunc
2176 500 2285 571 ille
2321 502 2544 574 clarus
2581 520 2672 575 et

439 638 467 685 5
508 614 632 682 diis
686 615 885 682 maris
937 613 1302 707 proximus,
1354 614 1498 681 Cur
1557 611 1742 681 haec?
1794 613 1954 706 quia
1993 612 2173 682 visus
2225 637 2293 681 es
2352 612 2518 683 mihi
2579 616 2666 683 in

506 726 769 818 scriptis
800 724 963 793 meis
988 722 1336 792 adnotasse
1362 720 1664 816 quaedam
1690 736 1767 789 ut
1797 720 2052 789 tumida
2070 775 2089 808 ,
2116 747 2263 816 quae
2291 747 2416 818 ego
2443 722 2672 793 subli-

506 839 677 923 mia3
720 851 797 903 ut
834 832 1174 926 improba,
1205 859 1352 927 quae
1392 858 1515 927 ego
1555 832 1910 920 audentia3
1948 846 2022 901 ut
2055 833 2301 921 nimia,
2337 859 2484 929 quae
2520 860 2669 931 ego

508 946 703 1041 plena
736 945 1128 1014 arbitrabar.
1164 944 1536 1013 Plurimum
1569 958 1788 1013 autem
1831 942 2066 1031 refert,
2098 946 2672 1039 reprehendenda

438 1072 473 1122 6
510 1057 818 1143 adnoteS‚
862 1080 945 1123 an
984 1056 1293 1149 insignia.
1330 1056 1570 1125 Omnis
1609 1054 1784 1122 enim
1826 1053 2146 1142 advertit,
2184 1055 2366 1149 quod
2401 1056 2675 1126 eminet

510 1184 578 1236 et
606 1180 817 1235 exstat
844 1192 865 1253 ς
900 1164 1018 1233 sed
1050 1167 1187 1232 acri
1218 1164 1592 1231 intentione
1620 1163 2122 1257 dijudicandum
2165 1179 2260 1233 est
2282 1219 2302 1253 ‚
2335 1164 2670 1237 immodi-

510 1301 663 1346 cum
692 1277 771 1343 sit
804 1300 889 1343 an
923 1273 1208 1369 grande,
1236 1273 1448 1341 altum
1480 1299 1564 1343 an
1595 1299 1887 1343 enorme.
1913 1278 2135 1369 Atque
2172 1291 2249 1345 ut
2275 1280 2666 1347 Homerum

509 1388 927 1483 potissimum
958 1386 1314 1480 attingam,
1347 1411 1550 1479 quem
1579 1385 1842 1455 tandem
1872 1384 2260 1457 alterutram
2294 1390 2364 1456 in
2390 1403 2668 1482 partem

510 1511 730 1593 potest
774 1496 1003 1590 fugere
1021 1549 1039 1583 ‚

512 1698 619 1713 —-
644 1698 750 1709 -—
780 1656 971 1751 βράχε
1012 1649 1072 1723 δ’
1104 1662 1297 1751 εὐρεῖα
1334 1658 1530 1748 χθὼν,

830 1754 1003 1855 Ᾰμφὶ
1042 1755 1113 1829 δὲ
1148 1757 1478 1857 σάλπιγξεν
1517 1764 1706 1857 μέγας
1743 1767 2010 1859 οὐρανός.

512 1904 583 1959 et

831 2054 935 2064 --
960 2014 1086 2106 ἠέρι
1118 2003 1175 2078 δ’
1198 2014 1377 2103 ἔγχος
1418 2012 1692 2079 ἐκέκλιτο
1727 2052 1833 2063 —-
1873 2050 1978 2062 --

585 2212 657 2223 -
669 2184 776 2232 Diis
796 2183 965 2230 maris.
988 2178 1178 2228 Praeter
1198 2177 1502 2247 Neptunum
1519 2212 1535 2239 ,

514 2258 836 2331 AEolumque
849 2294 865 2321 ,
876 2256 929 2309 in
945 2256 1129 2327 primis
1144 2256 1345 2307 Castori
1362 2266 1412 2306 et
1425 2254 1539 2305 Pol·

516 2338 652 2403 luci,
679 2338 774 2411 qui
796 2336 893 2393 0ιοῖ
920 2343 1134 2408 σωτῆρας
1156 2333 1281 2387 ideo
1302 2331 1462 2398 dicti,
1482 2332 1536 2386 in

516 2418 857 2489 inscriptione
870 2415 1029 2466 Phari
1042 2413 1271 2486 aegyptiae
1284 2431 1299 2476 3
1321 2424 1432 2466 tum
1444 2413 1539 2465 Pa-

516 2494 725 2548 laemoni
739 2495 875 2546 forte
892 2531 906 2556 ‚
926 2511 1019 2544 seu
1032 2493 1333 2556 Melicerta,
1350 2505 1449 2544 etc.
1465 2491 1534 2544 G.

588 2579 641 2626 6.
670 2576 837 2624 Omnis
870 2575 1012 2624 enim.
1046 2571 1097 2625 Si
1132 2571 1359 2624 retinere
1389 2571 1538 2624 lubet

517 2653 853 2724 scriptionem
866 2649 1006 2704 hanc
1016 2650 1271 2705 librorum
1284 2651 1418 2703 forte
1426 2669 1538 2702 om·-

515 2735 665 2786 nium
682 2771 697 2796 ,
727 2742 866 2784 certe
890 2729 1021 2782 illud
1049 2726 1335 2782 tenendum
1350 2767 1365 2792 ,
1389 2729 1535 2800 quod

512 2815 625 2886 jam
648 2809 951 2863 Gronovius
976 2809 1067 2862 hic
1088 2809 1295 2860 monuit
1318 2827 1428 2862 esse
1453 2827 1538 2862 ac-

516 2891 812 2945 cusativum
824 2889 1100 2960 pluralem.
1116 2889 1452 2942 constructio
1471 2889 1536 2940 si

515 2971 654 3024 milis
668 2983 721 3023 et
738 2968 1053 3041 significatio
1071 2966 1218 3020 verbi
1238 2971 1436 3020 adverto
1458 2981 1536 3022 est

516 3053 573 3117 1,
599 3070 665 3104 ιο
679 3091 693 3116 ,
718 3052 770 3104 5.
789 3048 1000 3101 Cortius
1014 3047 1246 3118 reposuit
1263 3068 1442 3100 omnes.
1461 3047 1529 3101 G.

594 3130 848 3202 -Βράχι
866 3124 937 3183 δ’.
958 3126 1115 3179 Iliad.
1139 3149 1169 3199 φ
1184 3167 1201 3192 ,
1226 3125 1350 3197 387,
1372 3145 1530 3198 quem

516 3213 689 3284 ipsum
733 3225 945 3262 versum
992 3207 1119 3259 olim
1165 3218 1217 3258 et
1259 3208 1538 3260 recentiori

518 3303 671 3346 aetate
690 3290 833 3343 varia
851 3285 1049 3360 judicia
1068 3297 1339 3359 expertum
1362 3287 1536 3340 videre

518 3372 639 3424 licet
682 3387 744 3421 ex
779 3365 977 3420 Clas-hii
1020 3364 1360 3418 adnotatione
1379 3407 1393 3432 ,
1423 3369 1537 3439 ,qui

518 3449 660 3503 hanc
688 3448 978 3502 versionem
1010 3445 1260 3518 probasse
1284 3445 1532 3500 videtur:

520 3530 760 3596 flemugiiae
781 3531 887 3578 Iaca
906 3530 1068 3586 tellus,
1095 3527 1381 3592 Circumque
1396 3531 1536 3578 elun-

517 3627 685 3679 gorem
709 3609 925 3658 reddidit
940 3625 1170 3674 magnum
1187 3609 1373 3656 eoelum.
1390 3604 1440 3656 G
1450 3645 1461 3656 .

600 3679 805 3781 --.Ηε’ρι
824 3685 877 3742 δ’
893 3690 1053 3762 ἔγχος.
1075 3688 1143 3740 11.
1174 3707 1221 3742 ι,
1259 3688 1377 3736 356.
1411 3685 1535 3748 Qua

520 3770 575 3821 in
602 3787 661 3820 re
678 3767 747 3820 in
738 3767 802 3819 it
819 3765 1039 3819 audacia
1059 3776 1108 3816 et
1126 3763 1419 3834 periculum
1439 3762 1537 3816 hu-

516 3854 604 3924 jus
632 3845 897 3908 formum,
926 3862 1034 3896 non
1070 3842 1223 3894 facile
1249 3842 1535 3914 intelliget,

521 3929 566 3984 si
592 3927 711 4000 quis
746 3925 910 3976 solam
936 3921 1235 3974 versionem
1263 3921 1534 3987 consulet,

521 4025 638 4080 quae
661 4006 817 4058 etiam
837 4005 893 4055 in
923 4001 1191 4054 clar-kinnu
1212 3999 1440 4054 editione
1461 4002 1536 4055 sic

520 4085 709 4147 habet,
722 4084 931 4149 ealigine
944 4081 1085 4129 kasta
1104 4081 1285 4132 Martis
1298 4097 1534 4170 pugnam

521 4163 801 4238 spectantis
814 4174 925 4212 erae
936 4161 1125 4211 abdica.
1140 4159 1225 4214 sic
1245 4159 1385 4213 enim
1399 4159 1534 4215 nihil

1634 2173 1778 2228 aliud
1791 2213 1809 2240 ,
1835 2194 1996 2247 qnam
2023 2174 2127 2228 hoc
2148 2175 2457 2249 intelligitur
2477 2216 2492 2243 ,
2514 2176 2674 2238 Mar..

1633 2262 1738 2307 tem
1759 2252 1930 2306 videri
1957 2254 2188 2325 potuine
2210 2254 2384 2326 ipsum
2402 2294 2418 2320 ,
2445 2258 2672 2313 hastam

1630 2332 1793 2406 ipsius
1813 2344 1862 2387 et
1879 2352 2045 2408 equos
2065 2332 2230 2388 videri
2251 2355 2362 2388 non
2383 2337 2626 2408 potuisse
2647 2358 2666 2392 τ

1629 2418 1732 2488 ’ἠέρι
1757 2411 1812 2468 δ’
1831 2419 1971 2488 ἔγχος
1995 2418 2211 2470 ἐκέκλιτο
2236 2417 2320 2471 καὶ
2347 2420 2472 2487 ‘mxi
2490 2421 2672 2476 ἵππω.

1629 2487 1696 2544 Et
1714 2493 1915 2564 proeivit
1931 2493 2012 2548 his
2030 2495 2400 2564 interpretibus
2425 2497 2670 2551 scholio-

1627 2591 1747 2624 rum
1779 2575 2043 2626 minorum
2075 2585 2278 2626 auctor.
2309 2575 2509 2628 Verum
2537 2595 2662 2631 ιιοιι

1627 2649 1732 2704 hoc
1750 2651 1876 2705 dicit
1899 2665 2086 2724 poeta,
2110 2651 2204 2706 sed
2225 2654 2328 2719 ait,
2355 2657 2408 2705 in
2427 2673 2542 2706 aere
2571 2675 2660 2708 re-

1628 2732 1868 2785 clinatum
1881 2736 2042 2802 finisse
2069 2735 2266 2784 hastam
2287 2749 2336 2786 ee
2352 2753 2538 2802 equos:
2559 2736 2664 2790 ubi.

1627 2811 1856 2904 primum
1877 2812 2011 2865 illud
2035 2810 2474 2877 audacissimum,
2499 2814 2662 2886 quod

1627 2893 1679 2941 in
1697 2911 1813 2942 aere
1837 2895 2128 2944 reclinatum
2153 2894 2281 2944 dicit
2297 2896 2510 2945 hastam.
2542 2893 2664 2948 Ubi

1626 2969 1817 3041 igitur?
1830 2983 1920 3024 aut
1933 2971 2062 3044 quid
2072 2989 2192 3025 eam
2205 2983 2458 3045 tanquam
2472 2973 2678 3046 paries·

1626 3049 1876 3104 retinuit?
1909 3051 2111 3123 Nempe
2149 3051 2290 3105 aeria
2335 3052 2492 3106 etiam
2537 3067 2665 3107 erat

1627 3128 1778 3184 hasta
1795 3169 1810 3194 ,
1844 3143 1935 3184 aut
1959 3132 2107 3184 fumo
2140 3131 2348 3203 poetico
2381 3143 2658 3187 constans.

1629 3209 1832 3264 Deinde
1865 3223 1914 3264 et
1949 3209 2081 3263 illud
2126 3222 2275 3262 notat
2311 3208 2658 3278 Euanthius,

1629 3289 1879 3342 audacter
1921 3287 2106 3341 eodem
2145 3289 2309 3341 verbo
2344 3287 2558 3341 hastam
2601 3303 2662 3344 et

1629 3385 1792 3439 equos
1811 3363 2219 3437 comprehendi,
2239 3377 2340 3419 etc.
2366 3365 2518 3421 Prius
2539 3387 2662 3422 mo-

1627 3449 1803 3500 nuisse
1849 3445 1914 3499 ad
1964 3444 2194 3498 Plinium
2245 3444 2662 3518 intelligendum

1627 3543 1760 3596 opus
1791 3537 1916 3578 erat.
1954 3523 2105 3576 Plinii
2137 3525 2280 3578 enim
2314 3523 2472 3578 etiam
2505 3525 2664 3583 hune

1627 3605 1802 3658 locum
1831 3615 2104 3674 putamus,
2133 3617 2440 3659 revocatum
2460 3623 2493 3658 a
2522 3605 2664 3661 Cor-

1627 3684 1735 3747 tio,
1754 3683 1874 3736 licet
1892 3684 2030 3736 absit
2051 3701 2079 3736 a
2103 3683 2370 3757 plerisque
2391 3683 2566 3738 editis.
2579 3687 2656 3742 G.

1626 3793 1696 3804 —
1721 3763 1878 3816 Errat
1909 3763 2176 3818 Gesnerus
2215 3763 2283 3819 de
2319 3765 2470 3818 hasta
2508 3767 2662 3822 neria

1627 3843 1880 3924 fumoque
1927 3845 2133 3916 poetico
2171 3845 2428 3916 cogitans.
2461 3843 2664 3900 Melius

1626 3917 2164 3992 Gierigius:·1mm0
2191 3925 2292 3977 hoc
2315 3925 2524 3976 volebat
2541 3923 2660 3978 Ho-

1630 4019 1842 4055 merus:
1870 4002 2031 4056 Hasta
2055 4002 2384 4057 circumdata
2413 4015 2524 4057 erat
2549 4021 2660 4056 nu-

1629 4081 1712 4134 he.
1735 4081 1858 4134 Haec
1877 4084 2044 4136 nubes
2064 4093 2114 4134 et
2132 4083 2285 4155 quati
2309 4083 2485 4153 paries
2503 4081 2660 4136 vide-

1629 4162 1788 4216 bmu·
1809 4179 1827 4228 5
1867 4160 1992 4216 hinc
2037 4163 2229 4218 audaci
2271 4173 2428 4236 tropo
2473 4160 2610 4218 dixit
2633 4181 2654 4218 :
