2857 4690
496 361 625 432 128

1046 362 1160 428 ·c.
1213 359 1562 428 PLINII
1615 358 1804 426 Lm.
1859 359 1992 450 x..

418 520 448 553 2
488 485 629 580 ipsa
658 497 907 552 mutuae
936 495 1260 550 vetustate
1290 479 1618 549 amicitiae.
1647 469 1881 572 Itaqu'e
1909 493 1980 546 et
2007 479 2216 572 quieti
2243 479 2388 571 ejus
2421 479 2636 572 injeci

486 619 797 680 manum,
838 607 908 661 et
942 593 1164 687 exegi,
1205 605 1279 660 ut
1314 614 1425 659 me
1463 591 1534 658 in
1571 588 1882 684 Bithynia
1917 587 2195 659 consilio
2238 589 2634 660 instrueret.

488 705 692 796 Quod
742 703 851 774 ille
890 705 1317 790 amicissime,
1354 719 1425 772 et
1459 701 1578 771 otii
1619 715 1686 771 et
1727 702 2084 772 senectutis
2123 701 2382 770 ratione
2403 716 2636 826 post-

415 828 448 881 3
486 819 739 913 posita,
764 831 833 886 et
856 817 997 910 jam
1025 815 1214 902 fecit,
1244 830 1313 884 et
1342 814 1640 884 facturus
1667 827 1788 881 est.
1825 813 2092 902 Quibus
2124 836 2208 881 ex
2235 813 2488 916 caussis
2517 837 2636 881 ne·

486 925 914 998 cessitudines
947 927 1091 1019 ejus
1127 928 1303 994 inter
1336 949 1520 992 meas
1556 948 1862 1006 numero,
1899 938 1968 991 et
2003 922 2266 992 filium
2247 903 2320 990 in
2353 923 2636 1016 primiS,

484 1035 972 1131 Nymphidium
1020 1039 1328 1132 Lupum,
1368 1034 1682 1126 juvenem
1719 1032 2042 1128 probum,
2079 1031 2528 1118 industrium,
2559 1046 2638 1100 et

486 1147 755 1241 egregio
784 1160 973 1240 patre
1004 1145 1506 1239 dignissimum,
1533 1142 1970 1213 suffecturum
2003 1143 2430 1236 indulgentia>
2459 1159 2634 1212 tuae:

487 1257 658 1326 sicut
696 1257 928 1351 primis
978 1255 1119 1348 ejus
1168 1255 1639 1350 experimentis
1688 1277 2084 1349 cognoscere
2127 1269 2354 1348 poteS,
2406 1278 2632 1348 quum

486 1364 835 1460 praefectus
898 1363 1193 1433 cohortis
1256 1363 1712 1458 plenissimum
1777 1365 2232 1434 testimonium
2301 1365 2638 1434 meruerit

484 1473 643 1544 Julii
670 1475 937 1544 Ferocis
962 1489 1029 1542 et
1064 1473 1256 1543 Fusci
1286 1471 1715 1560 Salinatoris,
1743 1472 2262 1544 clarissimorum
2291 1475 2628 1544 virorum.

486 1589 727 1666 Meum,
758 1584 1115 1680 gaudium,
1158 1585 1489 1671 Domine,
1529 1607 1744 1652 meam
1786 1584 2294 1677 gratulationem
2335 1583 2456 1652 filii
2493 1585 2634 1652 ho·-

488 1721 685 1766 nores
718 1698 1137 1767 continuent.

485 1913 687 1985 plicant
727 1911 945 1984 quidam
980 1911 1049 1964 de
1094 1909 1466 1982 interpretibus
1489 1925 1502 1958 ε

488 1990 576 2044 alii
603 2010 714 2044 non
752 1991 1052 2064 attingunt,
1078 1989 1225 2044 velut
1261 1989 1348 2041 hic
1374 1986 1508 2040 nihil

488 2071 582 2134 sit,
607 2071 661 2123 in
686 2089 794 2142 quo
814 2071 1014 2124 haerere
1040 2070 1228 2141 possis.
1253 2067 1355 2123 sed
1379 2086 1510 2139 quo-

488 2149 647 2202 modo
690 2153 871 2221 Lupus
914 2149 1251 2222 primipilaris
1294 2143 1507 2209 dicitur,

489 2231 596 2283 sive
616 2242 673 2282 tu
696 2229 914 2281 militem
936 2229 1198 2300 intelligas
1214 2264 1229 2287 ‚
1255 2226 1364 2278 sive
1392 2244 1512 2278 cen-

489 2309 753 2362 turionem
771 2348 786 2372 ,
842 2309 885 2360 si
939 2307 1027 2360 ille
1073 2307 1187 2379 jam
1236 2306 1512 2377 praefectus

490 2388 722 2442 cohortis
751 2388 881 2450 fuit,
918 2406 1083 2458 quum
1118 2385 1316 2438 Plinius
1346 2384 1514 2437 tribu-

490 2486 591 2519 nus
610 2467 835 2519 militum
860 2465 1027 2518 esset?
1044 2466 1163 2516 Non
1186 2465 1349 2534 magis
1370 2464 1516 2516 vide-

492 2558 579 2599 tur
618 2547 801 2617 Lupus
844 2544 1085 2597 centurio
1124 2543 1282 2597 fuisse
1302 2580 1316 2606 ,
1352 2562 1514 2614 quam

492 2624 723 2688 Plinius3
756 2644 824 2677 ne
860 2625 916 2675 in
949 2626 1227 2695 juventute
1265 2614 1513 2692 quidem,

492 2700 691 2755 nedum
719 2704 775 2755 in
806 2702 899 2755 illa
922 2714 1091 2761 mate.
1126 2704 1262 2773 qu
1290 2715 1341 2755 et
1373 2702 1516 2755 filius

491 2783 606 2853 jam
628 2794 741 2834 erat
770 2782 1047 2854 praefectus
1080 2781 1340 2845 cohortis,
1368 2793 1424 2833 ut
1451 2801 1516 2834 cx

494 2860 597 2913 hac
616 2862 833 2933 epistola
843 2872 1006 2934 patet.
1022 2860 1215 2915 Utrum
1228 2860 1516 2915 delendum

494 2942 715 2993 omnino
748 2941 813 2993 sit
834 2940 1055 2993 verbum
1071 2977 1087 3003 ‚
1108 2959 1176 2993 an
1200 2941 1255 2994 iu
1278 2961 1342 2994 eo
1370 2940 1518 2993 aliud

496 3016 625 3092 quid
653 3019 811 3073 lateat
824 3057 840 3083 ,
865 3038 975 3071 non
1001 3018 1247 3073 decerno.
1269 3020 1407 3073 Ena.

569 3102 622 3154 3.
643 3104 881 3173 Btfilium
899 3103 949 3151 in
968 3104 1159 3169 primis.
1180 3100 1365 3154 Malim
1392 3119 1516 3154 cum

496 3181 681 3234 Cottio
693 3217 710 3244 ,
734 3179 907 3233 delata
930 3181 1119 3250 copula
1132 3216 1147 3242 ,
1156 3182 1325 3251 filium
1346 3185 1396 3231 in
1410 3184 1518 3247 pri-

498 3264 603 3315 mis.
646 3261 700 3315 S.
728 3292 799 3301 —
828 3262 1151 3329 Stffecturum
1188 3262 1516 3329 indeelgentice.

500 3340 733 3412 Dignum
750 3339 861 3403 illa,
879 3339 973 3411 qui
994 3357 1183 3410 capere
1202 3357 1339 3401 eam,
1359 3358 1520 3410 agno-

500 3437 643 3473 scere
657 3456 673 3482 ‚
690 3420 979 3483 estimare,
1013 3418 1150 3471 tueri
1176 3420 1359 3489 possit.
1380 3421 1520 3473 Lau-

500 3496 732 3551 dnruut'
707 3515 822 3569 jam
842 3498 939 3551 viri
964 3498 1107 3551 docti
1132 3498 1262 3551 Stat.
1284 3498 1413 3553 Silv.
1439 3501 1517 3562 11,

500 3594 555 3649 p.
583 3576 710 3645 175:
744 3558 881 3628 Vade
897 3598 1041 3645 puer,
1071 3580 1318 3647 tantisque
1344 3582 1518 3631 eniteas

500 3656 668 3724 stffce
682 3658 838 3709 donis.
843 3654 909 3707 G.
912 3656 1101 3727 —Ipse
1114 3656 1311 3709 Plinius
1326 3677 1411 3729 ep.
1414 3658 1516 3721 vl,

508 3733 595 3795 23,
611 3739 662 3795 4.
678 3736 926 3801 Spondeo,
946 3738 1264 3787 sollicitudini
1280 3752 1399 3799 tuas,
1416 3744 1521 3807 spei

1603 1926 1748 1968 meoe,
1795 1912 2123 1978 magnitudini
2163 1929 2350 1962 catassoe
2392 1931 2448 1961 su
2493 1925 2634 1961 ectu·

1605 2006 1726 2038 rum.
1753 1988 1808 2041 S.

1677 2067 1754 2118 De
1777 2071 1910 2118 Iulio
1935 2073 2112 2119 Fer-oce
2141 2088 2196 2120 v.
2225 2069 2310 2132 II,
2335 2087 2418 2140 ep.
2452 2086 2541 2129 tt,
2575 2071 2630 2123 5.

1605 2145 1710 2196 En.
1725 2177 1794 2186 —
1811 2147 1887 2199 De
1905 2151 2181 2199 Salinatore
2195 2149 2273 2202 VI
2292 2187 2307 2212 ‚
2328 2167 2446 2220 epp.
2473 2167 2496 2200 1
2509 2167 2560 2212 1,
2581 2160 2635 2202 et

1613 2227 1697 2277 26.
1717 2225 1822 2278 Eu.

1702 2336 1773 2344 -—
1819 2308 2124 2359 Continuant.
2162 2305 2286 2359 Haec
2323 2319 2402 2359 est
2446 2306 2632 2377 petitio

1610 2384 1724 2456 ipsa
1739 2424 1753 2447 ‚
1767 2397 1818 2437 et
1835 2399 2204 2457 argumentum
2225 2385 2357 2440 adeo
2375 2387 2628 2459 epistolae.

1611 2464 1813 2535 Nempe
1850 2464 1922 2516 sic
1968 2463 2249 2535 legendum
2301 2478 2430 2537 puto
2480 2466 2635 2519 levis-

1612 2546 1740 2595 sime
1762 2543 2036 2597 immutata
2058 2544 2282 2597 lectione
2305 2544 2598 2597 Boxhornii
2613 2580 2630 2607 ,

1611 2634 1670 2675 ut
1705 2624 1996 2692 superiores
2027 2635 2260 2688 taceam,
2289 2636 2340 2677 et
2379 2624 2632 2685 cellarii,

1612 2702 1704 2773 qui
1735 2702 1882 2755 illam
1914 2702 2139 2767 debent,
2179 2716 2342 2775 puto,
2374 2702 2544 2765 Aldo,
2571 2702 2632 2755 in

1613 2783 1768 2853 cujus
1787 2781 2017 2835 editione
2044 2782 2176 2835 1518
2191 2822 2205 2845 ‚
2225 2793 2286 2835 ut
2316 2794 2368 2835 et
2393 2783 2449 2835 in
2469 2782 2630 2835 Grut.

1619 2864 1680 2915 16
1689 2882 1752 2914 20
1770 2861 1978 2933 legitur,
1977 2864 2088 2933 filii
2098 2864 2282 2913 bonore
2295 2865 2632 2921 continerent,-

1615 2940 1756 2993 unde
1791 2941 1890 3013 ipsi
1933 2940 2201 3005 fecerunt,
2229 2944 2434 2993 honores
2470 2945 2631 2993 conti-

1613 3036 1796 3073 nerent.
1821 3022 2148 3075 Gruterianae
2175 3025 2304 3075 1611
2338 3022 2495 3074 lectio
2521 3040 2632 3072 mea

1607 3104 1880 3169 gratulatio
1877 3104 1986 3172 filii
1989 3105 2174 3153 honore
2182 3104 2632 3165 continuetur-(eon-

1615 3183 1796 3231 tinetur
1831 3182 2066 3252 reposuit
2081 3219 2096 3243 ‚
2132 3181 2350 3234 servatis
2397 3180 2600 3233 coeteris
2613 3218 2630 3243 ,

1615 3259 1938 3331 Longolius)
1974 3271 2144 3313 mutat
2183 3260 2342 3312 nimis
2369 3258 2540 3312 multa
2561 3258 2634 3311 ab

1615 3340 1833 3411 antiqua
1851 3340 2130 3410 scriptura.
2145 3338 2332 3405 Quam‘
2341 3338 2516 3392 vicina
2527 3337 2635 3391 sint

1615 3423 1900 3471 continuent
1924 3430 1976 3472 et
2002 3422 2327 3479 continerent,
2363 3416 2520 3471 facile
2550 3417 2634 3468 in-

1615 3498 1859 3569 telligunt
1875 3498 1970 3570 qui
1989 3508 2284 3550 tractarunt
2301 3497 2482 3551 libros.
2503 3498 2634 3550 Sen-

1615 3580 1776 3632 tentia
1795 3591 1974 3651 aperta
1991 3615 2007 3641 ,
2021 3577 2190 3629 Plinio
2203 3576 2388 3649 digna,
2406 3582 2458 3629 et
2471 3592 2634 3647 prope

1615 3657 1904 3711 necessaria
1913 3694 1930 3721 ,
1947 3657 2050 3709 nisi
2070 3656 2290 3709 velimus
2303 3694 2320 3719 ,
2333 3654 2468 3708 nihil
2481 3654 2632 3706 illum

1617 3738 1718 3791 hac
1739 3738 1956 3808 epistola
1979 3736 2210 3809 petiisse.
2239 3735 2308 3789 G.

1076 3978 2082 4017 ψ
