2857 4690
874 334 1399 402 EPISTOLA
1453 335 1615 402 XV.
2184 334 2292 406 ,3ι

1737 537 2184 562 mmm
2187 543 2278 562 m

1132 729 1338 818 XV.

320 958 440 1016 Non
469 953 713 1015 habenti
742 953 905 1032 quod
932 955 1084 1031 legat
1112 953 1175 1011 in
1206 953 1391 1014 vineis
1404 995 1422 1028 ,
1455 953 1732 1032 legendos
1759 956 1932 1016 mittit
1961 955 2156 1016 libros.

588 1165 657 1212 c.
712 1162 1069 1211 »nunus
1120 1162 1482 1210 summu
1533 1139 1565 1174 ²*

1618 1163 1777 1212 SUO
1827 1167 1884 1212 S.

271 1351 639 1418 OnanAw
678 1360 743 1413 te
781 1359 882 1413 tot
920 1343 1175 1437 pariter
1210 1344 1427 1412 missis
1464 1343 1939 1417 voluminibus.
1980 1349 2113 1419 Sed
2145 1375 2301 1420 one-

190 1459 311 1526 ravi
350 1459 679 1552 primum,
702 1454 863 1549 quia
896 1476 1243 1548 exegeras3
1271 1451 1547 1540 deinde,
1575 1456 1732 1549 quia
1771 1458 2128 1551 scripseras
2166 1475 2301 1530 tam

188 1565 443 1662 graciles
474 1567 629 1636 istic
662 1562 1028 1634 vindemias
1062 1587 1233 1651 esse,
1266 1576 1343 1631 ut
1375 1561 1574 1657 plane
1605 1566 1844 1634 scirem
1879 1567 2004 1636 tibi
2033 1585 2300 1654 vacatu-

188 1705 315 1748 rum
346 1677 561 1773 (quod
603 1673 805 1771 vulgo
846 1671 1123 1768 dieitur)
1160 1672 1406 1742 librum
1445 1672 1684 1768 legere.
1723 1674 1980 1745 Eadem
2021 1704 2100 1746 ex
2136 1679 2302 1749 meis
2341 1710 2368 1743 2

187 1788 391 1884 agellis
438 1787 867 1857 nuntiantur.
915 1783 1139 1879 Igitur
1180 1781 1347 1851 mihi
1392 1809 1660 1878 quoque
1705 1782 1933 1855 licebit
1981 1788 2302 1876 scribere,

184 1923 311 1992 quae
350 1896 570 1993 legam,
608 1896 695 1965 sit
734 1894 977 1982 modu,
1021 1892 1200 1962 unde
1238 1893 1487 1963 chartae
1531 1895 1663 1961 emi
1703 1897 1964 1989 possint
2002 1923 2020 1966 z
2057 1923 2204 1993 quae
2247 1901 2300 1968 si

185 2007 402 2076 scabrae
444 2004 777 2076 bibulaeve
810 2004 978 2091 sint,
1015 2018 1134 2072 aut
1174 2027 1314 2071 non
1358 2002 1824 2089 scribendum,
1855 2021 1976 2075 aut
2015 2033 2158 2076 non
2192 2034 2303 2078 ne-

183 2117 485 2204 cessario,
524 2113 853 2209 quidquid
895 2113 1355 2208 scripserimus
1395 2111 1556 2180 boni
1601 2111 1877 2202 malive,
1913 2114 2302 2189 delebimus.

185 2224 349 2294 Vale.

240 2427 347 2485 xv.
370 2430 395 2457 *
424 2427 683 2500 Imauige
720 2431 969 2481 remma
992 2430 1182 2497 junior,

182 2502 237 2559 de
264 2510 402 2582 cujus
438 2506 713 2563 modestia
752 2520 807 2563 et
838 2508 949 2563 otio
984 2506 1022 2560 l.
1042 2507 1185 2571 vn,

184 2603 255 2657 ep.
278 2593 355 2645 25.
378 2590 492 2642 Eu.

248 2684 267 2719 ι
277 2709 288 2720 .
300 2670 613 2737 Quodwlgu
630 2669 828 2719 dicitur.
847 2666 1185 2721 Proverbium

188 2743 320 2815 igitur
342 2762 451 2802 tum
478 2749 625 2801 inter
648 2746 989 2801 scholasticos
1014 2747 1185 2801 homi—

189 2844 265 2877 nes
279 2826 523 2880 usitatum
548 2825 709 2879 fuisse
723 2825 902 2890 debet,
923 2824 991 2879 de
1006 2826 1186 2898 gracili

190 2904 421 2960 vindemia
438 2946 454 2971 ‚
484 2924 559 2959 ex
578 2906 919 2978 ambiguitate
944 2906 1093 2959 verbi
1119 2910 1187 2958 Ie·

189 3002 283 3049 gere
302 2995 525 3041 tractum
547 3025 564 3050 ,
587 3004 781 3057 nempe
804 2987 942 3039 tale:
965 2986 1188 3039 Librum

190 3079 279 3117 m
300 3066 585 3121 serendum
610 3084 729 3121 esse
754 3064 811 3119 in
830 3064 1151 3121 vindemiam
1170 3102 1187 3129 ,

192 3144 265 3199 ut,
288 3136 329 3189 si
342 3156 447 3191 uvae
465 3157 583 3191 non
604 3138 717 3192 nint
729 3174 747 3203 ,
770 3136 839 3191 sit
857 3147 1035 3201 tamen
1054 3136 1189 3191 liber

194 3213 265 3283 qui
287 3220 375 3285 legi
392 3218 578 3289 possit.
608 3216 682 3271 G.

1361 2444 1409 2479 a.
1441 2428 1734 2481 Delehimm.
1763 2420 1938 2482 Etiam
1971 2430 2060 2484 hic
2083 2432 2230 2486 lusus
2252 2434 2308 2487 in
2409 2428 2412 2431 ’

1282 2504 1446 2557 verbo
1471 2517 1582 2558 est:
1613 2506 1707 2577 qui
1743 2506 1801 2561 in
1835 2508 2020 2565 bibula
2051 2530 2114 2567 ac
2145 2532 2308 2587 spon·

1282 2584 1425 2655 giosa
1446 2584 1604 2639 nimis
1623 2598 1676 2639 et
1696 2588 1882 2643 scabra
1904 2590 2084 2645 charta
2105 2594 2308 2657 scribit,

1282 2662 1371 2715 ille
1401 2662 1764 2720 diffluentibus
1799 2666 1961 2724 literis
1997 2670 2174 2726 delere
2209 2693 2307 2745 po-

1282 2742 1387 2795 tius
1414 2753 1467 2797 et
1492 2744 1678 2801 lituras
1700 2746 1878 2802 facere
1901 2768 2062 2823 quam
2082 2753 2310 2811 scribae

1280 2821 1510 2877 videtur.
1553 2824 1624 2877 G.
1656 2856 1728 2867 --
1757 2828 1958 2895 Immo,
2000 2833 2074 2884 ait
2108 2832 2308 2907 Gierig.

1284 2913 1471 2955 auctor
1495 2902 1552 2955 in
1572 2903 1766 2959 bibulis
1788 2908 1902 2961 vult
1927 2921 2019 2963 aut
2042 2930 2151 2964 non
2179 2913 2310 2967 scri·

1282 2980 1431 3045 bere,
1452 2993 1565 3050 aut,
1586 2984 1632 3036 si
1649 2986 1946 3056 tentaverit,
1967 2990 2159 3062 scripta
2183 3011 2308 3045 mox

1284 3059 1462 3115 delere
1479 3100 1497 3127 ,
1525 3074 1586 3115 ut
1605 3064 1742 3120 adeo
1767 3068 1926 3122 bonis
1941 3068 2140 3124 chartis
2165 3070 2304 3124 defi-

1276 3140 1538 3199 cientibus
1573 3144 1708 3197 nihil
1743 3166 2007 3203 novorum
2041 3150 2306 3204 librorum

1277 3219 1347 3273 ab
1365 3238 1431 3275 eo
1447 3224 1856 3295 exspectandum
1877 3229 1961 3283 sit.
1985 3230 2091 3283 En.
