2857 4690
565 354 710 434 422
1081 350 1537 417 NOTITIA
1591 349 2181 417 LITERARIA

557 484 684 551 nisi
720 480 900 575 quod
923 477 1240 553 nonnulla
1262 492 1479 548 errata
1502 478 2073 574 typographorum
2100 494 2399 549 correcta
2430 480 2691 549 habeat,

565 592 1008 659 Accesserant·
1026 585 1236 655 Index
1266 610 1487 655 rerum
1508 582 2030 654 memorabilium
2058 600 2127 655 et
2156 588 2501 655 nominum
2536 608 2687 681 pro-⁶

557 696 850 787 priorum
867 746 888 779 ,
911 706 978 761 et
1004 694 1239 763 Latina
1266 692 1717 785 interpretatio
1742 690 2105 759 dictionum
2130 706 2197 761 et
2214 693 2685 761 sententiarum

541 802 966 870 Graecarum.
1001 798 1150 867 Vid.
1183 800 1330 869 Cat.
1364 798 1455 867 de
1501 799 1843 869 Cmvenna
1868 796 1996 865 vol.
2024 800 2149 883 IV,
2184 825 2253 892 p.
2298 823 2473 893 277.

675 902 890 999 1519.
922 906 1224 974 Venetz'is
1249 958 1270 989 ‚
1312 902 1423 972 fol.
1471 903 1763 972 Catanaei
1790 905 1914 971 III.
1963 906 2031 975 C.
2070 906 2286 973 Plinii
2319 907 2501 975 Caec.
2530 908 2679 973 Iun.

553 1010 714 1081 ltbrt
739 1012 809 1079 E
799 1010 1208 1105 pistolamm
1242 1034 1477 1079 novem
1496 1062 1518 1094 ,
1568 1009 1807 1078 addito
1854 1033 2035 1079 nunc
2072 1025 2145 1078 et
2176 1010 2441 1079 decimo
2464 1062 2487 1096 ,
2533 1035 2677 1093 cum

555 1122 984 1210 Panegyrico
1005 1168 1028 1202 ‚
1059 1116 1139 1185 id
1171 1132 1278 1184 est
1297 1168 1318 1201 ,
1360 1118 1691 1195 Oratione
1714 1114 1803 1185 de
1829 1114 2180 1185 Lcacdzbus
2228 1114 2529 1207 stty‘tmt'
2549 1120 2675 1185 Im-

539 1228 934 1317 peratorzs.
924 1247 939 1262 ·
985 1246 1129 1291 una
1166 1244 1316 1291 cum
1359 1222 1887 1291 lucutentzsscma
1921 1223 2026 1291 J0.
2060 1224 2316 1291 Marioe
2365 1224 2683 1291 Catanaei

548 1334 979 1422 expositione
1009 1327 1115 1396 his
1155 1326 1462 1395 omnibus
1508 1326 1699 1396 libris
1736 1326 2090 1418 adjuncta.
2120 1368 2226 1379 —-
2257 1330 2489 1419 Quam
2533 1328 2673 1397 dili·

547 1438 938 1526 gentzssime
988 1457 1204 1529 nuper
1254 1440 1588 1527 recogniti
1606 1432 2057 1530 fideliterque
2084 1437 2411 1551 impressi.
2458 1434 2539 1505 V
2528 1458 2671 1503 ene·

552 1544 697 1625 tits,
727 1565 868 1634 per·
899 1544 1232 1609 Ioannem
1269 1538 1569 1609 Rubenm
1608 1543 1684 1607 V
1674 1539 2136 1624 ercellensem
2172 1543 2359 1609 anno
2398 1542 2677 1609 Domini

531 1648 708 1713 .MD
711 1649 1045 1732 XVIIII,
1079 1645 1191 1713 die
1229 1648 1376 1715 XV
1397 1618 1813 1714 Decembris.
1840 1686 1944 1696 —-
1967 1648 2129 1715 Haec
2168 1646 2371 1714 editio
2420 1659 2665 1715 textum

549 1752 618 1818 in
656 1750 968 1845 Epistolis
1005 1750 1207 1819 habet
1249 1774 1401 1820 cum
1454 1750 1781 1870 prioribus
1820 1753 2110 1820 Catanaei
2154 1765 2669 1845 congruentem,

550 1858 817 1927 nisi.ubi
847 1857 1118 1927 Aldinus
1151 1871 1461 1951 praestare
1502 1859 1681 1927 visus
1717 1871 1850 1927 est:
1878 1858 1947 1925 in
1976 1858 2379 1952 Panegyrico
2410 1857 2667 1951 quidem

551 1964 617 2031 in
658 1965 1004 2059 perpaucis
1037 1963 1286 2033 recedit
1323 1963 1407 2031 ab
1444 1962 1729 2032 editione
1757 1965 2015 2032 Veneta
2059 1988 2117 2031 a.
2168 1959 2385 2033 1510.
2418 1956 2665 2031 V‘erum

549 2073 748 2137 etiam
785 2086 1096 2165 putamus
1134 2094 1278 2139 eam
1315 2092 1457 2139 esse
1479 2122 1498 2157 ,
1536 2092 1735 2163 quam
1780 2071 2127 2139 Catanaeus
2170 2068 2505 2163 inscripsit
2535 2072 2663 2137 Jac.

546 2175 882 2261 Sadoleto,
909 2191 976 2245 et
1011 2190 1274 2245 secutus
1306 2176 1390 2245 sit
1430 2176 1575 2243 Jod.
1613 2174 1852 2244 Badius
1891 2176 2243 2259 Ascensius
2284 2198 2393 2241 an.
2454 2172 2660 2245 1533.

549 2282 742 2352 Conf.
789 2284 960 2352 infra
995 2282 1080 2351 ad
1119 2282 1187 2350 h.
1223 2306 1282 2350 a.

665 2413 688 2456 1
711 2386 877 2483 519.
923 2393 1213 2484 szst'ae,
1246 2391 1314 2474 4.
1353 2388 1539 2458 Plinii
1576 2391 1744 2481 Epp.
1782 2386 2054 2457 selectae.
2094 2387 2221 2456 vid.
2259 2385 2474 2476 Catal.
2506 2382 2651 2453 bibl.

546 2495 808 2570 Ernesti
839 2521 904 2589 p.
963 2495 1150 2581 182,
1192 2520 1257 2562 n.
1305 2493 1529 2590 2737.

663 2623 688 2668 1
709 2595 878 2670 520.
912 2601 1247 2686 Bast'leoe,
1275 2603 1344 2685 4.
1372 2604 1815 2696 Panegyn‘ci,
1849 2615 2181 2693 quotquot
2204 2622 2297 2667 ex
2322 2612 2662 2667 vetustate

545 2731 627 2773 eo
656 2709 934 2774 ..servati
962 2721 1136 2775 sunt.
1164 2741 1270 2756 -—
1293 2708 1587 2776 Bast'leoe
1612 2731 1751 2802 per
1789 2709 1895 2776 Jo.
1940 2705 2396 2790 Frobenium,
2440 2727 2661 2773 mense

547 2810 946 2897 Decembri,
987 2836 1058 2880 a
1098 2815 1404 2884 MDXX.
1438 2847 1535 2858 --
1579 2814 1753 2882 Huic
1794 2810 2063 2882 editioni
2104 2809 2415 2905 praefatus
2456 2825 2560 2880 est
2590 2813 2654 2877 B.

545 2919 948 3005 Rhenanus,
998 2919 1185 3013 cujus
1229 2917 1719 2988 emendationes
1765 2917 2014 3006 habet,
2068 2942 2205 2986 non
2265 2916 2539 3012 quidem
2584 2941 2657 2984 ex

543 3027 687 3094 MS.
723 3024 839 3093 sed
867 3049 948 3093 ex
975 3027 1270 3119 ingeniO,
1300 3037 1405 3111 et,
1444 3039 1521 3093 ut
1546 3023 1829 3107 solebat,
1857 3026 2027 3091 inter
2054 3020 2405 3116 legendum
2437 3022 2652 3090 factas.

661 3127 872 3201 1520.
906 3131 1344 3224 Nort'betgae,
1376 3132 1443 3214 4.
1476 3133 1947 3224 Panegyricus
1974 3131 2129 3200 Caii
2139 3131 2355 3197 Plinii
2370 3127 2659 3199 Secundi

537 3241 1067 3306 ‚Novocomenscs
1089 3289 1110 3321 ,
1157 3235 1463 3326 Trojano
1497 3238 1815 3330 Augusto
1856 3235 2096 3303 dictus.
2126 3233 2455 3328 Epistola
2478 3233 2653 3302 dedi-

535 3349 804 3412 catoria
843 3343 1220 3412 Pln'lomust’
1255 3333 1380 3428 (ad
1403 3344 1461 3409 J.
1492 3339 1955 3436 Rudolphum,
1984 3340 2291 3410 abbatem
2316 3338 2654 3432 Campido·

412 3501 418 3506 .
533 3473 800 3518 nensem
819 3442 846 3536 )
866 3473 1016 3517 cum
1031 3449 1372 3518 nonnullis
1389 3450 2427 3542 annotamentzspanegyrtstam
2437 3446 2653 3539 plane

531 3550 1056 3624 declarantibus.
1074 3557 1597 3649 ——Impressum
1632 3553 2069 3647 Nurnbergoe
2087 3576 2227 3648 pet·
2262 3549 2651 3626 Federicum

513 3665 819 3756 Peypus.
879 3663 1090 3730 Anno
1152 3663 1445 3754 virginet·
1473 3673 1723 3754 partus
1765 3661 2061 3728 MDXX
2074 3711 2096 3744 ,
2152 3681 2382 3726 mense
2434 3659 2647 3725 Jum'o.

529 3767 886 3836 —Editor
925 3766 1164 3836 dicitu-r
1199 3764 1489 3834 Jacobus
1530 3763 1792 3833 Loclzet·
1835 3763 2250 3833 Philomusus
2272 3816 2292 3850 ,
2333 3763 2449 3857 qui
2498 3775 2647 3830 tunc

529 3873 726 3959 vixit,
762 3873 1308 3966 juventutemque
1358 3869 1717 3939 studiosam
1764 3869 1989 3939 docuit
2030 3865 2432 3963 lngolstadii.
2473 3871 2539 3936 Is
2586 3869 2643 3935 in

523 3977 777 4046 edendo
817 3978 1017 4046 'Plinii
1060 3978 1463 4072 Panegyrico
1513 3975 1774 4045 videtur
1828 3977 2241 4070 potissimum
2304 3997 2462 4043 usus
2514 3998 2642 4042 esse
