2857 4690
905 375 1423 442 EPISTOLA
1470 375 1616 442 ΙΙΙ.
2253 375 2344 450 53

222 516 301 570 ut.
330 502 413 568 ita
434 499 693 585 dicam,
725 496 1131 566 umbraticas
1165 495 1391 565 literas
1424 497 1712 566 mittere.
1753 497 1890 590 Sed·
1919 499 2086 569 nihil
2111 504 2340 572 minus
2378 541 2410 597 4

219 626 439 706 aptum
454 610 897 696 arbitramur,
920 631 1129 702 quum
1150 631 1331 676 arma
1358 621 1610 692 vestra,
1635 632 1846 701 quum
1859 623 2107 698 castra,
2131 636 2342 707 quum

218 721 491 816 denique
525 744 821 807 cornua,
856 718 1051 788 tubas
1067 769 1087 804 ,
1113 717 1456 805 sudorem,
1486 715 1858 812 pulverem,
1888 718 2058 790 soles
2093 723 2344 816 cogita·
2403 737 2416 750 ⁸

218 857 379 900 mus.
407 831 662 914 Habes,
688 844 767 898 ut
790 843 991 924 puto,
1009 829 1259 922 justam
1296 827 1793 898 excusationem
1820 854 1839 898 ε
1873 855 2076 925 quam
2118 846 2339 902 tamen
2379 837 2386 842 ’

218 940 469 1028 dubito,
505 963 595 1009 an
634 939 760 1007 tibi
804 936 1079 1032 probari
1118 935 1339 1006 velim.
1392 940 1516 1006 Est
1552 938 1730 1007 enim
1770 941 2014 1008 summi
2053 943 2299 1013 amoris
2319 995 2340 1031 ‚

218 1075 449 1145 negare
469 1049 737 1118 veniam
768 1047 1081 1116 brevibus
1102 1045 1397 1142 epistolis
1418 1048 1788 1120 amicorum
1803 1101 1824 1136 ,
1842 1053 2147 1144 quamvis
2172 1053 2339 1123 scias

220 1157 339 1228 illis
368 1173 673 1228 constare
705 1156 1057 1226 rationem.
1096 1155 1283 1225 Vale.

284 1363 328 1414 5.
345 1367 427 1414 Αιι
452 1365 542 1414 α’ῠί
568 1364 783 1431 probari
810 1365 975 1414 wlim.
1004 1357 1077 1413 Ut
1101 1379 1219 1415 eam
1315 1363 1444 1415 bere
1475 1363 1643 1434 justas
1691 1381 1898 1416 caussas
1936 1363 2205 1418 brevitatis
2243 1379 2337 1420 ant

218 1441 432 1512 accipias
446 1479 463 1505 ‚
475 1459 643 1514 eaque
656 1452 932 1495 contentus
946 1482 961 1508 ‚
976 1441 1033 1493 in
1042 1453 1219 1512 poste·
1316 1440 1530 1494 silentii.
1551 1440 1690 1494 Vide
1709 1440 1780 1494 ad
1799 1442 1992 1514 Paneg.
2012 1443 2302 1497 XXXVIII
2319 1483 2335 1509 ,

218 1538 327 1572 rum
347 1539 453 1573 non
474 1520 710 1592 postules
739 1520 981 1592 epistolas
1002 1521 1083 1574 vel
1104 1521 1219 1592 plu·
1320 1527 1371 1584 4.
1391 1520 1566 1573 En.—
1576 1525 1682 1573 Illis
1691 1521 1961 1576 Ernestius
1980 1521 2051 1576 ad
2067 1527 2337 1576 amicorum

218 1616 295 1650 res
310 1635 325 1662 ,
342 1601 425 1652 vel
436 1599 721 1670 longiores.
744 1599 815 1652 G.
1318 1598 1529 1653 videtur
1543 1599 1800 1654 retulisse.
1811 1601 1984 1654 Immo
1997 1601 2334 1655 referendum

282 1681 459 1730 —Iue‘s
472 1694 700 1730 constane
716 1681 972 1733 rationem.
986 1679 1111 1732 Illos
1129 1679 1220 1732 ha·
1316 1679 1385 1733 ad
1405 1683 1634 1748 epistolis.
1654 1680 1711 1733 S.

216 1879 299 1898 m

1238 1879 2333 1902 §lm-§mmmmm

1176 2065 1344 2150 ΙΙΙ.

298 2297 507 2354 Bonam
534 2311 981 2372 mansuramque
1013 2295 1221 2353 famam
1254 2291 1522 2353 omnibus
1559 2293 1684 2353 aliis
1719 2293 1894 2353 rebus
1925 2295 2241 2373 anteponit.

1599 2480 1634 2511 «ῃ

592 2505 654 2549 C.
708 2500 1065 2550 PLINIUS
1111 2501 1550 2549 PAULLINO
1683 2502 1838 2549 SUO
1885 2504 1940 2549 S.

299 2684 547 2751 Anus
572 2679 815 2766 alium,
837 2702 964 2773 ego
981 2679 1434 2748 beatissimum
1453 2678 1782 2764 existimo,
1801 2679 1918 2773 qui
1937 2679 2128 2749 bonae
2153 2706 2332 2751 man-

216 2797 499 2884 suraeque
524 2788 1212 2883 famae‘praesumtione
1239 2778 1642 2883 perfruitur,
1675 2801 2026 2885 certusque
2051 2794 2330 2885 posteri-

217 2902 354 2971 tatis
388 2926 546 2970 cum
574 2900 801 2971 futura
842 2898 1051 2995 gloria
1086 2900 1270 2967 vivit.
1296 2903 1395 2967 Ac
1418 2898 1582 2965 mihi
1605 2898 1732 2967 nisi
1770 2900 2120 2993 praemium
2145 2914 2331 2971 aeter-

214 3010 425 3079 nitatis
458 3024 619 3079 ante
654 3006 914 3097 oculoS,
944 3010 1195 3103 pingue
1230 3006 1395 3107 illud
1430 3006 1776 3103 altumque
1811 3010 2026 3079 otium
2051 3008 2330 3105 placeat.

210 3120 463 3187 Etenim
498 3142 733 3188 omnes
768 3110 1072 3187 homines
1108 3117 1399 3186 arbitror
1435 3133 1748 3212 oportere
1784 3134 1904 3188 aut
1937 3120 2332 3189 immortali-

214 3240 401 3298 tatem
458 3248 653 3299 suam
700 3243 818 3297 aut
870 3225 1342 3297 mortalitatem
1388 3228 1686 3322 cogitare
1721 3254 1738 3296 ε
1774 3218 1844 3296 et
1879 3225 2025 3297 illos
2058 3228 2329 3321 quidem
2361 3236 2393 3271 ²

214 3338 635 3426 contendere,
652 3340 816 3408 eniti
834 3363 854 3424 ;
869 3339 993 3407 hos
1009 3339 1375 3432 quiescere,
1394 3340 1675 3426 remitti,
1695 3364 1818 3408 nec
1832 3339 2104 3407 brevem
2122 3338 2328 3407 vitam

212 3448 463 3518 oeducis
490 3447 832 3518 laboribus
860 3446 1139 3543 fatigare
1167 3473 1183 3516 t
1211 3462 1290 3515 ut
1320 3447 1516 3518 video
1541 3448 1822 3531 inultm,
1855 3449 2097 3516 misera
2132 3448 2328 3517 simul

210 3572 271 3627 et
302 3560 569 3654 ingrata
613 3558 900 3652 imagine
940 3556 1314 3646 industriae,
1346 3558 1432 3627 ad
1471 3557 1792 3629 vilitatem
1829 3559 1927 3627 sui
1959 3559 2326 3653 pervenire.

272 3748 399 3801 In.-
412 3752 495 3803 De
520 3750 759 3799 Paullino
790 3746 995 3799 dictum
1028 3744 1101 3800 ad
1125 3746 1181 3798 11
1199 3783 1216 3809 ,
1312 3758 1630 3821 terpretatur
1641 3747 1969 3802 Gronovius:
1983 3748 2162 3803 Stultis
2174 3770 2332 3806 occu·

212 3844 289 3898 ep.
313 3847 340 3895 ²,
360 3845 377 3892 3
401 3828 478 3893 V,
501 3845 591 3899 ep.
620 3843 719 3895 ¹93
744 3824 797 3879 X
813 3862 831 3890 ,
852 3844 937 3897 ep.
964 3826 1081 3879 105.
1115 3824 1216 3877 En.
1312 3825 1620 3897 petionibus
1635 3862 1652 3888 ‚
1673 3842 1814 3879 vana
1834 3828 2006 3899 specie
2024 3826 2328 3901 diligentia,

276 3926 323 3959 a.
342 3913 541 3960 Brevem
560 3910 723 3959 vitam
732 3941 887 3956 .....
883 3906 951 3973 fa
956 3908 1128 3975 rigare.
1149 3904 1215 3955 In
1308 3904 1556 3977 jactando
1566 3904 1812 3968 sese,etin
1822 3925 2014 3960 vanum
2025 3908 2332 3973 laborando,

214 3983 301 4037 hac
324 3986 439 4039 τίω
461 3986 721 4039 brevitate
756 4002 811 4037 ae
844 3982 1133 4054 defatigare
1165 3994 1219 4035 et
1312 3984 1416 4036 hoc
1447 3983 1684 4056 assequi,
1711 3996 1770 4037 ut
1799 3986 2021 4041 leviores
2047 4000 2101 4040 et
2125 3991 2331 4061 pejores

212 4080 463 4119 macerat-e
482 4064 759 4118 laboribus
784 4061 1048 4115 inanibus.
1065 4062 1129 4115 E.
1146 4092 1219 4103 -
1312 4062 1630 4127 habeantur,
1650 4080 1811 4134 quam
1832 4066 1875 4117 si
1895 4066 2212 4136 quievissent
2231 4086 2246 4119 ε
2264 4066 2330 4119 si·

214 4147 444 4213 lanugine.
464 4184 477 4195 .
500 4182 515 4196 .
539 4145 827 4213 ψει-κώπα
850 4140 1100 4193 Praeclare
1130 4141 1217 4193 in·
1316 4142 1476 4213 bique
1487 4142 1586 4214 ipsi
1599 4144 1914 4215 exprobrent
1929 4144 2223 4208 stultitiam,
2237 4146 2330 4219 qui

2377 905 2408 958 5
2481 930 2487 937 .
