2857 4690
1997 267 2106 380 [4
2177 306 2388 364 4:²52«.ae
2497 319 2502 326 ’

722 330 1247 444 PANEGYR.
1304 375 1526 446 CAP.
1581 333 2092 518 xxxv1.'4‘''
2269 413 2400 484 291

236 492 711 588 adjecissent!
752 495 843 565 At
878 509 953 564 tu
994 493 1194 565 simul
1223 489 1452 567 omnia
1488 498 1884 594 profudisti3
1915 518 1994 572 ut
2033 503 2132 574 sol
2170 522 2238 575 et
2272 509 2412 580 dies

234 629 397 674 non
437 621 633 700 parte
672 604 934 701 aliqua,
977 607 1094 676 sed
1138 609 1367 677 statim
1404 623 1626 699 totus,
1664 637 1790 682 nec
1827 617 1948 683 uni
2001 630 2120 687 aut
2173 616 2364 689 alteri
2392 644 2418 706 ,·

234 715 371 783 sed
409 715 733 786 omnibus
774 717 843 784 in
876 741 1240 788 commune
1260 773 1281 806 ‚
1315 717 1680 813 profertur.

348 829 681 896 XXXVI.
720 827 947 916 Quam
969 827 1165 921 juvat
1202 853 1477 899 cernere
1516 834 1830 904 aerarium
1861 834 2091 924 silens,
2119 856 2188 910 et
2221 845 2406 938 quie·

238 950 441 1022 tum,
470 953 543 1008 et
580 935 779 1032 quale
812 953 971 1007 ante
1004 937 1341 1009 delatores
1382 939 1557 1014 erat!
1591 945 1796 1014 Nunc
1831 948 2158 1045 templum
2203 951 2367 1025 illud
2389 1011 2409 1042 ‚

238 1071 443 1116 nunc
472 1072 633 1117 vere
668 1047 841 1116 aedes
868 1101 887 1135 ‚
923 1062 1064 1118 nou
1098 1048 1494 1145 spoliarium
1521 1053 1768 1124 civium
1791 1109 1812 1142 ‚
1843 1076 2409 1160 cruentarumque

238 1157 639 1255 praedaruni
666 1183 915 1228 saevum
936 1149 1481 1256 receptaculum,
1499 1189 1578 1233 ac
1605 1179 1753 1234 toto
1783 1167 1854 1236 in
1884 1170 2049 1239 orbe
2079 1185 2410 1244 terrarum

242 1269 479 1339 adhuc
520 1268 707 1339 locus
747 1289 958 1356 unuS,
996 1273 1071 1340 in
1116 1297 1287 1367 quo,
1334 1275 1594 1369 optimo
1631 1279 1974 1374 principe,
2015 1281 2179 1352 boni
2217 1285 2410 1356 malis

244 1382 550 1476 impares
590 1395 835 1452 essent.
864 1384 1103 1452 Manet
1141 1398 1367 1454 tamen
1410 1385 1632 1457 honor
1668 1387 1890 1484 legum
1921 1443 1943 1478 ,
1984 1393 2288 1490 nihilque
2327 1422 2409 1467 ex
2445 1428 2474 1462 2

246 1490 529 1586 publica
562 1490 856 1562 utilitate
894 1490 1293 1564 convulsum
1320 1523 1335 1566 :
1365 1522 1492 1566 nec
1518 1523 1720 1593 poena
1745 1501 2063 1595 cuiquam
2099 1505 2411 1595 remissa3

247 1719 331 1776 aq.
357 1704 415 1758 S.
440 1735 517 1745 —
536 1709 633 1755 Ae.
654 1742 669 1756 .
690 1706 995 1774 .profi‹disti.
1020 1703 1193 1758 Etiam
1220 1706 1285 1759 il-

247 1782 343 1836 lud
362 1798 443 1848 at,
462 1785 718 1837 omissum
730 1803 763 1838 a
776 1783 1115 1856 quibusdam,
1134 1805 1287 1840 revo-

249 1864 392 1918 cavit
429 1865 787 1919 Schwarzius.
820 1866 890 1919 G.
930 1897 1002 1906 —
1031 1870 1282 1920 Omnibus.

248 1947 273 1998 ὅ
306 1950 410 2008 οιὸς
444 1949 527 2000 τὸν
560 1947 691 2003 ἥλιον
728 1947 879 2000 αὑτοῦ
912 1947 1165 2002 ἀνα-τίλλει
1203 1951 1287 2003 ἐπὶ

247 2029 483 2096 πονηροὺς
527 2026 613 2079 καὶ
645 2028 871 2098 ἀγαθούς.
914 2025 1058 2079 Deus
1114 2025 1283 2078 solem

244 2105 450 2175 profert
462 2103 619 2157 malis
641 2118 696 2158 et
716 2105 873 2158 bonis
898 2103 955 2158 in
975 2122 1283 2158 commune.

246 2183 445 2237 matth.
476 2183 549 2244 V,
571 2183 661 2246 45.
680 2183 783 2236 Eu.

312 2262 574 2317 XXXVI.
594 2281 619 2316 1
630 2303 644 2315 .
656 2267 933 2316 AEran'um.
949 2262 1143 2317 AErarii
1156 2282 1285 2318 cura

246 2341 375 2396 olim
413 2337 770 2415 qu'oestoribus
796 2380 813 2407 ‚
851 2343 951 2397 sub
982 2343 1047 2397 C.
1078 2343 1285 2401 Caeaare

248 2420 757 2475 AEdilibus·duobm
780 2424 1059 2477 commissa
1090 2434 1169 2477 est
1187 2423 1283 2477 do-

248 2520 350 2556 nec
392 2502 666 2573 Augustus
686 2503 959 2575 pretorius
994 2504 1277 2557 substituit.

244 2580 346 2634 En.
358 2610 433 2623 --
446 2586 569 2633 Vere
580 2582 1038 2656 oedes.Utrumque
1063 2584 1245 2656 jungit
1264 2623 1280 2652 ‚

242 2660 372 2731 quia
398 2664 631 2729 templum
654 2662 867 2734 proprie
883 2673 963 2717 est
980 2662 1075 2715 illa
1095 2676 1281 2735 patena

242 2737 489 2811 undique
511 2740 887 2795 columnarum
922 2744 1246 2798 substructio
1265 2762 1281 2808 ς

242 2822 371 2871 oedes
396 2830 581 2873 autem
608 2838 798 2874 cavum
834 2820 970 2874 illud
997 2823 1240 2876 clausum
1260 2860 1278 2887 ‚

242 2897 390 2969 quod
423 2898 555 2951 alias
587 2904 715 2952 cella
730 2912 975 2955 vocatur.
994 2902 1281 2974 Sequimur

241 2976 415 3031 Gron.
432 2978 711 3043 Obssz,
736 2982 821 3032 16.
838 2999 896 3053 p.
923 2980 1157 3053 255.qui
1176 3000 1279 3054 pro

242 3058 468 3127 vulgato
481 3061 601 3109 dem
611 3058 919 3127 (Saturnum
935 3072 1115 3115 autem
1128 3062 1281 3115 intel-

244 3135 525 3209 ligebant),
536 3140 666 3189 aedes
681 3138 970 3193 substituit.
982 3146 1115 3193 Deus
1127 3152 1279 3195 tanto

248 3216 435 3269 minua
459 3216 715 3270 convenit
736 3255 753 3281 ‚
780 3218 909 3290 quia
934 3218 1071 3271 nihil
1082 3220 1274 3287 habet,

238 3294 386 3367 quod
414 3314 479 3350 ex
504 3294 735 3372 adverso
758 3298 1096 3370 respondeat.
1128 3300 1276 3355 Nihil

237 3374 383 3429 aliud
398 3414 415 3441 ,
434 3393 600 3449 quam
612 3376 719 3429 loci
736 3377 957 3432 nomina
972 3397 1173 3450 ponere
1188 3400 1276 3434 vo-

236 3452 333 3508 luit
350 3494 367 3517 ,
392 3457 603 3528 potuit,
622 3456 845 3512 Plinius·
862 3458 929 3512 Et
948 3470 1129 3512 tamen
1142 3463 1274 3514 cedes

238 3534 525 3589 Arntzeuio
558 3535 805 3609 displicet
826 3576 843 3601 ‚
878 3549 930 3591 et
946 3578 963 3604 ‚
999 3538 1147 3610 quod
1182 3540 1273 3597 hic

236 3613 331 3677 ait,
346 3633 461 3667 non
472 3616 804 3687 probabatur
815 3618 1115 3673 Perizonio.
1127 3618 1273 3673 G.—

236 3697 553 3759 Spouarium.
577 3696 761 3761 Quum
780 3698 849 3750 ait
865 3697 1036 3761 locus,
1050 3699 1145 3752 uhi
1162 3700 1273 3773 gla-

237 3768 504 3827 diatorum
548 3788 721 3829 vestes
761 3789 813 3829 et
855 3778 1269 3835 instrumentum

237 3866 573 3907 servarentur
592 3854 648 3907 in
667 3857 1095 3929 Amphitheatro:
1110 3880 1269 3933 appa·

234 3942 312 3983 ret
342 3950 407 3985 ex
446 3934 575 3986 Sen.
618 3936 770 4007 epist.
813 3935 903 4005 93.
938 3950 1071 3992 extr.
1109 3942 1269 3995 etiam

234 4014 417 4064 occisos
429 4016 483 4063 in
492 4016 1059 4084 spoliariogladiatores.
1069 4020 1137 4072 Et
1148 4038 1273 4074 oon·

232 4100 368 4144 ἴτον.
403 4092 496 4145 33.
535 4110 619 4163 pr.
648 4096 915 4163 &fantium
950 4101 1269 4165 spoliarium,

230 4168 321 4221 ubi
332 4182 739 4238 truncarentur,
753 4174 838 4229 vel
850 4174 1269 4235 debilitarentur.

1372 1709 1485 1763 Nec
1512 1711 1665 1766 aliter
1691 1711 1758 1767 de
1779 1715 1993 1787 provid.
2020 1737 2139 1792 cap.
2162 1719 2214 1774 3.
2236 1721 2307 1775 G.
2337 1754 2408 1764 —

1372 1789 1424 1841 N
1426 1795 1819 1860 uncspoliarium
1834 1795 2140 1869 simpliciter
2147 1803 2405 1867 estlocu5‚

1372 1866 1426 1919 in
1438 1887 1546 1940 quo
1557 1872 1798 1941 pecunia
1810 1875 2001 1938 civium
2011 1916 2026 1940 ‚
2037 1889 2310 1950 tamquam
2323 1901 2408 1935 ra-

1372 1945 1507 2016 pinae
1525 1961 1578 2001 et
1592 1951 1757 2030 spolia
1775 1950 2072 2008 delatorum
2087 1997 2104 2022 ,
2123 1957 2404 2031 deponun-

1372 2037 1478 2080 tur.
1497 2027 1560 2080 E.
1577 2059 1649 2070 —
1661 2035 1758 2084 Ac.
1772 2069 1786 2083 .
1804 2036 1957 2086 ,locus
1974 2055 2116 2090 unus.
2141 2041 2404 2096 AErarium

1346 2107 1505 2179 reip.
1535 2108 1733 2182 inhaede
1767 2113 1981 2170 Saturni
2010 2120 2354 2174 constitutum
2386 2160 2404 2186 ‚

1372 2205 1519 2241 nunc
1545 2207 1686 2242 unus
1717 2203 1796 2245 est
1821 2193 1970 2247 locus
1995 2196 2052 2250 in
2081 2199 2209 2252 orbe
2235 2212 2405 2256 terra·

1369 2284 1494 2319 rum
1519 2305 1536 2332 ,
1580 2269 1669 2322 ubi
1701 2308 1716 2335 ,
1757 2273 1963 2344 optimo
2001 2276 2124 2330 licet
2163 2279 2404 2355 principe

1370 2344 1668 2422 imperante
1688 2390 1703 2414 ‚
1731 2364 1910 2408 tamen
1937 2356 2066 2410 boni
2094 2358 2402 2416 defensores

1369 2425 1511 2481 illiue
1529 2429 1817 2485 vincuntur
1833 2434 2034 2490 amalis
2053 2448 2106 2491 et
2124 2438 2404 2513 impuden-

1368 2507 1514 2561 tibus
1523 2509 1832 2567 hominibus
1846 2532 1860 2567 ε
1875 2516 2004 2588 quia
2013 2519 2218 2577 mavult
2227 2522 2403 2577 Caesar

1370 2606 1558 2643 caussa
1577 2590 1770 2647 cadere
1787 2597 2056 2665 erarium,
2078 2618 2242 2672 quam
2264 2621 2401 2669 ease,

1368 2668 1463 2740 qui
1487 2670 1556 2723 de
1575 2689 1640 2724 eo
1659 2672 1744 2725 vel
1768 2675 1965 2747 injuria
1989 2694 2267 2751 queratur.
2293 2682 2400 2739 Sic.

1368 2765 1414 2801 a.
1442 2748 1542 2802 lv.
1570 2776 1594 2798 ι
1611 2752 1811 2825 Soepiua
1837 2734 2069 2816 v⁶incitur
2097 2760 2286 2827 fiscus,
2311 2780 2404 2815 cu-

1363 2828 1454 2899 jua
1473 2829 1616 2885 mala
1637 2850 1826 2887 caussa
1849 2854 2128 2909 nunquam
2151 2852 2231 2893 est
2251 2880 2268 2905 ‚
2294 2842 2400 2897 niti

1366 2908 1619 2963 aubbouo
1630 2912 1888 2987 principe.
1897 2924 2081 2969 a—-Ae
2093 2934 2196 2971 toto
2211 2925 2263 2971 in
2283 2927 2401 2975 orbe

1366 2988 1608 3041 mmmm
1623 2995 1790 3043 adhue
1809 2998 1944 3047 locus
1963 3016 2088 3049 unus
2105 3002 2159 3051 in
2179 3019 2277 3067 quo
2295 3014 2395 3054 etc.

1363 3066 1632 3123 Gesnerus
1663 3071 1770 3126 hoc
1809 3074 1951 3129 male
1994 3080 2198 3149 accepit
2239 3078 2399 3133 adfir-

1362 3146 1549 3201 mandi
1569 3168 1748 3206 sensu.
1787 3155 1962 3207 Immo
1993 3176 2024 3210 e
2055 3157 2399 3229 praecedenti-
2502 3165 2512 3171 “

1362 3226 1466 3280 bus
1483 3229 1888 3304 intelligendum
1901 3256 2002 3287 non
2016 3258 2038 3299 ‚·
2057 3258 2120 3289 ae
2136 3258 2236 3289 non
2256 3253 2362 3291 toto
2377 3276 2394 3302 ‚

1362 3318 1466 3360 etc.
1487 3307 1604 3363 Hoc
1616 3312 1840 3382 pulchre
1855 3313 1990 3367 vidit
2003 3354 2022 3379 ‚
2037 3328 2094 3369 et
2109 3335 2256 3370 more
2271 3337 2394 3381 suo,

1361 3388 1536 3441 verbis
1554 3390 1734 3443 multis
1745 3393 2026 3465 explicavit
2043 3396 2392 3461 Schwarziua.

1361 3466 1413 3521 J.
1436 3468 1502 3521 A.
1529 3469 1848 3525 Eunu-tus.
1869 3504 1942 3515 —-
1968 3480 2190 3543 Impar-es
2215 3494 2390 3533 essent.

1360 3546 1712 3609 scribendum
1727 3554 1844 3606 sint.
1869 3552 2000 3608 Duae
2019 3555 2216 3609 ultima
2231 3558 2393 3612 litera

1360 3627 1609 3681 vocabuli
1643 3633 1914 3702 praegreaai
1939 3652 2216 3708 perperam
2240 3637 2394 3693 itera·

1362 3717 1446 3759 tae.
1473 3706 1530 3761 S.

1435 3806 1487 3840 2.
1515 3792 1693 3841 Manet
1728 3804 1912 3847 tamen.
1941 3794 2053 3861 Qui
2083 3799 2187 3851 auh
2213 3798 2392 3854 Nerva

1356 3885 1470 3919 nou
1507 3869 1779 3924 manebat.
1805 3874 1922 3927 Vox
1953 3876 2236 3937 Frontonis
2267 3898 2392 3934 cou-

1356 3946 1487 3999 sulia
1511 3947 1656 4019 apud
1677 3950 1879 4024 xiphil.
1903 3972 1934 4007 e
1960 3956 2120 4011 Dion.
2137 3958 2202 4013 L.
2221 3962 2309 4013 68.
2331 3980 2388 4031 p.

1360 4028 1626 4096 769.B.·‘.›;
1639 4036 1787 4087 κακὸν
1803 4038 1892 4106 μέν
1909 4040 2038 4093 ἐστιν
2054 4042 2392 4113 αὐτοκράτορα

1361 4110 1508 4175 {2¹²⁹-
1521 4102 1648 4180 ὖφόὗ
1665 4110 1844 4179 nmini
1857 4114 2016 4189 μηδὸν
2029 4118 2190 4183 {Eteri
2216 4125 2394 4185 ποιεῖν,

1358 4192 1516 4259 χεῖρον
1544 4185 1606 4243 δὲ
1625 4230 1641 4253 ,
1668 4196 1742 4265 ‘p’
1771 4189 1822 4249 οὗ
1849 4202 1976 4251 πᾶσι
2005 4200 2195 4253 πάντα..
2221 4202 2288 4253 G.
2313 4232 2391 4243 —-—

2015 4306 2133 4377 ¹9·
