2857 4690
762 353 1281 460 PAoNEGYR.
1332 355 1550 424 CAP.
1603 357 1816 426 xvt.

2225 357 2365 428 263

202 479 527 548 hauserit
559 501 869 572 campus,
908 500 1056 570 quoe
1094 476 1486 548 refectiones
1513 493 1664 548 tuas
1689 478 1996 566 arbores,
2024 504 2173 574 quae
2197 507 2369 551 som-

200 614 383 656 num
418 613 581 660 saxa
616 583 1081 685 praetexerint‚
1111 586 1295 681 quod
1326 587 1614 682 denique
1640 602 1896 658 tectum
1929 597 2222 682 magnus
2248 591 2365 659 ho·

202 723 369 794 spes
412 697 789 793 impleveris
818 722 838 782 ς
871 711 949 765 ut
977 711 1139 768 tunc
1172 697 1298 792 ipsi
1328 698 1454 766 tibi
1491 698 1868 792 ingentium
1900 697 2150 768 ducum
2181 715 2369 770 sacra

202 810 537 904 vestigiag
553 808 785 878 iisdem
808 808 879 875 in
899 806 1092 892 locis,
1122 808 1699 878 monstrabantur.
1717 810 1974 877 Verum
1999 809 2138 878 haec
2156 807 2318 886 olim
2345 835 2362 877 ε
2407 816 2438 869 5

208 921 283 988 in
330 919 691 1014 praesentia
724 917 1032 1014 quidem,
1062 920 1365 1013 quisquis
1399 917 1626 1013 paullo
1659 920 1983 989 vetustior
2009 919 2230 1006 miles,
2256 920 2372 990 hic

208 1043 281 1098 te
325 1027 807 1098 commilitone·
835 1040 1147 1098 censetur
1175 1054 1191 1097 ε
1222 1042 1472 1123 quotus
1504 1028 1685 1098 enim
1721 1031 2043 1124 quisque,
2078 1030 2270 1124 cujus
2295 1045 2371 1099 tu

208 1163 359 1208 non
376 1152 540 1206 ante
559 1135 927 1208 commilito
939 1189 960 1224 ‚
982 1162 1185 1232 quam
1202 1137 1614 1232 imperator?
1632 1138 1788 1208 inde
1805 1155 1938 1225 est,
1953 1138 2138 1235 quod
2159 1165 2370 1236 prope

210 1273 465 1317 omnes
484 1249 759 1317 nomine
775 1246 1103 1342 appellas,
1122 1248 1305 1344 quod
1326 1248 1748 1345 singulorum
1773 1250 1974 1320 fortia
2003 1251 2177 1322 facta
2197 1277 2371 1320 com-

214 1382 567 1428 memoras
592 1412 615 1444 ,
671 1382 794 1427 nec
851 1357 1104 1427 habent
1154 1357 1656 1429 adnumeranda
1699 1361 1824 1429 tibi
1865 1385 1992 1456 pro
2029 1359 2372 1456 republica

218 1467 550 1554 vulnera,
585 1466 831 1562 quibus
860 1469 1087 1537 statim
1124 1467 1434 1539 laudator
1460 1485 1530 1539 et
1563 1471 1750 1540 testis
1785 1471 2148 1566 contigisti.

316 1579 513 1647 XVI.
547 1576 679 1647 Sed
711 1577 919 1673 magis
946 1577 1368 1672 praedicanda
1393 1579 1768 1650 moderatio
1800 1596 1950 1669 tua,
1973 1581 2156 1676 quod
2187 1583 2378 1650 innu-

220 1689 433 1758 tritus
487 1685 743 1758 bellicis
788 1686 1099 1758 laudibus
1138 1713 1369 1782 pacem
1411 1713 1596 1758 amas
1635 1715 1651 1757 :
1691 1715 1816 1762 nec
1851 1691 2008 1785 quia
2045 1690 2149 1760 vel
2187 1706 2378 1784 pater

224 1799 349 1867 tibi
386 1797 853 1892 triumphaliS,
888 1796 986 1866 vel
1028 1797 1411 1892 adoptionis
1441 1813 1572 1867 tuae
1609 1798 1719 1868 die
1752 1798 1970 1869 dicata
1994 1797 2378 1894 Capitolino

220 1910 377 1978 Jovi
417 1908 689 1996 lauruS,
718 1908 967 1978 idcirco
999 1934 1081 1977 ex
1108 1908 1456 1980 occasione
1489 1910 1674 1979 omni
1705 1911 1944 2006 quaeris
1974 1910 2373 2004 triumphos.

227 2023 391 2090 Non
432 2021 630 2090 times
668 2018 885 2109 bella,
922 2046 1044 2090 nec
1080 2043 1428 2115 provocas.
1474 2023 1804 2114 Magnum
1848 2034 1974 2108 est,
2015 2020 2380 2114 imperator
2419 2065 2448 2096 2

230 2131 567 2224 Auguste,
599 2155 923 2225 magnum
958 2143 1057 2199 est
1092 2142 1269 2198 stare
1304 2130 1375 2198 in
1410 2128 1714 2200 Danubii
1749 2131 1930 2226 ripa,
1967 2131 2022 2200 si
2051 2145 2382 2216 transeas,
2493 2149 2506 2166 ⁹

229 2255 499 2312 eertum
524 2240 891 2335 triumphi;
919 2265 1043 2310 nec
1066 2238 1409 2310 decertare
1437 2264 1684 2335 cupere
1709 2253 1862 2308 c'um
1885 2238 2379 2310 recusantibus:

232 2377 533 2445 quorum
574 2350 858 2421 alterum
891 2350 1324 2439 fortitudine,
1363 2348 1650 2421 alterum
1683 2350 2137 2420 moderatione
2181 2348 2380 2418 effici-

235 2476 367 2533 tur.
394 2466 575 2535 Nam
612 2478 689 2534 ut
716 2462 857 2558 ipse
884 2461 1061 2533 nolis
1088 2486 1426 2557 pugnare,
1455 2452 1828 2531 moderatio
1847 2514 1867 2547 ‚
1899 2460 2228 2533 fortitudo
2264 2474 2380 2529 tua
2423 2482 2452 2531 3

238 2587 511 2667 praestat
528 2626 548 2661 ‚
575 2589 653 2643 ut
669 2598 885 2667 neque
902 2572 1123 2642 hostes
1146 2572 1245 2642 tui
1275 2569 1501 2642 velint.
1524 2572 1827 2669 Accipiet
1843 2597 2007 2668 ergo
2021 2569 2383 2667 aliquando

240 2794 445 2862 puerile
456 2792 647 2847 vitium
662 2832 679 2859 ‚
697 2790 845 2865 quod
864 2790 1169 2845 mirandum
1189 2802 1269 2843 est

240 2872 443 2925 tamdiu
472 2872 689 2925 latuisse
720 2872 867 2925 viros
898 2870 1100 2923 doctos.
1125 2870 1263 2923 En.

244 2980 311 2991 --
342 2955 689 3005 Proeeexetine.
719 2950 1031 3004 Obtexerint
1066 2949 1265 3021 signifi·

244 3048 367 3083 care
386 3041 562 3102 potest
587 3031 641 3083 vi
670 3030 839 3083 verbi.
864 3028 967 3084 Sed
989 3048 1098 3082 non
1119 3028 1267 3081 dissi-

246 3110 393 3162 mulo
410 3148 429 3173 ,
445 3113 801 3179 praeeeaeuerine
820 3110 987 3163 multo
1003 3108 1137 3161 mihi
1162 3106 1266 3159 ele-

248 3190 455 3259 gantius
482 3202 535 3243 et
558 3188 725 3262 magis
744 3189 1041 3241 Plinianum
1064 3184 1264 3251 videri,

248 3284 411 3337 quum
419 3284 644 3338 praetego
658 3269 747 3321 vix
762 3279 1031 3322 auctorem
1045 3266 1235 3319 habeat
1248 3301 1265 3329 ,

244 3350 554 3412 protea-endi
564 3347 675 3401 hnc
688 3347 933 3401 solemnis
948 3358 1000 3401 et
1016 3356 1269 3401 consueta

254 3424 318 3477 sit
350 3428 519 3482 notio.
561 3429 631 3481 G.
670 3436 893 3498 Pru-tego
936 3423 1269 3480 Porcellinus

252 3502 495 3580 interque
541 3519 800 3563 nostrates
839 3506 1091 3561 Scheller.
1146 3502 1272 3556 satis

256 3594 491 3641 tuentur.
517 3588 572 3642 S.
600 3618 671 3629 -
706 3590 1002 3655 Impleveris.
1030 3584 1293 3639 Imitatur·

258 3660 398 3718 hunc
434 3668 610 3719 locum
630 3704 647 3729 ‚
689 3665 835 3739 quod
870 3665 1004 3719 solet
1027 3702 1043 3728 ,
1085 3662 1270 3717 Sidon.

260 3738 525 3815 Appollin.
560 3746 643 3797 111
662 3784 677 3809 ,
709 3766 736 3799 2
752 3782 769 3809 ,
792 3765 872 3817 pr.
900 3748 1101 3797 Saluiae
1122 3757 1170 3795 te
1180 3762 1275 3810 po·

254 3827 395 3888 pult:
422 3832 667 3877 Arm-’mm
682 3864 699 3885 ,
726 3830 862 3895 eujus
880 3844 1043 3893 parva
1075 3824 1275 3890 tugiem'a

266 3919 461 3971 magnus
480 3908 652 3972 hospes
669 3908 879 3972 implesti
894 3926 912 3956 .·
931 3901 1022 3958 sed
1046 3920 1279 3955 eorrum-

266 3980 339 4049 pit
360 4022 375 4045 ,
398 3984 607 4057 adjecto
626 4003 805 4051 parva.
833 3982 977 4049 Quid
1006 3984 1145 4036 enim
1176 4002 1280 4033 ma-

264 4078 357 4125 gno
384 4062 591 4136 hospite
618 4082 751 4133 opus
776 4076 889 4117 erat
916 4062 987 4117 ad
1012 4060 1279 4135 implenda

1363 2789 1399 2843 ii
1416 2828 1434 2853 ,
1463 2810 1598 2863 quos
1619 2792 1801 2845 laudat
1829 2790 1896 2845 ad
1920 2790 1958 2845 l.
1981 2810 2032 2845 c.
2055 2792 2276 2845 Severo.
2299 2792 2382 2843 Cf.

1362 2870 1554 2923 Noster
1565 2871 1785 2942 ep.V11,
1804 2878 1893 2934 πά,
1913 2891 1970 2938 9,
1984 2882 2036 2923 ct
2051 2870 2194 2924 infra
2211 2872 2270 2922 P.
2295 2874 2392 2933 So,

1362 2952 1417 3001 6.
1461 2949 1532 3003 G.
1572 2947 1901 3007 —AEunduo
1937 2951 2208 3003 sententiae
2239 2948 2390 3019 apud

1364 3027 1664 3099 Virgilium.
1681 3027 1811 3081 vid.
1840 3030 1892 3081 J.
1917 3027 1987 3082 H.
2009 3027 2288 3081 Ernestius
2313 3026 2386 3079 ad

1362 3106 1423 3159 h.
1464 3106 1503 3160 l.
1545 3106 1604 3159 S.
1649 3138 1720 3147 —
1774 3110 1924 3173 Quod
1962 3122 2140 3159 tectum
2179 3124 2384 3174 magnus

1362 3190 1537 3255 liospse
1579 3188 1866 3255 impleveris.
1899 3186 2050 3239 Bella
2081 3184 2340 3239 sententia
2364 3221 2383 3247 ,

1364 3265 1459 3321 sed
1497 3267 1719 3338 poetica
1759 3266 1872 3319 fere
1918 3267 2120 3319 formae.
2165 3262 2385 3316 Fundus

1362 3348 1478 3419 ejus
1498 3357 1576 3399 est
1591 3345 1736 3419 apud
1748 3344 2053 3419 Virgilium,
2066 3344 2158 3397 ubi
2177 3342 2396 3414 augusti.

1365 3424 1550 3479 limina
1575 3427 1702 3481 tecti
1725 3426 1990 3498 ingentem
2008 3426 2234 3478 AEneam
2252 3421 2387 3477 cxciv

1366 3505 1540 3578 piant.
1561 3510 1678 3559 Βῆ.
1705 3509 1848 3557 7111.
1876 3504 2016 3559 Eu.

1455 3588 1509 3638 5.
1563 3590 1630 3636 Te
1671 3585 2000 3635 commilitone
2034 3594 2270 3633 censetur.
2307 3580 2388 3633 Eo

1370 3663 1558 3717 melior
1580 3661 1730 3715 miles
1754 3661 1982 3715 habetur
1997 3698 2012 3726 ,
2033 3658 2182 3733 quod
2209 3671 2304 3715 tuo
2329 3660 2384 3712 in

1370 3741 1680 3797 commilitio
1699 3740 1818 3795 fnit.
1837 3740 1908 3795 G.

1442 3823 1588 3875 XVI.
1623 3839 1645 3873 ι
1657 3860 1670 3873 .
1697 3825 1802 3871 Nec
1819 3824 1940 3888 quia
1949 3834 2100 3887 pater
2117 3822 2208 3870 eibi
2225 3822 2392 3870 trium-

1364 3903 1549 3971 phalis.
1565 3899 1824 3953 Videatur
1835 3900 1906 3953 ad
1923 3898 2072 3963 XIV,
2095 3916 2114 3950 1
2134 3935 2152 3963 ‚
2166 3896 2394 3953 delatam

1378 3982 1631 4034 Parthica.
1645 3978 1714 4033 G.
1733 4010 1804 4019 —
1817 3981 2106 4047 Adoptiom's
2117 3992 2216 4031 ενα·
2229 3981 2312 4033 die
2322 3980 2396 4030 di·

1377 4074 1494 4109 cam
1531 4060 1810 4125 Capitolino
1845 4062 1954 4113 Jove·
1975 4063 2160 4111 lauras.
2183 4056 2304 4111 Vid-
2328 4055 2400 4109 ad

264 4158 417 4203 Wm
452 4146 693 4212 tuguria)
740 4144 909 4197 Multo
950 4142 1283 4197 commodius
1382 4138 1540 4203 VIII,
1570 4136 1622 4191 3.
1643 4136 1714 4189 G.
