2857 4690
807 363 1321 434 PANEGYR.
1376 363 1596 434 CAP.
1649 365 1810 433 XX.

2219 363 2354 460 267

222 487 337 557 sed
382 485 601 558 oculis
632 484 1133 582 probabantur!
1166 489 1566 581 consequuti
1610 503 1802 574 sunt,
1829 501 1908 556 ut
1929 487 2168 556 absens
2193 514 2358 583 quo-

222 623 355 694 que
394 598 481 667 de
518 597 909 668 absentibus
946 599 1199 667 nemini
1245 599 1495 694 magis,
1537 623 1742 692 quam
1788 598 1906 667 tibi
1949 597 2279 667 crederes.

316 712 473 778 XX.
511 711 659 776 Jam
700 722 768 777 te
808 707 1055 778 civium
1095 707 1423 778 desideria
1463 709 1904 794 revocabant,
1930 731 2362 802 amoremque

222 833 601 888 castrorum
634 818 995 913 superabat
1018 819 1260 888 caritas
1289 818 1553 913 patriae:
1581 819 1710 888 iter
1737 818 1890 888 inde
1919 818 2252 913 piacidum
2283 845 2364 890 ac

222 926 641 1010 modestum,
681 941 761 995 ut
794 925 993 1019 plane
1034 953 1073 995 a
1116 952 1279 1022 pace
1312 927 1686 998 redeuntis,
1736 931 1880 998 Nec
1924 953 2088 998 vero
2121 955 2248 1025 ego
2289 930 2358 998 in
2398 966 2426 999 2

222 1036 541 1107 laudibus
568 1037 703 1105 tuis
730 1060 1012 1130 ponam,
1032 1037 1211 1131 quod
1229 1037 1588 1107 adventurn
1611 1053 1802 1107 tuum
1823 1063 1958 1107 non
1985 1054 2176 1133 pater
2193 1041 2364 1134 quis·

221 1171 469 1241 quam,
509 1171 645 1214 non
682 1147 961 1216 maritus
1000 1150 1291 1241 expavit.
1339 1146 1669 1218 Affectata
1707 1146 1858 1217 aliis
1900 1151 2200 1237 castitaS‚
2241 1150 2365 1219 tibi

224 1257 532 1351 ingenita
558 1272 627 1324 et
653 1257 881 1325 innata
902 1309 921 1339 ‚
950 1258 1259 1352 interque
1282 1281 1393 1340 ea,
1426 1283 1576 1352 quae
1603 1260 1934 1353 imputare
1963 1285 2102 1328 non
2127 1261 2362 1355 possis,

222 1367 475 1438 Nullus
510 1369 577 1436 in
614 1367 961 1463 exigendis
998 1367 1321 1438 vehiculis
1353 1367 1712 1452 tumultus,
1737 1368 1996 1439 nullum
2035 1371 2211 1440 circa
2247 1372 2365 1439 ho·
2403 1372 2434 1426 3

222 1479 429 1573 spitia
467 1476 847 1563 fastidium3
872 1502 1175 1563 annona,
1206 1502 1359 1572 quae
1382 1479 1677 1564 caeteris3
1705 1478 1792 1548 ad
1819 1479 1980 1564 hoc,
2001 1480 2366 1548 comitatus

223 1590 603 1672 accinctus,
639 1602 706 1656 et
736 1611 977 1682 parens
1000 1613 1015 1656 ε
1039 1586 1292 1658 diceres
1316 1613 1640 1683 magnum
1667 1587 1954 1682 aliquem
1981 1587 2218 1656 ducem
2236 1641 2256 1674 ‚
2289 1613 2368 1658 ac

226 1715 297 1770 te
324 1700 745 1795 potissimum
763 1751 783 1781 ‚
810 1696 896 1766 ad
920 1698 1246 1768 exercitus
1282 1699 1379 1766 ire
1420 1723 1438 1766 ε
1468 1697 1634 1767 adeo
1672 1695 1838 1766 nihil
1858 1751 1878 1784 ‚
1905 1712 2024 1766 aut
2045 1711 2226 1767 certe
2255 1722 2370 1791 pa·

234 1835 391 1879 rum
430 1810 753 1878 intererat
794 1808 971 1876 inter
1007 1813 1494 1902 Imperatorem
1536 1808 1822 1890 factum,
1853 1823 1921 1876 et
1957 1808 2146 1876 brevi
2187 1805 2368 1878 futu·

230 1945 411 1988 mm.
443 1919 675 2008 Quam
712 1916 1047 1986 dissimilis
1087 1941 1307 2011 nuper
1344 1917 1618 1986 alterius
1655 1917 1978 2012 principis
2016 1915 2366 1988 transitus!
2405 1941 2436 1998 4

226 2031 285 2098 si
312 2042 537 2098 tamen
566 2029 885 2098 transitus
910 2026 1053 2114 ille,
1089 2052 1225 2095 non
1256 2025 1606 2122 populatio
1643 2025 1804 2112 fuit,
1847 2051 2058 2120 quum
2094 2028 2368 2098 abactus

229 2139 575 2235 hospitum
604 2150 979 2225 exerceret,
1014 2138 1373 2231 omniaque
1405 2136 1643 2208 dextra
1679 2135 1974 2232 laevaque
2007 2152 2273 2232 perusta
2303 2154 2372 2208 et

302 2340 355 2398 4.
375 2333 738 2383 Probabanmr.
748 2329 833 2384 Sic
850 2327 1153 2400 legendum.
1169 2327 1257 2383 sic

232 2423 309 2465 est
332 2432 386 2465 v,
412 2431 467 2484 g.
488 2411 541 2464 in
561 2409 689 2463 edit.
710 2408 939 2463 Salmur.
962 2407 1147 2479 Lipsii.
1172 2408 1255 2459 Al.

227 2496 509 2559 probamur
522 2489 673 2561 lapsu
696 2488 853 2540 nimis
872 2487 1033 2540 facili.
1044 2488 1257 2540 Praeter-

232 2572 365 2624 itum
405 2580 618 2641 tempus
648 2567 972 2641 praecessisse
1002 2604 1019 2631 ‚
1062 2564 1256 2619 indicio

232 2648 569 2724 apertissimo
596 2658 673 2701 est
692 2646 911 2707 verbum
930 2648 1161 2698 crederes.
1182 2644 1253 2697 G.

302 2730 425 2781 XX.
466 2746 519 2781 a.
557 2730 671 2778 Non
695 2740 847 2793 pater
875 2725 966 2797 qui
998 2723 1117 2777 filia
1148 2740 1254 2777 suae
1282 2740 1305 2768 r

230 2809 465 2871 timer-eu
474 2824 585 2860 non
592 2806 817 2859 maritus
828 2804 923 2876 qui
932 2803 1104 2856 uxori.
1117 2804 1223 2856 En.

300 2920 375 2930 —
424 2890 652 2939 castitas.
697 2885 763 2936 In
802 2894 1007 2937 tantum
1050 2896 1255 2936 castum

232 2968 395 3021 fnisse
414 2968 705 3038 Trajanum
726 3002 743 3027 ‚
764 2976 825 3017 ut
850 2964 919 3017 ab
946 2962 1139 3035 injuria
1164 2962 1257 3015 ab·

232 3049 453 3103 stincret
471 3084 489 3113 ,
514 3046 707 3099 fatetur
732 3044 891 3098 etiam
920 3043 1021 3096 Dio
1046 3062 1105 3115 p.
1130 3060 1256 3113 77²·

232 3140 300 3193 C.
321 3141 370 3191 ἐν
392 3140 491 3199 τοῖς
514 3131 769 3196 παιδικοῖς
792 3130 971 3189 οὐδένα
996 3135 1253 3189 &fiunem-

234 3217 512 3271 Praecessit
536 3215 647 3287 περὶ
668 3214 738 3267 τὰ
762 3214 991 3287 pupinia
1012 3208 1261 3267 ὶσπουδοὶ·

234 3318 330 3352 nt·
358 3298 429 3351 G.

1352 2350 1452 2381 non
1469 2334 1735 2399 populatio
1739 2334 1864 2401 ficit.
1886 2329 1971 2385 Sic
1991 2327 2190 2383 editum
2209 2331 2262 2384 in
2281 2329 2368 2387 ed.

1352 2428 1438 2481 pr.
1457 2409 1697 2464 Gesneri.
1712 2410 2041 2465 schwartius
2061 2412 2267 2463 monuit
2283 2449 2299 2475 ,
2328 2410 2372 2463 si

1353 2493 1588 2541 transitus
1607 2502 1725 2562 post
1747 2506 1912 2543 tamen
1931 2508 2041 2543 non
2071 2501 2370 2563 repetatur,

1354 2568 1623 2640 elegantiae
1643 2569 1846 2643 aliquid
1863 2567 2138 2623 decedere.
2154 2570 2273 2623 Imo
2285 2568 2374 2623 de-

1350 2646 1501 2700 beret
1531 2668 1643 2702 esse
1677 2652 1780 2701 illa.
1813 2650 1907 2702 Est
1935 2661 2112 2703 autem
2142 2653 2373 2701 transitus

1352 2746 1452 2799 per
1491 2746 1722 2781 errorem
1769 2748 2052 2801 operarum
2093 2729 2320 2783 omissus
2356 2746 2370 2781 :

1350 2824 1452 2860 uec
1497 2806 1554 2859 id
1590 2809 1959 2862 animadvertit
1985 2810 2274 2863 Gesnerus.
2306 2810 2374 2861 In

1352 2884 1584 2940 editione
1601 2888 1764 2941 alte'ra
1779 2888 1891 2941 sine
1905 2888 2046 2943 notis
2058 2902 2137 2942 est
2149 2891 2374 2942 verbum

1352 2964 1456 3017 hoe
1495 2966 1795 3020 restitutum
1834 2988 1865 3022 a
1905 2967 2166 3023 Gesner-o.
2205 2970 2370 3022 Porro

1352 3062 1476 3096 mox
1509 3062 1689 3114 :quum
1701 3051 1904 3099 abactas
1918 3050 2160 3115 hospitum
2180 3066 2376 3099 exerce·

1354 3140 1430 3176 ret
1442 3162 1459 3189 ,
1485 3124 1768 3196 legendum
1793 3139 1872 3181 est
1891 3166 1906 3192 ,
1935 3142 2264 3187 exerceretur,
2289 3126 2376 3179 vel

1356 3222 1696 3259 exercerentur
1715 3228 1737 3269 ‚-
1774 3226 1900 3260 nam
1944 3218 1997 3262 et
2039 3206 2246 3279 passiva
2295 3225 2375 3259 se·

1356 3298 1594 3357 quuntur
1611 3306 1622 3338 :
1644 3289 1928 3358 omniaque
1945 3286 2128 3339 dextra
2141 3286 2376 3357 levaque

308 3368 363 3419 3.
404 3369 494 3417 Ad
534 3367 778 3417 exercitus
819 3366 906 3415 ire.
942 3360 1051 3414 Ubi
1095 3362 1259 3414 futuri
1348 3382 1556 3435 perusta
1575 3382 1624 3418 ec
1640 3371 1846 3429 attrita,
1873 3382 1928 3419 ue
1941 3370 2001 3427 si,
2023 3376 2122 3419 etc.
2143 3365 2282 3417 Em«.
2306 3394 2378 3405 —

240 3445 490 3517 cogitatio
507 3481 523 3508 ‚
548 3453 833 3516 apparatus
844 3441 1155 3506 necessarii,
1170 3442 1277 3494 ho·-

240 3524 411 3577 mines
426 3524 587 3577 etiam
606 3542 716 3575 non
736 3520 896 3573 nimis
912 3532 1263 3593 temperantes

242 3604 515 3657 continere
531 3614 585 3655 et
604 3600 911 3655 moderatos
940 3602 1114 3653 facere
1140 3618 1261 3672 pos-

244 3695 382 3735 sunt.
421 3686 565 3733 Brevi
581 3684 791 3751 futurus
828 3687 1131 3749 Imperator,
1168 3680 1261 3753 qui

240 3780 361 3814 mox
407 3762 567 3815 rebus
610 3762 746 3813 bene
783 3759 1029 3832 gerendis
1066 3776 1260 3818 nomen

241 3840 343 3895 boc
369 3852 739 3912 consequetur.
760 3838 831 3891 G.

313 3924 368 3982 4.
408 3924 462 3971 Si
484 3936 649 3971 tamen
674 3922 907 3971 transitus
932 3922 1029 3970 ille.
1064 3917 1261 3971 Addidi

243 4004 500 4060 transitus,
530 3998 679 4070 quod
705 3999 759 4050 in
785 3998 1111 4052 Gesner-iana
1134 3998 1261 4052 dee-

244 4078 485 4131 rat.Vid.
506 4080 559 4131 J.
578 4080 645 4133 A.
660 4078 960 4131 Ernestium
978 4078 1047 4131 ad
1064 4080 1120 4132 h.
1148 4080 1185 4131 1.
1206 4082 1259 4133 S.

244 4186 313 4197 -·
350 4160 591 4225 Principis
614 4161 845 4209 transitus
867 4166 893 4207 9
924 4162 969 4209 si
998 4173 1161 4209 tamen
1181 4163 1261 4211 illc

1358 3448 1580 3497 Abactm
1597 3448 1854 3515 hospitum.
1875 3446 2080 3498 Nomen
2105 3442 2286 3497 nescio
2308 3461 2376 3497 an

1360 3525 1494 3578 alias
1530 3525 1754 3595 legatur.
1787 3527 2035 3594 Abigendi
2057 3524 2278 3575 verbum
2298 3560 2315 3586 ,
2343 3540 2376 3574 a

1358 3620 1466 3675 quo
1491 3606 1656 3673 abigei
1672 3615 1723 3655 et
1739 3608 1998 3655 abactores
2015 3601 2289 3665 dicuntur,
2307 3599 2376 3655 ad

1358 3700 1608 3753 pecorum
1647 3680 1914 3752 plurium,
1947 3682 2213 3752 totiusque
2241 3680 2378 3734 adeo

1360 3762 1532 3832 gregis
1558 3802 1572 3827 ,
1613 3761 1814 3813 furtum
1857 3760 2118 3831 pertinere
2135 3797 2153 3821 ,
2190 3773 2378 3812 notum

1358 3853 1457 3893 est.
1485 3839 1711 3893 Videtur
1751 3840 1930 3912 itaque
1965 3846 2164 3893 abactas
2201 3839 2380 3894 dicere

1356 3919 1504 3973 illam
1533 3923 1950 3972 whicedacionum
1981 3934 2032 3974 et
2057 3924 2378 3991 angariarum

1360 4000 1688 4053 exactionem
1736 4000 2170 4072 intemperantem
2205 4039 2221 4064 ,
2272 4018 2378 4071 qua

1360 4098 1543 4151 greges
1550 4080 1906 4149 jumentorum
1923 4082 2259 4151 abigerentur
2269 4078 2380 4129 hos-

1362 4159 1578 4231 pitibus.
1605 4158 1690 4211 Sic
1717 4159 2066 4230 respondeant
2087 4161 2194 4212 haec
2218 4156 2381 4210 verba
