2857 4690
517 324 607 394 70
1144 306 1222 371 e.
1276 263 1620 370 PL1N11
1668 302 1862 370 Lm.
1911 303 2053 369 lx.

514 513 543 529 Q
548 511 1425 535 ”mmmmtfflufi

1289 931 1445 1005 Quid
1475 932 1535 989 in
1567 931 1706 990 villa
1737 944 1881 1009 agat.

1890 1115 1920 1148 q:

954 1139 1011 1185 C.
1066 1140 1421 1186 PLINIUS
1472 1139 1858 1186 FALCONI·
1973 1139 2130 1187 SUO
2182 1140 2231 1188 S.

622 1321 1131 1389 Rerum-:EAM
1168 1317 1238 1386 in
1257 1319 1538 1405 Tuscos,
1565 1332 1640 1386 ut
1673 1317 1898 1386 omnia
1931 1317 2014 1386 ad
2043 1319 2398 1390 arbitrium
2437 1343 2694 1389 meum

530 1430 819 1498 facerem
848 1455 863 1496 ε
898 1444 966 1496 at
1006 1428 1133 1498 hoc
1171 1453 1255 1496 ne
1291 1430 1361 1495 in
1398 1429 1634 1496 Tuscis
1671 1427 1942 1522 quidem
1978 1454 1993 1496 ε
2026 1441 2162 1498 tam
2202 1428 2431 1499 multis
2461 1429 2692 1498 undi-

530 1565 661 1634 que
690 1540 1091 1609 rusticorum
1140 1538 1411 1624 libellis,
1440 1554 1506 1607 et
1545 1553 1682 1606 tam
1719 1538 2042 1632 queruliS‚
2083 1541 2459 1634 inquietor3
2497 1565 2690 1635 quos

529 1647 869 1744 aliquanto
905 1650 1116 1742 magis
1152 1650 1432 1736 invitus,
1469 1673 1671 1744 quam
1705 1673 1922 1736 meos,
1961 1635 2144 1745 lego‘:
2187 1675 2342 1719 nam
2379 1665 2446 1719 et
2483 1677 2692 1721 meos

464 1795 493 1828 2
528 1760 799 1828 invitus,
842 1763 1161 1828 Retracto
1198 1759 1379 1826 enim
1414 1758 1826 1828 actiunculas
1863 1759 2183 1853 quasdam
2203 1785 2236 1848 ;.
2261 1759 2478 1855 quod,
2517 1777 2691 1856 post

530 1870 1098 1964 intercapedinem
1156 1871 1511 1965 temporis,
1558 1885 1626 1938 et
1677 1869 1993 1965 frigidum
2053 1885 2122 1938 et
2171 1869 2487 1938 acerbum
2549 1885 2688 1939 est.

464 1996 495 2049 3
531 1981 889 2064 RationeS‚
934 1980 1120 2075 quasi
1158 1979 1434 2050 absente
1477 2005 1623 2067 me,
1661 1980 2114 2075 negliguntur.
2171 1967 2522 2050 Interdum
2577 1998 2688 2050 ta-

530 2116 686 2160 men
717 2117 965 2187 equum
998 2090 1409 2175 conscendo,
1443 2106 1512 2158 et
1545 2106 1804 2184 patrem
1840 2091 2104 2161 familiae
2139 2092 2462 2160 hactenus
2500 2117 2682 2185 ago,

536 2201 716 2297 quod
769 2200 1058 2294 aliquam
1110 2215 1369 2295 partem
1431 2201 1833 2292 praediorum
1855 2253 1874 2286 ‚
1923 2201 2038 2270 sed
2092 2226 2216 2296 pro
2267 2202 2689 2296 gestatione,

537 2335 878 2406 percurro,
920 2315 1025 2379 Tu
1070 2309 1622 2379 consuetudinem
1661 2335 1883 2399 serva,
1916 2311 2240 2407 nobisque
2273 2312 2368 2380 sic
2407 2313 2690 2384 rusticis

538 2422 797 2490 urbana
834 2434 981 2488 acta
1028 2422 1387 2514 perscribe.
1419 2420 1604 2491 Vale.

610 2620 731 2673 XV.
752 2620 778 2648 *
802 2620 878 2671 De
898 2624 1139 2681 Falcone,
1158 2620 1269 2672 vid.
1294 2618 1362 2673 ad
1380 2620 1405 2671 1
1425 2663 1441 2688 ,
1469 2639 1556 2692 ep.
1655 2640 1828 2693 neque
1845 2640 2075 2693 praesens
2089 2622 2300 2697 inspicit
2313 2622 2513 2676 Plinius
2532 2618 2692 2677 libel-

547 2702 632 2754 23.
653 2700 756 2754 En.
1257 2700 1271 2721 ¹
1655 2700 1718 2753 lis
1741 2701 1991 2753 nimirum
2017 2700 2318 2754 orationum
2340 2720 2558 2755 suarum
2575 2722 2692 2757 ma·

612 2800 667 2833 a.
688 2784 939 2851 Frffdum
956 2796 1006 2831 ec
1022 2784 1270 2855 acerbum.⁹
1284 2782 1556 2847 Frigidmn,
1657 2781 1734 2851 gis
1773 2800 1934 2852 quam
1973 2782 2240 2835 rationum
2281 2782 2532 2835 intentus.
2583 2788 2694 2834 Ra·-

543 2878 710 2933 quum
744 2862 971 2933 impetus
1014 2858 1101 2913 ille
1139 2872 1191 2912 et
1228 2859 1389 2913 ardor
1404 2898 1419 2922 ,
1469 2860 1564 2932 qui
1659 2852 1997 2913 tiocinationes
2032 2861 2250 2933 quidam
2293 2862 2472 2935 legunt
2487 2902 2504 2928 ,
2547 2882 2692 2935 quos

544 2952 784 3011 agentem
817 2952 909 2992 aut
940 2958 1063 2992 mox
1099 2940 1168 2993 ab
1197 2940 1402 2992 actione
1435 2940 1563 2994 seri·
1657 2941 1888 2994 refutant
1917 2942 2034 2994 libri
2062 2941 2280 3013 optimi,
2305 2954 2354 2994 et
2377 2942 2490 3013 ipse
2514 2940 2692 2996 Medi-

542 3021 755 3073 beatem
774 3021 1132 3093 prosequitur,
1150 3021 1260 3091 jam
1278 3018 1561 3073 reseda-it:
1661 3038 1804 3073 cem.
1823 3021 1893 3073 G.

546 3105 799 3161 acerbum,
828 3117 999 3171 quum
1022 3118 1116 3151 sua
1136 3100 1313 3153 vineta
1335 3099 1564 3164 caedere,
1736 3102 1788 3154 3.
1823 3104 1922 3151 Sed
1941 3121 2036 3168 pro
2076 3107 2364 3170 gestatione.
2411 3101 2530 3153 Hoc
2571 3116 2656 3155 est
2673 3140 2690 3165 ,

547 3198 715 3251 eaque
729 3218 745 3243 ,
774 3197 890 3251 quae
912 3178 1226 3232 inventionis
1252 3180 1396 3231 calor
1422 3198 1567 3232 com-
1663 3200 1772 3232 non
1792 3199 1855 3232 eo
1878 3180 2096 3233 consilio
2113 3219 2129 3245 ‚
2151 3193 2211 3233 ut
2227 3194 2430 3253 patrem
2456 3180 2694 3235 familias

547 3260 884 3314 mendaverat
904 3301 921 3326 ,
984 3257 1337 3312 condemnare
1407 3258 1565 3329 coga'-
1664 3278 1819 3329 agam
1840 3297 1855 3322 ,
1882 3272 1940 3311 ut
1961 3298 1975 3322 ,
2001 3260 2132 3331 quid
2159 3272 2319 3331 agant
2347 3260 2452 3312 mei
2471 3298 2485 3322 ,
2519 3260 2691 3332 inspi-

548 3349 655 3391 tur.
682 3339 751 3392 G.
1664 3339 1801 3391 ciam
1831 3356 1845 3390 :
1876 3337 1966 3391 sed
2015 3330 2263 3393 movendi
2307 3340 2397 3392 ina
2439 3342 2690 3409 gestatio-

618 3448 689 3459 -—-
714 3423 960 3471 Rationes.
1002 3418 1353 3488 Acceptorum
1398 3430 1450 3470 et
1483 3436 1568 3470 ex·
1663 3436 1732 3472 ne
1759 3419 1992 3491 corporis
2013 3458 2028 3482 ,
2067 3419 2488 3491 valetudinisque
2511 3417 2654 3473 adeo
2676 3458 2691 3483 ,

552 3515 836 3566 pensorum
854 3537 870 3563 ,
898 3517 1031 3570 quas
1050 3496 1208 3551 villici
1226 3499 1434 3552 curant.
1458 3498 1568 3550 Has
1666 3516 1869 3552 caussa.
1893 3496 1960 3551 G.
