2857 4690
449 358 589 440 224
1174 359 1741 428 ExcURsus
1795 311 1849 428 1'.

444 480 689 551 effusas
737 480 1154 550 audientium
1200 480 1431 550 laudes
1468 496 1832 577 spectaret,
1867 482 2221 560 molestum
2260 511 2422 556 sanc
2460 511 2599 556 au·-

441 589 668 659 diendi
685 589 990 660 officium
1009 614 1150 659 esse
1167 593 1399 685 coepit,
1421 591 1873 686 effectumque
1890 607 1993 662 est
2005 645 2024 679 ‚
2046 608 2125 664 ut
2148 595 2347 665 multi
2366 597 2598 666 multo

441 715 598 769 ante
617 701 837 794 rogati
863 699 1224 771 identidem
1248 701 1575 771 admoniti
1598 718 1716 772 aut
1740 727 1878 771 non
1900 705 2225 792 venirent,
2244 721 2385 793 aut,
2404 709 2461 777 si
2488 731 2600 776 ve-

440 812 1426 905 nirent,quererentur‚sediem
1444 811 2041 908 perdidisse‚I2Ep.
2072 839 2097 884 1
2115 814 2254 902 3,4;
2269 817 2591 886 nonnulli

439 924 640 992 etiam
657 977 677 1011 ‚
709 947 918 1017 quum
941 923 1143 992 mutis
1164 921 1516 1017 surdisque
1544 922 1789 992 similes
1819 923 2165 1012 sederent,
2188 925 2425 995 habitu
2460 951 2597 996 suo

438 1058 576 1129 prae
628 1059 696 1104 se
736 1033 1024 1121 ferrent,
1065 1047 1318 1128 quanta
1355 1057 1513 1102 cum
1550 1033 1756 1102 animi
1796 1033 2199 1128 aegritudine
2232 1036 2542 1106 adessent
2562 1091 2591 1124 ‚

436 1145 569 1226 VI,
588 1146 734 1238 Ep.
793 1166 898 1239 17.
939 1141 1134 1213 Adde
1176 1157 1244 1211 et
1286 1143 1451 1230 hoc,
1492 1142 1677 1237 quod
1700 1142 2017 1213 audiendi
2066 1146 2357 1214 intentio
2384 1169 2589 1216 scur-

437 1251 675 1322 rilibus
711 1253 911 1322 rebus
945 1252 1232 1322 subinde
1271 1252 1695 1322 turbabatur.
1736 1257 1889 1348 Ipse
1928 1254 2285 1325 Javolenus
2313 1257 2589 1328 Priscus

437 1388 576 1431 non
610 1363 976 1449 dubitavit3
1012 1363 1327 1432 Passieno
1375 1360 1611 1432 Paullo
1658 1360 1950 1456 legente,
1984 1364 2349 1435 cachinnos
2390 1366 2584 1436 exci-

429 1487 617 1560 tare,
667 1477 802 1561 VI,
851 1476 978 1568 Ep.
1027 1498 1052 1543 1
1071 1470 1132 1543 5.
1175 1472 1461 1544 Claudio
1497 1475 1760 1543 Caesare
1800 1473 2161 1568 aliquando
2200 1477 2529 1548 recitante
2558 1533 2581 1566 ‚

439 1583 751 1654 defractis
781 1583 1243 1679 compluribus
1275 1581 1603 1682 subselliis
1638 1583 1961 1654 obesitate
1987 1585 2335 1678 cujusdam
2354 1639 2374 1672 ,
2402 1589 2581 1658 risus

437 1710 506 1765 et
519 1695 848 1768 tumultus
871 1711 1060 1766 ortus
1095 1709 1216 1764 est.
1246 1693 1573 1766 Claudius
1602 1719 1759 1764 vero
1778 1721 1989 1790 quum
2016 1696 2191 1766 inter
2216 1695 2579 1793 legendum

435 1806 593 1877 facti
648 1807 892 1901 passim
946 1806 1522 1892 reminisceretur,
1566 1807 1931 1876 cachinnos
1982 1811 2356 1896 revocavit,
2404 1806 2579 1880 Sue-

437 1931 580 1986 ton.
632 1915 868 1986 Claud.
917 1918 996 2001 41
1015 1970 1029 1986 .
1073 1917 1254 1986 Hinc
1295 1919 1545 1988 Noster
1591 1919 1877 1988 sollicite
1924 1925 2311 1989 recitaturis
2325 1929 2577 2016 provi-

437 2025 736 2098 dendum
791 2051 930 2096 esse
966 2032 1108 2114 ait,
1149 2051 1288 2096 non
1345 2028 1567 2096 solum
1618 2041 1695 2096 ut
1730 2033 1875 2098 sint
1914 2034 2050 2125 ipsi
2084 2036 2249 2099 sani
2259 2082 2280 2115 ‚
2326 2053 2581 2102 verum

433 2145 644 2210 ete'atvn
685 2155 762 2207 ut
803 2162 1022 2208 sanos
1059 2137 1449 2208 adhibeant.
1506 2138 1745 2231 Neque
1794 2140 2142 2232 Epictetus
2185 2139 2397 2208 Ench.
2442 2138 2541 2214 33
2560 2195 2584 2226 ‚

445 2271 472 2316 1
497 2270 522 2315 1
563 2245 908 2340 indignam
942 2243 1265 2337 judicavit
1296 2242 1478 2312 illam
1506 2269 1686 2330 rem,
1715 2243 1799 2312 de
1828 2269 1960 2338 qua
2004 2246 2429 2340 praeciperet:
2462 2249 2578 2329 Εἰς

433 2370 786 2465 ἀκροάσεις,
824 2363 1077 2459 inquit,
1111 2370 1291 2432 τινῶν
1321 2366 1406 2453 μὴ
1446 2363 1575 2451 εἰκῇ
1612 2352 1773 2451 μηδὲ
1810 2354 2034 2450 ῥᾳδίως
2062 2360 2289 2449 πάριθι.
2320 2358 2575 2447 Παριὼν

433 2470 506 2547 δὲ
525 2532 544 2557 ,
599 2482 674 2547 τὸ
710 2482 926 2571 σεμνὸν
990 2472 1093 2544 καὶ
1147 2474 1464 2555 εὐσταθὲς,
1526 2476 1629 2542 καὶ
1673 2478 1806 2565 ἅμα
1855 2476 2227 2568 ἀνεπαχθὲς,
2275 2478 2572 2568 φύλασσε.

433 2585 976 2659 Recitationibus
1010 2583 1497 2652 nonnullorum
1542 2608 1626 2651 ne
1670 2600 1943 2669 teme-te,
1986 2608 2154 2655 neve
2180 2584 2411 2677 facile.
2458 2592 2573 2653 in-

431 2706 652 2769 tersis.
681 2697 822 2767 Ubi
829 2710 1051 2766 autem
1065 2699 1428 2764 accesseris
1444 2745 1463 2779 ‚
1494 2715 1832 2763 memento
1838 2700 2255 2787 gravitatem
2272 2716 2365 2764 ac
2396 2718 2573 2764 con-

427 2816 756 2880 stantiam
799 2829 1073 2878 servare
1086 2856 1108 2889 ,
1153 2805 1369 2903 simul
1405 2822 1645 2876 caveto
1660 2860 1680 2890 ‚
1736 2830 1822 2875 ne
1866 2812 2187 2899 cuiquam
2239 2806 2571 2877 molestus

426 2925 546 2991 sis.
603 2918 714 2988 Ad
774 2917 950 2985 viros
1013 2915 1307 3009 insignes
1358 2929 1583 2984 autem
1644 2915 2006 2986 audiendos
2056 2916 2440 3011 frequenter
2496 2932 2575 2987 et

428 3030 712 3101 libenter
770 3028 1031 3098 invitati
1083 3026 1528 3097 confluebant.
1579 3028 1831 3097 Nostro
1879 3027 2151 3122 quidem
2194 3028 2568 3121 Panegyri-

425 3168 584 3213 cum
609 3140 916 3211 recitanti
943 3164 1066 3234 per
1089 3137 1388 3208 triduum
1417 3138 1649 3222 amici,
1676 3134 2056 3207 foedissimis
2083 3139 2357 3232 insuper
2382 3150 2567 3205 tem-

427 3252 830 3349 pestatibuS‚
864 3249 1179 3335 aderant,
1216 3252 1352 3335 ΙΠ,
1387 3253 1509 3345 Ep.
1563 3248 1670 3334 18,
1704 3252 1770 3335 4.

522 3366 630 3437 Ab
673 3364 868 3433 initio
897 3367 1208 3431 carmina
1243 3362 1314 3429 in
1350 3361 1589 3456 primis
1626 3375 1693 3431 et
1734 3360 2052 3431 histor-ite
2088 3360 2567 3430 recitari‘sole-

424 3474 590 3545 bant
613 3526 633 3560 ‚
693 3496 1104 3567 quamquam
1173 3470 1513 3542 interdum
1580 3486 1648 3541 et
1709 3478 2058 3541 orationes·
2124 3486 2193 3541 et
2244 3470 2525 3567 dialogi
2541 3527 2567 3559 ‚

423 3588 702 3656 Sueten.
752 3587 927 3679 Aug.
980 3582 1092 3680 89.
1146 3582 1277 3652 Sed
1323 3589 1675 3653 orationes
1724 3606 1882 3651 mox
1930 3606 2011 3651 ex
2054 3580 2317 3675 horum·
2342 3579 2562 3651 libro-

424 3722 574 3767 rum
611 3720 891 3766 numero
927 3708 1246 3787 exemptae
1285 3692 1487 3762 fuisse
1529 3690 1864 3781 videntur,
1909 3692 2066 3785 quia
2105 3692 2403 3786 ineptum
2452 3690 2561 3759 vi-

421 3806 706 3877 debatur
764 3804 1032 3876 recitari
1086 3806 1352 3899 paucis,
1421 3827 1571 3897 quae
1626 3804 1778 3896 quis
1825 3804 1965 3897 jam
2024 3825 2251 3871 coram
2306 3824 2561 3895 magna

419 3918 770 3988 hominum
799 3938 1056 3988 corona
1087 3914 1389 3999 dixisset3
1415 3928 1563 3983 tum
1590 3914 1751 4006 quia
1783 3914 1959 3983 inter
1986 3910 2341 4008 legendum
2375 3935 2563 4005 prae-

417 4029 615 4125 cipua
655 4026 936 4097 actionis
975 4024 1362 4118 adjumenta
1403 4021 2021 4119 praepediebantur3
2062 4022 2350 4117 denique
2391 4024 2563 4116 quia

416 4138 500 4209 ab
542 4139 876 4210 auditorio
919 4136 1232 4222 aberant,
1279 4158 1424 4227 quae
1476 4134 1547 4203 in
1587 4133 1843 4227 judicio
1886 4132 1989 4231 vel
2034 4134 2321 4203 maxime
2358 4157 2557 4203 com-
