2857 4690
826 373 1357 444 EPI-STOLA
1406 372 1710 442 xv111.
2249 366 2340 462 73

206 501 571 584 recubant,
607 523 809 593 quam
850 513 927 567 tu
964 501 1085 568 ista
1115 499 1235 594 (sic
1263 499 1442 567 enim
1477 492 1799 590 appellas)
1841 493 2144 588 prodigia
2182 518 2341 589 per-

206 635 432 702 pessus
480 608 595 677 es?
632 611 887 678 Demus
919 609 1124 704 igitur
1167 609 1396 678 alienis
1440 605 1998 677 oblectationibus
2047 605 2341 692 veniam,
2378 605 2410 663 4

210 735 279 788 ut
314 721 571 789 nostris
605 721 1064 814 impetremus.
1089 719 1279 790 Vale.

204 945 289 964 m
764 944 2318 967 mmmmmmmmmmmmmm

1092 1136 1452 1223 XVIII.

210 1348 581 1420 Desidet-anti
608 1360 836 1420 libellos
866 1380 1001 1420 suos
1026 1362 1345 1440 promittit,
1373 1361 1476 1419 sed
1509 1381 1615 1438 per
1643 1373 1870 1438 partes,
1897 1381 1970 1418 ne
2005 1363 2341 1419 memoriam

1169 1458 1378 1517 turbet.

706 1667 769 1713 C.
824 1668 1179 1715 PLINIUS
1230 1669 1548 1715 SABINO
1600 1663 1755 1715 SUO
1807 1671 1862 1714 S.

300 1844 489 1933 QUA
544 1845 955 1927 intentione,
1000 1869 1136 1938 quo
1180 1843 1438 1930 studi0,
1479 1868 1612 1938 qua
1661 1844 1948 1939 denique
1989 1849 2342 1934 memoria,

216 1952 443 2050 legeris
494 1954 753 2024 libellos
804 1978 1016 2037 meos,
1069 1953 1345 2048 epistola
1401 1970 1518 2022 tua
1567 1954 1878 2023 ostendit.
1937 1959 2086 2049 Ipse
2138 1958 2344 2049 igitur

213 2067 473 2136 exbiboe
501 2061 851 2162 n‘egotium
890 2066 1047 2152 tibi,
1085 2067 1202 2160 qui
1242 2065 1423 2134 elicis
1462 2080 1530 2134 et
1562 2066 1836 2149 invitaS‚
1873 2081 1949 2134 ut
1987 2066 2342 2161 quamplu-

220 2176 377 2246 rima
395 2177 894 2247 communicare
910 2191 1133 2246 tecum
1154 2175 1371 2244 velim.
1390 2178 1658 2245 Faciam
1674 2202 1694 2266 ς
1712 2200 1833 2271 per
1851 2190 2072 2270 partes
2090 2190 2343 2264 tamen,
2382 2186 2409 2220 ²

214 2301 275 2355 et
306 2291 494 2383 quasi
534 2287 823 2383 digesta,
860 2313 944 2357 ne
991 2287 1183 2357 istam
1220 2287 1435 2382 ipsam
1478 2289 1904 2372 memoriam,
1941 2288 2051 2357 cui
2097 2288 2344 2383 gratias

214 2420 363 2493 ago,
406 2399 795 2469 assiduitate
835 2412 903 2469 et
929 2400 1123 2493 copia
1152 2398 1455 2487 turbem,
1494 2416 2012 2495 oneratamque,
2049 2416 2117 2469 et
2152 2400 2344 2494 quasi

216 2532 593 2603 oppressam
612 2562 631 2597 ‚
662 2534 897 2603 cogam
936 2508 1240 2604 pluribus
1266 2509 1530 2605 singula
1551 2566 1570 2599 ‚
1606 2510 2085 2605 posterioribus
2118 2512 2344 2605 priora

219 2616 567 2692 dimittere.
592 2618 777 2689 Vale.

278 2822 477 2876 XVIII.
505 2844 557 2876 2.
585 2826 677 2874 Cui
686 2826 882 2892 gratias
899 2843 1015 2893 ago.
1036 2822 1232 2875 Genui·

220 2918 279 2953 na
310 2902 419 2957 haec
454 2914 600 2955 sunt.
644 2904 949 2973 Pergratum
989 2904 1231 2957 Secundo

220 2980 399 3035 fecerat
415 2983 681 3047 Sabinus,
706 2983 801 3054 qui
818 2993 965 3035 tanta
987 2981 1232 3034 intentio-

220 3078 307 3125 ne,
332 3074 480 3116 tauto
500 3061 710 3125 studio,
735 3076 879 3112 tanta
906 3064 1115 3129 denique
1134 3080 1233 3112 me-

224 3145 363 3192 moria
400 3140 487 3209 (id
521 3142 751 3194 maxime
784 3140 1028 3212 placebat
1059 3140 1231 3193 Plinio

224 3216 384 3273 laudis
406 3217 747 3283 avidissimo,
762 3218 929 3273 edisci
944 3238 1040 3272 sua
1056 3220 1233 3293 legen-

220 3296 341 3352 tibus
386 3298 675 3371 glorianti)
704 3298 843 3352 illius
866 3298 1073 3353 libello·
1104 3320 1231 3353 con-

223 3377 447 3433 trivisset.
486 3380 791 3432 Debebatur
821 3380 979 3451 igitur
1006 3381 1171 3452 gratia
1200 3400 1231 3433 a

222 3454 373 3512 Plinio
396 3460 579 3513 sabini
604 3460 891 3511 memoriae.
916 3460 970 3511 S.
991 3463 1231 3510 —PIm-i·

224 3538 309 3588 bus.
335 3578 348 3588 .
372 3542 655 3591 .dae’me‘etere.
685 3539 950 3593 Posterius
973 3538 1107 3592 lecta
1146 3560 1231 3593 ur-

222 3630 329 3685 gent
348 3620 502 3691 quasi
529 3630 581 3672 et
607 3631 858 3691 premunt
886 3620 1191 3671 memoriam
1212 3659 1226 3684 ,

224 3710 547 3769 coguntque,
594 3710 653 3750 ut
693 3700 982 3770 posteriora
1017 3710 1194 3751 teneat
1212 3738 1227 3762 ,

222 3776 383 3843 priora
433 3776 718 3831 dimittere.
760 3779 1087 3850 Imaginatur
1126 3798 1230 3831 me-

224 3857 431 3911 moriam
466 3868 525 3909 ut
557 3874 772 3910 manum
795 3896 809 3920 ‚
852 3870 910 3910 ut
950 3876 1041 3912 vas
1062 3898 1075 3922 ,
1112 3876 1228 3930 quae

1324 2824 1468 2875 ultra
1481 2835 1680 2876 certum
1695 2822 1857 2876 finem
1873 2824 2053 2877 oblata
2071 2823 2152 2876 vel
2172 2824 2348 2877 infusa

1328 2920 1519 2975 capere
1535 2941 1550 2966 ,
1571 2922 1634 2956 ac
1665 2915 1844 2958 tenere
1882 2916 2064 2975 capta,
2091 2922 2198 2956 non
2231 2924 2347 2977 pos-

1326 2994 1470 3035 sunt.
1501 2982 1604 3037 Sed
1636 2996 1758 3036 sunt
1783 2982 1982 3037 scilicet
2011 2984 2211 3037 Briarei
2236 2986 2350 3056 qui-

1328 3060 1454 3115 dam
1510 3064 1795 3116 centimani
1816 3102 1832 3127 ,
1889 3075 2013 3118 sunt
2062 3061 2306 3115 Semelae
2329 3101 2345 3127 ,

1330 3154 1452 3194 sunt
1471 3139 1610 3194 dolia
1635 3156 1844 3215 pertusa
1860 3182 1876 3208 ,
1905 3155 2029 3195 sunt
2055 3141 2260 3196 oceani.
2281 3142 2347 3194 In

1328 3221 1488 3273 verbo
1515 3225 1755 3274 dimittere
1774 3234 2149 3296 praeceptorem
2175 3220 2349 3275 imita-

1327 3312 1411 3354 tus
1431 3321 1542 3354 esse
1568 3300 1730 3355 videri
1757 3314 1946 3374 potest.
1971 3302 2058 3355 Sic
2080 3300 2224 3353 enim
2251 3300 2348 3353 Fa-

1326 3380 1444 3433 bius
1464 3419 1479 3444 ,
1521 3382 1629 3445 xl,
1683 3402 1708 3434 2
1729 3420 1743 3439 .
1794 3400 1848 3449 9.
1902 3381 2156 3433 «Invenio
2203 3378 2346 3451 apud

1324 3460 1597 3514 Platonem
1618 3499 1633 3523 ,
1662 3462 1868 3513 obstare
1903 3460 2164 3512 memorioe
2191 3478 2348 3512 usum

1326 3540 1597 3594 literarum
1621 3555 1634 3590 :
1661 3538 1906 3591 videlicet
1925 3537 2070 3611 quod
2088 3538 2178 3591 illa
2193 3578 2208 3603 ,
2227 3556 2348 3611 quo

1329 3620 1531 3691 scriptis
1544 3619 1875 3691 reposuimus
1892 3660 1906 3685 ,
1923 3620 2065 3672 velut
2079 3618 2348 3675 custodire

1328 3698 1616 3752 desinimus
1637 3737 1654 3762 ,
1700 3709 1751 3750 et
1791 3698 1902 3769 ipsa
1949 3699 2224 3752 securitate
2267 3698 2346 3753 di-

1326 3780 1604 3833 mittimus.
1627 3777 1766 3831 Vide
1801 3779 2083 3845 Senecam‚
2125 3799 2210 3852 ep.
2239 3785 2304 3844 84
2327 3817 2344 3842 ,

1326 3877 1447 3931 pag.
1479 3861 1565 3911 61.
1595 3858 1662 3913 G.
