2857 4690
594 369 689 440 68
1213 369 1286 435 C.
1339 369 1682 437 PLINII
1732 369 1924 436 LIB.
1976 368 2108 436 IX.

596 493 1040 562 tribunorum.
1058 519 1093 554 >³
1116 493 1203 558 Et
1230 491 1454 558 statim
1487 493 1775 560 Murena
1809 489 2118 558 tribunus
2141 515 2155 557 :
2177 489 2549 558 «Permitto
2579 492 2748 573 tibi,

592 603 696 670 vir
732 599 1097 670 clarissime
1122 600 1448 682 Veiento,
1473 599 1760 668 dicere.»
1781 601 1975 668 Tunc
2006 623 2275 693 quoque
2303 598 2742 670 reclamatur.

492 741 558 776 ιο
593 717 779 782 Inter
818 735 1039 780 moras
1090 708 1359 797 consul,
1394 710 1610 778 citatis
1653 709 2036 778 nominibus
2068 724 2137 776 et
2179 724 2448 801 peracta
2485 710 2742 778 disces-

593 823 813 905 sione,
842 821 1050 890 mittit
1077 836 1385 888 senatum
1409 846 1421 886 ε
1444 844 1522 888 ac
1551 845 1734 913 paene
1761 820 1982 888 adhuc
2013 833 2298 887 stantem
2323 833 2740 889 tentantem-

592 959 724 1026 que
763 932 981 1000 dicere
1002 933 1440 1002 Veientonem
1479 929 1818 1024 relinquit.
1855 928 2149 999 Multum
2181 928 2290 997 ille
2318 929 2400 998 de
2437 930 2570 998 hac
2605 929 2738 1023 (ita

591 1043 955 1139 vocitabat)
996 1041 1398 1110 contumelia
1439 1056 1714 1135 questus
1751 1055 1850 1109 est
1883 1039 2224 1108 homerico
2267 1063 2462 1108 versu
2493 1066 2508 1106 τ

849 1179 911 1270 5⁷2
941 1205 1151 1298 γέρον,
1185 1200 1222 1275 ἦ
1260 1202 1432 1294 μάλα
1469 1193 1554 1276 δή
1594 1227 1660 1268 σε
1695 1203 1816 1270 νέοι
1853 1199 2114 1294 τείρουσι
2153 1199 2456 1292 μαχηταί.

487 1376 547 1412 ²1
587 1355 743 1422 Non
787 1351 926 1418 fere
965 1352 1317 1444 quisquam
1354 1351 1425 1418 in
1465 1364 1700 1418 senatu
1739 1347 1900 1434 fuit,
1940 1350 2056 1441 qui
2093 1373 2232 1416 non
2269 1373 2376 1416 me
2411 1347 2726 1442 comple-

588 1474 917 1546 cteretur,
978 1459 1510 1545 exoscularetur,
1566 1459 2002 1552 certatimque
2062 1457 2254 1526 laude
2315 1457 2730 1542 cumularet,

588 1571 772 1667 quod
801 1572 1249 1639 intermissum
1276 1568 1531 1638 tamdiu
1559 1595 1820 1656 ‘morem
1842 1571 1908 1636 in
1929 1567 2270 1662 publicum
2301 1567 2733 1652 consulendi,

589 1683 913 1776 susceptis
954 1683 1244 1775 propriis
1289 1679 1784 1760 simultatibuS,
1834 1679 2239 1748 reduxissem
2275 1706 2291 1747 ε
2325 1679 2510 1773 quod
2545 1679 2732 1747 deni-

587 1819 720 1888 que
758 1807 1061 1861 senatum
1109 1791 1353 1859 invidia
1398 1790 1818 1877 liberassem,
1853 1817 1984 1884 qua
2030 1789 2356 1884 flagrabat
2391 1787 2574 1882 apud
2617 1814 2726 1857 or·

590 1902 777 1971 dines
818 1901 1021 1983 alios,
1058 1901 1242 1994 quod
1300 1925 1567 1969 severus
1610 1902 1680 1968 in
1725 1915 2031 1987 caeterOS,
2077 1900 2501 1968 senatoribus
2537 1898 2737 1981 soliS,

485 2032 546 2066 ²2
587 2009 1114 2080 dissimulatione
1146 2011 1331 2104 quasi
1372 2025 1648 2094 mutua,
1685 2024 2010 2104 parceret.
2048 2013 2208 2078 Haec
2235 2023 2380 2078 acta
2422 2000 2582 2078 sunt
2613 2009 2725 2077 ab·

588 2137 774 2189 sente
830 2125 1055 2190 Certo.
1112 2119 1345 2187 Abfuit
1398 2121 1611 2207 enim,
1657 2144 1774 2189 seu
1826 2120 1954 2189 tale
2007 2119 2262 2212 aliquid
2311 2121 2724 2212 suspicatuS,

587 2235 752 2316 sive,
801 2249 877 2301 ut
922 2232 1392 2316 excusabatur,
1436 2231 1760 2300 infirmuS.
1792 2235 1876 2300 Et
1906 2230 2294 2299 relationem
2330 2229 2604 2322 quidem
2645 2229 2724 2297 de

586 2368 667 2411 eo
710 2344 943 2411 Caesar.
969 2340 1053 2410 ad
1098 2356 1401 2410 senatum
1435 2367 1570 2411 non
1607 2343 1896 2411 remisit:
1929 2342 2194 2410 obtinui
2233 2356 2495 2426 tamen,
2537 2340 2720 2435 quod

483 2458 547 2513 ²3
586 2452 1029 2521 intenderam.
1064 2454 1241 2521 Nam
1278 2451 1531 2546 collega
1559 2455 1744 2523 Certi
1779 2452 2200 2523 consulatum
2222 2506 2241 2538 ,
2272 2476 2720 2521 successorem

588 2567 829 2634 Certus
880 2562 1137 2656 accepit
1169 2588 1183 2631 :
1221 2560 1553 2657 planeque
1597 2564 1850 2633 factum
1896 2579 2032 2652 est,
2077 2562 2260 2657 quod
2309 2563 2608 2631 dixeram
2654 2565 2720 2631 in

586 2674 723 2741 fine
752 2698 765 2741 :
794 2672 1099 2741 «Reddat
1125 2675 1477 2766 praemium
1505 2676 1630 2742 sub
1657 2677 1916 2768 optimo
1943 2675 2282 2769 principe,
2312 2672 2494 2767 quod
2521 2699 2556 2740 a
2583 2698 2721 2767 pes·

585 2784 753 2850 simo
796 2784 1125 2877 accepit.»
1162 2786 1399 2853 Postea
1441 2786 1774 2853 actionem
1815 2810 2068 2872 meam,
2105 2800 2448 2877 utcunque
2490 2786 2717 2878 potui,

482 2900 547 2956 ²4
585 2891 934 2987 recollegi:
972 2892 1195 2959 addidi
1226 2892 1459 2987 multa.
1501 2894 1764 2963 Accidit
1803 2896 2160 2965 fortuitum
2201 2894 2344 2989 (sed
2389 2920 2530 2963 non
2569 2910 2718 2963 tan·

582 3028 784 3098 quam
834 3002 1215 3097 fortuitum)
1266 3004 1487 3098 quod,
1526 3004 1718 3073 editis
1765 3005 1988 3091 libris,
2029 3008 2271 3075 Certus
2320 3005 2500 3073 intra
2549 3030 2718 3099 pau-

667 3216 753 3250 20.
775 3176 825 3249 f)
846 3197 1001 3267 γέρον.
1030 3193 1185 3245 Iliad.
1206 3202 1251 3256 0,
1278 3212 1377 3245 102
1394 3232 1410 3257 ,
1443 3196 1601 3248 verba

582 3273 850 3328 Diomedis
873 3311 889 3336 ,
929 3272 1261 3325 admonentis
1290 3276 1563 3327 Nestorem
1583 3312 1599 3338 ,

580 3369 661 3421 ut,
676 3376 843 3427 quum
859 3374 1011 3407 senex
1032 3355 1146 3425 ipse
1160 3356 1316 3407 nimis
1334 3368 1600 3425 prematur

584 3454 615 3489 a
634 3435 914 3507 juvenibus
932 3474 946 3499 ‚
983 3434 1039 3486 in
1072 3453 1226 3487 suum
1246 3474 1263 3497 ,
1296 3435 1562 3487 Diomedis
1581 3476 1596 3501 ,

580 3534 797 3568 currum
855 3525 1108 3567 transeat.
1174 3514 1379 3567 Iudicat
1441 3515 1600 3585 igitur

582 3594 829 3657 Veiento,
857 3612 911 3645 se
932 3593 1205 3663 antiquum
1230 3605 1524 3645 senatorem
1543 3593 1598 3645 in

581 3670 821 3725 ordinem
842 3673 963 3742 cogi
984 3692 1011 3723 a
1028 3673 1349 3743 junioribus,
1372 3672 1443 3725 G.

655 3768 740 3803 οι.
792 3755 1132 3801 Exosculandi
1180 3770 1293 3804 mos
1351 3752 1599 3822 frequens

580 3830 726 3902 apud
754 3820 1034 3883 Romanos.
1064 3832 1165 3883 En.

654 3928 743 3963 22.
768 3912 1069 3960 Relationem
1080 3947 1233 3961 .....
1260 3914 1335 3961 ad
1354 3925 1591 3961 senatvm.

578 3990 695 4044 Non
717 3989 871 4061 jussit
904 4006 1015 4039 rem
1048 3988 1226 4041 denuo
1256 3989 1324 4041 ad
1355 4002 1594 4041 senatum

576 4070 763 4122 referii
783 4107 798 4132 ,
838 4081 893 4121 ut
929 4068 1089 4131 alias,
1130 4070 1277 4122 verb.
1318 4081 1452 4138 grat.
1491 4067 1592 4130 1v,

579 4169 612 4219 9
627 4187 644 4214 ,
668 4168 718 4217 ι,
738 4160 839 4203 etc.
868 4146 935 4199 G.

1773 3199 1858 3250 23.
1879 3202 2206 3247 Suc-cessorem
2227 3198 2408 3246 Cereus.
2437 3194 2718 3249 Praefectns

1698 3285 1810 3326 tum
1831 3274 2000 3327 aerarii
2020 3315 2034 3339 ,
2064 3274 2212 3326 brevi
2233 3274 2453 3336 consul,
2485 3284 2545 3326 ut
2567 3286 2719 3346 puta-

1693 3354 1824 3405 bant
1841 3352 2112 3405 homines:
2141 3352 2248 3405 vid.
2269 3356 2302 3422 S
2334 3370 2356 3404 1
2371 3370 2416 3403 1.
2437 3351 2508 3405 G.

1769 3440 1855 3497 ²4·
1871 3437 1984 3483 Non
2004 3435 2531 3501 tanquamsortuioum.
2548 3433 2717 3485 Nemo

1695 3513 1852 3565 facile
1869 3530 1966 3583 pro
1979 3514 2198 3565 fortuito
2218 3511 2404 3563 hahuit
2419 3548 2434 3573 ,
2455 3510 2550 3563 sed
2571 3530 2720 3565 eaus-

1697 3610 1807 3645 sam
1840 3593 2024 3645 mortis
2055 3592 2199 3643 Certi
2233 3592 2288 3642 in
2319 3590 2472 3643 Plinii
2509 3591 2718 3643 actione

1693 3671 1866 3724 inesse
1881 3681 2134 3741 putarunt
2152 3671 2310 3737 vulgo
2326 3669 2588 3723 homines.
2605 3671 2718 3725 Mo-

1693 3750 1862 3803 destia
1889 3748 2122 3821 quadam
2149 3748 2517 3821 philosophica
2551 3749 2716 3803 utitur

1695 3828 1986 3881 Secundus.
2003 3830 2124 3881 Non
2139 3827 2254 3879 vult
2265 3827 2426 3879 tribui
2443 3827 2543 3879 sibi
2561 3846 2716 3881 even-

1697 3919 1806 3959 tum
1823 3946 1838 3968 ,
1859 3906 1952 3960 sed
1965 3926 2062 3959 nec
2076 3905 2414 3961 vehementer
2431 3920 2709 3978 repugnat.

1691 3988 1756 4038 Et
1779 3987 1908 4039 nihil
1929 4026 1946 4049 ,
1979 3988 2218 4059 profecto
2237 4024 2254 4051 ‚
2294 3985 2514 4056 impedit
2533 4024 2549 4049 ,
2579 4004 2711 4059 qno·

1691 4067 1866 4119 minua
1901 4086 2009 4125 moi
2021 4079 2125 4119 tem
2160 4066 2316 4119 Certo
2345 4064 2536 4133 horror
2553 4102 2570 4128 ‚
2601 4066 2678 4119 ira
2693 4104 2710 4131 ‚

1691 4157 1862 4199 metus
1875 4183 1891 4209 ,
1924 4145 2292 4200 acceleraverit
2313 4160 2328 4197 ε
2367 4144 2502 4197 nihil
2539 4146 2612 4199 ab
2636 4146 2712 4201 in·
