<?xml version="1.0" encoding="UTF-8"?>
<!DOCTYPE html PUBLIC "-//W3C//DTD XHTML 1.0 Transitional//EN"
    "http://www.w3.org/TR/xhtml1/DTD/xhtml1-transitional.dtd">
<html xmlns="http://www.w3.org/1999/xhtml" xml:lang="en" lang="en">
 <head>
  <title>
</title>
<meta http-equiv="Content-Type" content="text/html;charset=utf-8" />
  <meta name='ocr-system' content='tesseract 3.04.00' />
  <meta name='ocr-capabilities' content='ocr_page ocr_carea ocr_par ocr_line ocrx_word'/>
</head>
<body>
  <div class='ocr_page' id='page_1' title='image "./cpliniisecundie00schgoog_0185.png"; bbox 0 0 2857 4690; ppageno 0'>
   <div class='ocr_carea' id='block_1_1' title="bbox 534 351 2016 447">
    <p class='ocr_par' dir='ltr' id='par_1_1' title="bbox 534 351 2016 447">
     <span class='ocr_line' id='line_1_1' title="bbox 534 351 2016 447; baseline -0.001 -26"><span class='ocrx_word' id='word_1_1' title='bbox 534 351 663 447; x_wconf 73' lang='lat'><strong>176</strong></span> <span class='ocrx_word' id='word_1_2' title='bbox 1156 356 1231 422; x_wconf 86' lang='lat' dir='ltr'><strong>c.</strong></span> <span class='ocrx_word' id='word_1_3' title='bbox 1286 355 1632 422; x_wconf 76' lang='lat' dir='ltr'><strong>PLINH</strong></span> <span class='ocrx_word' id='word_1_4' title='bbox 1681 357 1876 423; x_wconf 84' lang='lat' dir='ltr'><strong>LIB.</strong></span> <span class='ocrx_word' id='word_1_5' title='bbox 1933 359 2016 422; x_wconf 85' lang='lat' dir='ltr'><strong>x.</strong></span> 
     </span>
    </p>
   </div>
   <div class='ocr_carea' id='block_1_2' title="bbox 520 560 1548 580">
    <p class='ocr_par' dir='ltr' id='par_1_2' title="bbox 520 560 1548 580">
     <span class='ocr_line' id='line_1_2' title="bbox 520 560 1548 580; baseline 0.002 -2"><span class='ocrx_word' id='word_1_6' title='bbox 520 560 819 578; x_wconf 65' lang='lat' dir='ltr'><strong>mm</strong></span> <span class='ocrx_word' id='word_1_7' title='bbox 822 560 1181 578; x_wconf 49' lang='lat' dir='ltr'><strong>mmsswm</strong></span> <span class='ocrx_word' id='word_1_8' title='bbox 1184 561 1548 580; x_wconf 64' lang='lat' dir='ltr'><strong>mmm</strong></span> 
     </span>
    </p>
   </div>
   <div class='ocr_carea' id='block_1_3' title="bbox 1548 561 1820 580">
    <p class='ocr_par' dir='ltr' id='par_1_3' title="bbox 1548 561 1820 580">
     <span class='ocr_line' id='line_1_3' title="bbox 1548 561 1820 580; baseline 0 4110"><span class='ocrx_word' id='word_1_9' title='bbox 1548 561 1820 580; x_wconf 95' lang='lat' dir='ltr'><strong> </strong></span> 
     </span>
    </p>
   </div>
   <div class='ocr_carea' id='block_1_4' title="bbox 1821 562 2639 582">
    <p class='ocr_par' dir='ltr' id='par_1_4' title="bbox 1821 562 2639 582">
     <span class='ocr_line' id='line_1_4' title="bbox 1821 562 2639 582; baseline 0.004 -2"><span class='ocrx_word' id='word_1_10' title='bbox 1821 562 2000 581; x_wconf 65' lang='grc' dir='ltr'><strong><em>Μ</em></strong></span> <span class='ocrx_word' id='word_1_11' title='bbox 2003 563 2208 580; x_wconf 45' lang='lat' dir='ltr'><strong>mm}</strong></span> <span class='ocrx_word' id='word_1_12' title='bbox 2211 563 2548 582; x_wconf 56' lang='lat' dir='ltr'><strong>“mw</strong></span> <span class='ocrx_word' id='word_1_13' title='bbox 2554 565 2639 582; x_wconf 64' lang='lat' dir='ltr'><strong>m</strong></span> 
     </span>
    </p>
   </div>
   <div class='ocr_carea' id='block_1_5' title="bbox 1404 724 1782 837">
    <p class='ocr_par' dir='ltr' id='par_1_5' title="bbox 1404 724 1782 837">
     <span class='ocr_line' id='line_1_5' title="bbox 1404 724 1782 837; baseline 0.003 -1"><span class='ocrx_word' id='word_1_14' title='bbox 1404 724 1782 837; x_wconf 80' lang='lat' dir='ltr'><strong>LXIX.</strong></span> 
     </span>
    </p>
   </div>
   <div class='ocr_carea' id='block_1_6' title="bbox 550 976 2613 1151">
    <p class='ocr_par' dir='ltr' id='par_1_6' title="bbox 550 976 2613 1151">
     <span class='ocr_line' id='line_1_6' title="bbox 550 976 2613 1050; baseline 0.001 -15"><span class='ocrx_word' id='word_1_15' title='bbox 550 981 771 1035; x_wconf 81' lang='lat' dir='ltr'><strong>Rursus</strong></span> <span class='ocrx_word' id='word_1_16' title='bbox 802 976 875 1034; x_wconf 84' lang='lat' dir='ltr'><strong>dc</strong></span> <span class='ocrx_word' id='word_1_17' title='bbox 904 977 1033 1034; x_wconf 80' lang='lat' dir='ltr'><strong>lacu</strong></span> <span class='ocrx_word' id='word_1_18' title='bbox 1062 976 1572 1036; x_wconf 78' lang='lat' dir='ltr'><strong>Nicomedensium</strong></span> <span class='ocrx_word' id='word_1_19' title='bbox 1603 997 1734 1036; x_wconf 88' lang='lat' dir='ltr'><strong>cum</strong></span> <span class='ocrx_word' id='word_1_20' title='bbox 1766 979 1910 1034; x_wconf 85' lang='lat' dir='ltr'><strong>mari</strong></span> <span class='ocrx_word' id='word_1_21' title='bbox 1941 979 2352 1038; x_wconf 80' lang='lat' dir='ltr'><strong>committendo</strong></span> <span class='ocrx_word' id='word_1_22' title='bbox 2381 979 2613 1050; x_wconf 76' lang='lat' dir='ltr'>scribit,</span> 
     </span>
     <span class='ocr_line' id='line_1_7' title="bbox 1144 1073 2008 1151; baseline 0.003 -22"><span class='ocrx_word' id='word_1_23' title='bbox 1144 1092 1245 1130; x_wconf 84' lang='lat' dir='ltr'><strong>seu</strong></span> <span class='ocrx_word' id='word_1_24' title='bbox 1275 1073 1590 1151; x_wconf 81' lang='lat' dir='ltr'><strong>respondet</strong></span> <span class='ocrx_word' id='word_1_25' title='bbox 1617 1073 1692 1134; x_wconf 83' lang='lat' dir='ltr'><strong>ad</strong></span> <span class='ocrx_word' id='word_1_26' title='bbox 1718 1074 1882 1150; x_wconf 86' lang='lat' dir='ltr'><strong>epist.</strong></span> <span class='ocrx_word' id='word_1_27' title='bbox 1912 1079 2008 1132; x_wconf 90' lang='lat' dir='ltr'><strong>LI.</strong></span> 
     </span>
    </p>
   </div>
   <div class='ocr_carea' id='block_1_7' title="bbox 954 1280 2206 1330">
    <p class='ocr_par' dir='ltr' id='par_1_7' title="bbox 954 1280 2206 1330">
     <span class='ocr_line' id='line_1_8' title="bbox 954 1280 2206 1330; baseline -0.002 0"><span class='ocrx_word' id='word_1_28' title='bbox 954 1283 1015 1330; x_wconf 86' lang='lat' dir='ltr'><strong>C.</strong></span> <span class='ocrx_word' id='word_1_29' title='bbox 1070 1281 1426 1329; x_wconf 77' lang='lat' dir='ltr'>PLINIUS</span> <span class='ocrx_word' id='word_1_30' title='bbox 1477 1283 1873 1329; x_wconf 70' lang='lat' dir='ltr'><strong>TRAJANO</strong></span> <span class='ocrx_word' id='word_1_31' title='bbox 1925 1283 2102 1330; x_wconf 73' lang='lat' dir='ltr'><strong>IMP.</strong></span> <span class='ocrx_word' id='word_1_32' title='bbox 2155 1280 2206 1330; x_wconf 77' lang='lat' dir='ltr'><strong>S.</strong></span> 
     </span>
    </p>
   </div>
   <div class='ocr_carea' id='block_1_8' title="bbox 451 1457 2650 3535">
    <p class='ocr_par' dir='ltr' id='par_1_8' title="bbox 517 1457 2650 2435">
     <span class='ocr_line' id='line_1_9' title="bbox 612 1457 2648 1553; baseline 0.001 -25"><span class='ocrx_word' id='word_1_33' title='bbox 612 1461 719 1528; x_wconf 77' lang='lat' dir='ltr'><strong>Tu</strong></span> <span class='ocrx_word' id='word_1_34' title='bbox 748 1458 1054 1553; x_wconf 81' lang='lat' dir='ltr'><strong>quidem,</strong></span> <span class='ocrx_word' id='word_1_35' title='bbox 1080 1459 1401 1540; x_wconf 83' lang='lat' dir='ltr'><strong>Domine,</strong></span> <span class='ocrx_word' id='word_1_36' title='bbox 1439 1457 2014 1551; x_wconf 82' lang='lat' dir='ltr'><strong>providentissime</strong></span> <span class='ocrx_word' id='word_1_37' title='bbox 2041 1462 2322 1546; x_wconf 85' lang='lat' dir='ltr'><strong>vereris,</strong></span> <span class='ocrx_word' id='word_1_38' title='bbox 2361 1487 2448 1530; x_wconf 90' lang='lat' dir='ltr'><strong>ne</strong></span> <span class='ocrx_word' id='word_1_39' title='bbox 2475 1487 2648 1532; x_wconf 88' lang='lat' dir='ltr'><strong>com-</strong></span> 
     </span>
     <span class='ocr_line' id='line_1_10' title="bbox 517 1565 2644 1664; baseline 0.001 -27"><span class='ocrx_word' id='word_1_40' title='bbox 517 1571 757 1639; x_wconf 87' lang='lat' dir='ltr'><strong>missus</strong></span> <span class='ocrx_word' id='word_1_41' title='bbox 802 1569 1103 1654; x_wconf 81' lang='lat' dir='ltr'><strong>flumini,</strong></span> <span class='ocrx_word' id='word_1_42' title='bbox 1142 1581 1343 1660; x_wconf 87' lang='lat' dir='ltr'><strong>atque</strong></span> <span class='ocrx_word' id='word_1_43' title='bbox 1388 1565 1714 1651; x_wconf 80' lang='lat' dir='ltr'><strong>itamari,</strong></span> <span class='ocrx_word' id='word_1_44' title='bbox 1751 1566 1931 1637; x_wconf 87' lang='lat' dir='ltr'><strong>lacus</strong></span> <span class='ocrx_word' id='word_1_45' title='bbox 1966 1569 2198 1638; x_wconf 84' lang='lat' dir='ltr'><strong>effluat</strong></span> <span class='ocrx_word' id='word_1_46' title='bbox 2223 1595 2240 1638; x_wconf 71' lang='grc' dir='ltr'><strong><em>ε</em></strong></span> <span class='ocrx_word' id='word_1_47' title='bbox 2265 1569 2379 1639; x_wconf 89' lang='lat' dir='ltr'><strong>sed</strong></span> <span class='ocrx_word' id='word_1_48' title='bbox 2419 1595 2547 1664; x_wconf 84' lang='lat' dir='ltr'><strong>ego</strong></span> <span class='ocrx_word' id='word_1_49' title='bbox 2575 1572 2644 1638; x_wconf 89' lang='lat' dir='ltr'><strong>in</strong></span> 
     </span>
     <span class='ocr_line' id='line_1_11' title="bbox 519 1661 2646 1774; baseline 0 -26"><span class='ocrx_word' id='word_1_50' title='bbox 519 1661 591 1748; x_wconf 85' lang='lat' dir='ltr'><strong>re</strong></span> <span class='ocrx_word' id='word_1_51' title='bbox 617 1680 924 1774; x_wconf 77' lang='lat' dir='ltr'><strong>praesenti</strong></span> <span class='ocrx_word' id='word_1_52' title='bbox 953 1679 1278 1746; x_wconf 81' lang='lat' dir='ltr'><strong>invenisse</strong></span> <span class='ocrx_word' id='word_1_53' title='bbox 1306 1676 1557 1763; x_wconf 85' lang='lat' dir='ltr'><strong>videor,</strong></span> <span class='ocrx_word' id='word_1_54' title='bbox 1575 1677 2138 1772; x_wconf 87' lang='lat' dir='ltr'><strong>quemadmodum</strong></span> <span class='ocrx_word' id='word_1_55' title='bbox 2165 1679 2324 1748; x_wconf 89' lang='lat' dir='ltr'><strong>huic</strong></span> <span class='ocrx_word' id='word_1_56' title='bbox 2351 1680 2646 1774; x_wconf 87' lang='lat' dir='ltr'><strong>periculo</strong></span> 
     </span>
     <span class='ocr_line' id='line_1_12' title="bbox 518 1786 2646 1884; baseline 0.002 -29"><span class='ocrx_word' id='word_1_57' title='bbox 518 1813 957 1859; x_wconf 88' lang='lat' dir='ltr'><strong>occurrerem.</strong></span> <span class='ocrx_word' id='word_1_58' title='bbox 995 1793 1223 1857; x_wconf 89' lang='lat' dir='ltr'><strong>Potest</strong></span> <span class='ocrx_word' id='word_1_59' title='bbox 1260 1790 1440 1856; x_wconf 90' lang='lat' dir='ltr'><strong>enim</strong></span> <span class='ocrx_word' id='word_1_60' title='bbox 1473 1786 1655 1857; x_wconf 87' lang='lat' dir='ltr'><strong>lacus</strong></span> <span class='ocrx_word' id='word_1_61' title='bbox 1690 1786 1863 1858; x_wconf 83' lang='lat' dir='ltr'><strong>fossa</strong></span> <span class='ocrx_word' id='word_1_62' title='bbox 1889 1815 2098 1884; x_wconf 88' lang='lat' dir='ltr'><strong>usque</strong></span> <span class='ocrx_word' id='word_1_63' title='bbox 2138 1789 2225 1860; x_wconf 86' lang='lat' dir='ltr'><strong>ad</strong></span> <span class='ocrx_word' id='word_1_64' title='bbox 2249 1791 2498 1860; x_wconf 88' lang='lat' dir='ltr'><strong>flumen</strong></span> <span class='ocrx_word' id='word_1_65' title='bbox 2535 1791 2646 1861; x_wconf 89' lang='lat' dir='ltr'><strong>ad·</strong></span> 
     </span>
     <span class='ocr_line' id='line_1_13' title="bbox 518 1899 2648 1994; baseline 0.001 -27"><span class='ocrx_word' id='word_1_66' title='bbox 518 1901 671 1970; x_wconf 85' lang='lat' dir='ltr'><strong>duci</strong></span> <span class='ocrx_word' id='word_1_67' title='bbox 693 1956 712 1986; x_wconf 90' lang='lat'>‚</span> <span class='ocrx_word' id='word_1_68' title='bbox 749 1925 872 1970; x_wconf 90' lang='lat' dir='ltr'><strong>nec</strong></span> <span class='ocrx_word' id='word_1_69' title='bbox 915 1916 1137 1968; x_wconf 87' lang='lat' dir='ltr'><strong>tamen</strong></span> <span class='ocrx_word' id='word_1_70' title='bbox 1184 1903 1251 1966; x_wconf 89' lang='lat' dir='ltr'><strong>in</strong></span> <span class='ocrx_word' id='word_1_71' title='bbox 1292 1899 1544 1968; x_wconf 89' lang='lat' dir='ltr'><strong>flumen</strong></span> <span class='ocrx_word' id='word_1_72' title='bbox 1577 1900 1824 1982; x_wconf 88' lang='lat' dir='ltr'><strong>emitti,</strong></span> <span class='ocrx_word' id='word_1_73' title='bbox 1862 1900 1976 1968; x_wconf 89' lang='lat' dir='ltr'><strong>sed</strong></span> <span class='ocrx_word' id='word_1_74' title='bbox 2001 1899 2233 1970; x_wconf 84' lang='lat' dir='ltr'><strong>relicto</strong></span> <span class='ocrx_word' id='word_1_75' title='bbox 2265 1903 2456 1994; x_wconf 82' lang='lat' dir='ltr'><strong>quasi</strong></span> <span class='ocrx_word' id='word_1_76' title='bbox 2483 1927 2648 1970; x_wconf 86' lang='lat' dir='ltr'><strong>mar-</strong></span> 
     </span>
     <span class='ocr_line' id='line_1_14' title="bbox 518 2009 2648 2106; baseline -0 -27"><span class='ocrx_word' id='word_1_77' title='bbox 518 2014 672 2106; x_wconf 85' lang='lat' dir='ltr'><strong>gine</strong></span> <span class='ocrx_word' id='word_1_78' title='bbox 706 2011 1036 2081; x_wconf 89' lang='lat' dir='ltr'><strong>contineri</strong></span> <span class='ocrx_word' id='word_1_79' title='bbox 1073 2010 1323 2103; x_wconf 88' lang='lat' dir='ltr'><strong>pariter</strong></span> <span class='ocrx_word' id='word_1_80' title='bbox 1356 2023 1424 2077; x_wconf 88' lang='lat' dir='ltr'><strong>et</strong></span> <span class='ocrx_word' id='word_1_81' title='bbox 1461 2009 1682 2076; x_wconf 87' lang='lat' dir='ltr'><strong>dirimi</strong></span> <span class='ocrx_word' id='word_1_82' title='bbox 1713 2035 1728 2076; x_wconf 90' lang='lat'>:</span> <span class='ocrx_word' id='word_1_83' title='bbox 1760 2011 1855 2077; x_wconf 88' lang='lat' dir='ltr'><strong>sic</strong></span> <span class='ocrx_word' id='word_1_84' title='bbox 1882 2033 2392 2104; x_wconf 89' lang='lat' dir='ltr'><strong>consequemur,</strong></span> <span class='ocrx_word' id='word_1_85' title='bbox 2419 2025 2497 2078; x_wconf 87' lang='lat' dir='ltr'><strong>ut</strong></span> <span class='ocrx_word' id='word_1_86' title='bbox 2523 2035 2648 2079; x_wconf 90' lang='lat' dir='ltr'><strong>nec</strong></span> 
     </span>
     <span class='ocr_line' id='line_1_15' title="bbox 518 2118 2645 2212; baseline 0.001 -27"><span class='ocrx_word' id='word_1_87' title='bbox 518 2122 737 2190; x_wconf 86' lang='lat' dir='ltr'><strong>vicino</strong></span> <span class='ocrx_word' id='word_1_88' title='bbox 776 2120 1083 2189; x_wconf 86' lang='lat' dir='ltr'><strong>videatur</strong></span> <span class='ocrx_word' id='word_1_89' title='bbox 1122 2119 1382 2187; x_wconf 89' lang='lat' dir='ltr'><strong>flumini</strong></span> <span class='ocrx_word' id='word_1_90' title='bbox 1416 2118 1689 2206; x_wconf 65' lang='lat' dir='ltr'><strong>mistim,</strong></span> <span class='ocrx_word' id='word_1_91' title='bbox 1735 2133 1800 2188; x_wconf 88' lang='lat' dir='ltr'><strong>et</strong></span> <span class='ocrx_word' id='word_1_92' title='bbox 1852 2121 1936 2187; x_wconf 91' lang='lat' dir='ltr'><strong>sit</strong></span> <span class='ocrx_word' id='word_1_93' title='bbox 1977 2120 2256 2212; x_wconf 90' lang='lat' dir='ltr'><strong>perinde</strong></span> <span class='ocrx_word' id='word_1_94' title='bbox 2304 2144 2380 2190; x_wconf 86' lang='lat' dir='ltr'><strong>ac</strong></span> <span class='ocrx_word' id='word_1_95' title='bbox 2425 2121 2477 2190; x_wconf 90' lang='lat' dir='ltr'><strong>si</strong></span> <span class='ocrx_word' id='word_1_96' title='bbox 2517 2123 2645 2188; x_wconf 87' lang='lat' dir='ltr'><strong>mi·</strong></span> 
     </span>
     <span class='ocr_line' id='line_1_16' title="bbox 518 2226 2646 2321; baseline 0 -23"><span class='ocrx_word' id='word_1_97' title='bbox 518 2245 797 2298; x_wconf 87' lang='lat' dir='ltr'><strong>sceatur.</strong></span> <span class='ocrx_word' id='word_1_98' title='bbox 842 2231 990 2298; x_wconf 89' lang='lat' dir='ltr'><strong>Erit</strong></span> <span class='ocrx_word' id='word_1_99' title='bbox 1024 2230 1199 2297; x_wconf 90' lang='lat' dir='ltr'><strong>enim</strong></span> <span class='ocrx_word' id='word_1_100' title='bbox 1246 2226 1437 2295; x_wconf 88' lang='lat' dir='ltr'><strong>facile</strong></span> <span class='ocrx_word' id='word_1_101' title='bbox 1483 2253 1602 2321; x_wconf 91' lang='lat' dir='ltr'><strong>per</strong></span> <span class='ocrx_word' id='word_1_102' title='bbox 1647 2227 1826 2297; x_wconf 85' lang='lat' dir='ltr'><strong>illam</strong></span> <span class='ocrx_word' id='word_1_103' title='bbox 1867 2230 2321 2298; x_wconf 85' lang='lat' dir='ltr'><strong>brevissimam</strong></span> <span class='ocrx_word' id='word_1_104' title='bbox 2359 2245 2646 2315; x_wconf 82' lang='lat' dir='ltr'><strong>terram,</strong></span> 
     </span>
     <span class='ocr_line' id='line_1_17' title="bbox 518 2336 2650 2435; baseline 0.001 -27"><span class='ocrx_word' id='word_1_105' title='bbox 518 2366 666 2434; x_wconf 84' lang='lat' dir='ltr'><strong>quae</strong></span> <span class='ocrx_word' id='word_1_106' title='bbox 697 2338 1156 2431; x_wconf 71' lang='lat' dir='ltr'><strong>inter-jacebit,</strong></span> <span class='ocrx_word' id='word_1_107' title='bbox 1196 2336 1472 2406; x_wconf 85' lang='lat' dir='ltr'><strong>advecta</strong></span> <span class='ocrx_word' id='word_1_108' title='bbox 1507 2338 1678 2407; x_wconf 90' lang='lat' dir='ltr'><strong>fossa</strong></span> <span class='ocrx_word' id='word_1_109' title='bbox 1715 2364 1920 2408; x_wconf 84' lang='lat' dir='ltr'><strong>onera</strong></span> <span class='ocrx_word' id='word_1_110' title='bbox 1950 2356 2386 2435; x_wconf 85' lang='lat' dir='ltr'><strong>transponere</strong></span> <span class='ocrx_word' id='word_1_111' title='bbox 2425 2342 2494 2410; x_wconf 91' lang='lat' dir='ltr'><strong>in</strong></span> <span class='ocrx_word' id='word_1_112' title='bbox 2533 2343 2650 2412; x_wconf 86' lang='lat' dir='ltr'><strong>flu-</strong></span> 
     </span>
    </p>

    <p class='ocr_par' dir='ltr' id='par_1_9' title="bbox 451 2446 2648 3205">
     <span class='ocr_line' id='line_1_18' title="bbox 451 2446 2644 2545; baseline -0 -25"><span class='ocrx_word' id='word_1_113' title='bbox 451 2469 481 2521; x_wconf 85' lang='lat'>3</span> <span class='ocrx_word' id='word_1_114' title='bbox 520 2474 693 2517; x_wconf 90' lang='lat' dir='ltr'><strong>men.</strong></span> <span class='ocrx_word' id='word_1_115' title='bbox 740 2448 944 2535; x_wconf 87' lang='lat' dir='ltr'><strong>Quod</strong></span> <span class='ocrx_word' id='word_1_116' title='bbox 996 2449 1089 2515; x_wconf 84' lang='lat' dir='ltr'><strong>ita</strong></span> <span class='ocrx_word' id='word_1_117' title='bbox 1140 2446 1285 2527; x_wconf 84' lang='lat' dir='ltr'><strong>fiet,</strong></span> <span class='ocrx_word' id='word_1_118' title='bbox 1324 2446 1374 2513; x_wconf 92' lang='lat' dir='ltr'><strong>si</strong></span> <span class='ocrx_word' id='word_1_119' title='bbox 1431 2450 1782 2517; x_wconf 83' lang='lat' dir='ltr'><strong>necessitas</strong></span> <span class='ocrx_word' id='word_1_120' title='bbox 1819 2464 2049 2542; x_wconf 83' lang='lat' dir='ltr'><strong>coget;</strong></span> <span class='ocrx_word' id='word_1_121' title='bbox 2093 2466 2191 2536; x_wconf 89' lang='lat' dir='ltr'><strong>et,</strong></span> <span class='ocrx_word' id='word_1_122' title='bbox 2239 2475 2469 2545; x_wconf 84' lang='lat' dir='ltr'><strong>spero,</strong></span> <span class='ocrx_word' id='word_1_123' title='bbox 2505 2476 2644 2519; x_wconf 88' lang='lat' dir='ltr'><strong>non</strong></span> 
     </span>
     <span class='ocr_line' id='line_1_19' title="bbox 518 2555 2645 2652; baseline 0.001 -24"><span class='ocrx_word' id='word_1_124' title='bbox 518 2574 735 2652; x_wconf 84' lang='lat' dir='ltr'><strong>coget.</strong></span> <span class='ocrx_word' id='word_1_125' title='bbox 782 2562 902 2627; x_wconf 91' lang='lat' dir='ltr'><strong>Est</strong></span> <span class='ocrx_word' id='word_1_126' title='bbox 930 2558 1108 2625; x_wconf 90' lang='lat' dir='ltr'><strong>enim</strong></span> <span class='ocrx_word' id='word_1_127' title='bbox 1138 2572 1204 2625; x_wconf 88' lang='lat' dir='ltr'><strong>et</strong></span> <span class='ocrx_word' id='word_1_128' title='bbox 1242 2555 1421 2625; x_wconf 89' lang='lat' dir='ltr'><strong>lacus</strong></span> <span class='ocrx_word' id='word_1_129' title='bbox 1465 2558 1605 2651; x_wconf 89' lang='lat' dir='ltr'><strong>ipse</strong></span> <span class='ocrx_word' id='word_1_130' title='bbox 1633 2561 1789 2629; x_wconf 89' lang='lat' dir='ltr'><strong>satis</strong></span> <span class='ocrx_word' id='word_1_131' title='bbox 1823 2557 2030 2643; x_wconf 84' lang='lat' dir='ltr'><strong>altus,</strong></span> <span class='ocrx_word' id='word_1_132' title='bbox 2067 2576 2136 2628; x_wconf 90' lang='lat' dir='ltr'><strong>et</strong></span> <span class='ocrx_word' id='word_1_133' title='bbox 2167 2586 2348 2629; x_wconf 87' lang='lat' dir='ltr'><strong>nunc</strong></span> <span class='ocrx_word' id='word_1_134' title='bbox 2385 2563 2455 2629; x_wconf 90' lang='lat' dir='ltr'><strong>in</strong></span> <span class='ocrx_word' id='word_1_135' title='bbox 2487 2586 2645 2630; x_wconf 89' lang='lat' dir='ltr'><strong>con-</strong></span> 
     </span>
     <span class='ocr_line' id='line_1_20' title="bbox 519 2668 2646 2765; baseline 0.002 -27"><span class='ocrx_word' id='word_1_136' title='bbox 519 2671 794 2738; x_wconf 79' lang='lat' dir='ltr'><strong>trariam</strong></span> <span class='ocrx_word' id='word_1_137' title='bbox 847 2682 1104 2761; x_wconf 85' lang='lat' dir='ltr'><strong>partem</strong></span> <span class='ocrx_word' id='word_1_138' title='bbox 1144 2668 1393 2735; x_wconf 90' lang='lat' dir='ltr'><strong>flumen</strong></span> <span class='ocrx_word' id='word_1_139' title='bbox 1433 2672 1722 2758; x_wconf 88' lang='lat' dir='ltr'><strong>emittit;</strong></span> <span class='ocrx_word' id='word_1_140' title='bbox 1758 2670 1941 2765; x_wconf 91' lang='lat' dir='ltr'><strong>quod</strong></span> <span class='ocrx_word' id='word_1_141' title='bbox 1977 2670 2410 2741; x_wconf 85' lang='lat' dir='ltr'><strong>interclusum</strong></span> <span class='ocrx_word' id='word_1_142' title='bbox 2451 2673 2646 2750; x_wconf 77' lang='lat' dir='ltr'><strong>inde,</strong></span> 
     </span>
     <span class='ocr_line' id='line_1_21' title="bbox 518 2778 2648 2873; baseline 0.001 -27"><span class='ocrx_word' id='word_1_143' title='bbox 518 2795 585 2847; x_wconf 91' lang='lat' dir='ltr'><strong>et</strong></span> <span class='ocrx_word' id='word_1_144' title='bbox 622 2804 757 2873; x_wconf 90' lang='lat' dir='ltr'><strong>quo</strong></span> <span class='ocrx_word' id='word_1_145' title='bbox 778 2778 1085 2848; x_wconf 84' lang='lat' dir='ltr'><strong>volumus</strong></span> <span class='ocrx_word' id='word_1_146' title='bbox 1109 2802 1446 2862; x_wconf 84' lang='lat' dir='ltr'><strong>aversum,</strong></span> <span class='ocrx_word' id='word_1_147' title='bbox 1483 2780 1625 2847; x_wconf 91' lang='lat' dir='ltr'><strong>sine</strong></span> <span class='ocrx_word' id='word_1_148' title='bbox 1657 2780 1794 2851; x_wconf 81' lang='lat' dir='ltr'><strong>ullo</strong></span> <span class='ocrx_word' id='word_1_149' title='bbox 1821 2780 2258 2869; x_wconf 80' lang='lat' dir='ltr'><strong>detrimentO,</strong></span> <span class='ocrx_word' id='word_1_150' title='bbox 2295 2780 2468 2853; x_wconf 88' lang='lat' dir='ltr'><strong>lacui</strong></span> <span class='ocrx_word' id='word_1_151' title='bbox 2497 2796 2648 2849; x_wconf 88' lang='lat' dir='ltr'><strong>tan·</strong></span> 
     </span>
     <span class='ocr_line' id='line_1_22' title="bbox 520 2890 2646 2984; baseline 0 -26"><span class='ocrx_word' id='word_1_152' title='bbox 520 2906 665 2958; x_wconf 90' lang='lat' dir='ltr'><strong>tum</strong></span> <span class='ocrx_word' id='word_1_153' title='bbox 710 2915 933 2984; x_wconf 66' lang='lat' dir='ltr'><strong>aquae,</strong></span> <span class='ocrx_word' id='word_1_154' title='bbox 984 2904 1309 2983; x_wconf 83' lang='lat' dir='ltr'><strong>quantum</strong></span> <span class='ocrx_word' id='word_1_155' title='bbox 1364 2913 1544 2957; x_wconf 89' lang='lat' dir='ltr'><strong>nunc</strong></span> <span class='ocrx_word' id='word_1_156' title='bbox 1596 2904 1856 2982; x_wconf 86' lang='lat' dir='ltr'><strong>portat,</strong></span> <span class='ocrx_word' id='word_1_157' title='bbox 1908 2890 2252 2959; x_wconf 82' lang='lat' dir='ltr'><strong>adfundet.</strong></span> <span class='ocrx_word' id='word_1_158' title='bbox 2319 2892 2646 2959; x_wconf 59' lang='lat' dir='ltr'><strong>Praeterea</strong></span> 
     </span>
     <span class='ocr_line' id='line_1_23' title="bbox 522 2996 2648 3093; baseline 0.001 -26"><span class='ocrx_word' id='word_1_159' title='bbox 522 3024 640 3093; x_wconf 86' lang='lat' dir='ltr'><strong>per</strong></span> <span class='ocrx_word' id='word_1_160' title='bbox 693 2999 761 3068; x_wconf 89' lang='lat' dir='ltr'><strong>id</strong></span> <span class='ocrx_word' id='word_1_161' title='bbox 801 3000 1131 3093; x_wconf 86' lang='lat' dir='ltr'><strong>spatium,</strong></span> <span class='ocrx_word' id='word_1_162' title='bbox 1192 3024 1311 3092; x_wconf 89' lang='lat' dir='ltr'><strong>per</strong></span> <span class='ocrx_word' id='word_1_163' title='bbox 1361 2998 1542 3093; x_wconf 85' lang='lat' dir='ltr'><strong>quod</strong></span> <span class='ocrx_word' id='word_1_164' title='bbox 1587 2996 1758 3067; x_wconf 84' lang='lat' dir='ltr'><strong>fossa</strong></span> <span class='ocrx_word' id='word_1_165' title='bbox 1806 2998 2111 3068; x_wconf 83' lang='lat' dir='ltr'><strong>facienda</strong></span> <span class='ocrx_word' id='word_1_166' title='bbox 2165 3016 2296 3085; x_wconf 79' lang='lat' dir='ltr'><strong>est,</strong></span> <span class='ocrx_word' id='word_1_167' title='bbox 2339 3000 2648 3070; x_wconf 87' lang='lat' dir='ltr'><strong>incidunt</strong></span> 
     </span>
     <span class='ocr_line' id='line_1_24' title="bbox 521 3109 2646 3205; baseline 0.002 -28"><span class='ocrx_word' id='word_1_168' title='bbox 521 3110 691 3179; x_wconf 86' lang='lat' dir='ltr'><strong>rivi:</strong></span> <span class='ocrx_word' id='word_1_169' title='bbox 735 3112 849 3203; x_wconf 91' lang='lat' dir='ltr'><strong>qui</strong></span> <span class='ocrx_word' id='word_1_170' title='bbox 890 3112 941 3177; x_wconf 90' lang='lat' dir='ltr'><strong>si</strong></span> <span class='ocrx_word' id='word_1_171' title='bbox 981 3109 1333 3203; x_wconf 86' lang='lat' dir='ltr'><strong>diligenter</strong></span> <span class='ocrx_word' id='word_1_172' title='bbox 1384 3109 1806 3203; x_wconf 83' lang='lat' dir='ltr'><strong>colligantur,</strong></span> <span class='ocrx_word' id='word_1_173' title='bbox 1843 3110 2184 3203; x_wconf 87' lang='lat' dir='ltr'><strong>augebunt</strong></span> <span class='ocrx_word' id='word_1_174' title='bbox 2207 3110 2419 3191; x_wconf 80' lang='lat' dir='ltr'><strong>‘illud‚</strong></span> <span class='ocrx_word' id='word_1_175' title='bbox 2463 3112 2646 3205; x_wconf 89' lang='lat' dir='ltr'><strong>quod</strong></span> 
     </span>
    </p>

    <p class='ocr_par' dir='ltr' id='par_1_10' title="bbox 452 3218 2647 3535">
     <span class='ocr_line' id='line_1_25' title="bbox 452 3218 2647 3314; baseline 0.003 -27"><span class='ocrx_word' id='word_1_176' title='bbox 452 3243 485 3301; x_wconf 73' lang='grc'><em>4</em></span> <span class='ocrx_word' id='word_1_177' title='bbox 522 3218 701 3290; x_wconf 85' lang='lat' dir='ltr'><strong>lacus</strong></span> <span class='ocrx_word' id='word_1_178' title='bbox 736 3218 1017 3289; x_wconf 87' lang='lat' dir='ltr'><strong>dederit.</strong></span> <span class='ocrx_word' id='word_1_179' title='bbox 1039 3220 1401 3287; x_wconf 85' lang='lat' dir='ltr'><strong>Enimvero</strong></span> <span class='ocrx_word' id='word_1_180' title='bbox 1439 3220 1493 3286; x_wconf 90' lang='lat' dir='ltr'><strong>si</strong></span> <span class='ocrx_word' id='word_1_181' title='bbox 1524 3218 1782 3311; x_wconf 84' lang='lat' dir='ltr'><strong>placeat</strong></span> <span class='ocrx_word' id='word_1_182' title='bbox 1805 3220 2045 3289; x_wconf 89' lang='lat' dir='ltr'><strong>fossam</strong></span> <span class='ocrx_word' id='word_1_183' title='bbox 2087 3220 2350 3314; x_wconf 82' lang='lat' dir='ltr'><strong>longius</strong></span> <span class='ocrx_word' id='word_1_184' title='bbox 2380 3221 2647 3301; x_wconf 79' lang='lat' dir='ltr'><strong>ducere,</strong></span> 
     </span>
     <span class='ocr_line' id='line_1_26' title="bbox 519 3329 2645 3423; baseline 0.002 -26"><span class='ocrx_word' id='word_1_185' title='bbox 519 3344 584 3397; x_wconf 87' lang='lat' dir='ltr'><strong>et</strong></span> <span class='ocrx_word' id='word_1_186' title='bbox 640 3331 887 3398; x_wconf 80' lang='lat' dir='ltr'><strong>arctius</strong></span> <span class='ocrx_word' id='word_1_187' title='bbox 930 3352 1223 3423; x_wconf 84' lang='lat' dir='ltr'><strong>pressam</strong></span> <span class='ocrx_word' id='word_1_188' title='bbox 1268 3329 1437 3396; x_wconf 83' lang='lat' dir='ltr'><strong>mari</strong></span> <span class='ocrx_word' id='word_1_189' title='bbox 1484 3354 1776 3422; x_wconf 81' lang='lat' dir='ltr'><strong>aequare,</strong></span> <span class='ocrx_word' id='word_1_190' title='bbox 1813 3354 1936 3397; x_wconf 89' lang='lat' dir='ltr'><strong>nec</strong></span> <span class='ocrx_word' id='word_1_191' title='bbox 1973 3331 2038 3397; x_wconf 90' lang='lat' dir='ltr'><strong>in</strong></span> <span class='ocrx_word' id='word_1_192' title='bbox 2079 3331 2325 3398; x_wconf 89' lang='lat' dir='ltr'><strong>flumen</strong></span> <span class='ocrx_word' id='word_1_193' title='bbox 2351 3386 2368 3405; x_wconf 82' lang='lat'><strong>.</strong></span> <span class='ocrx_word' id='word_1_194' title='bbox 2407 3332 2524 3401; x_wconf 89' lang='lat' dir='ltr'><strong>sed</strong></span> <span class='ocrx_word' id='word_1_195' title='bbox 2575 3335 2645 3401; x_wconf 87' lang='lat' dir='ltr'><strong>in</strong></span> 
     </span>
     <span class='ocr_line' id='line_1_27' title="bbox 520 3439 2646 3535; baseline 0.002 -28"><span class='ocrx_word' id='word_1_196' title='bbox 520 3441 735 3535; x_wconf 89' lang='lat' dir='ltr'><strong>ipsum</strong></span> <span class='ocrx_word' id='word_1_197' title='bbox 782 3462 963 3511; x_wconf 86' lang='lat' dir='ltr'><strong>mare</strong></span> <span class='ocrx_word' id='word_1_198' title='bbox 1006 3439 1334 3521; x_wconf 86' lang='lat' dir='ltr'><strong>emittere,</strong></span> <span class='ocrx_word' id='word_1_199' title='bbox 1374 3464 1799 3532; x_wconf 88' lang='lat' dir='ltr'><strong>repercussus</strong></span> <span class='ocrx_word' id='word_1_200' title='bbox 1843 3441 2044 3507; x_wconf 85' lang='lat' dir='ltr'><strong>maris</strong></span> <span class='ocrx_word' id='word_1_201' title='bbox 2091 3442 2384 3511; x_wconf 83' lang='lat' dir='ltr'><strong>servabit</strong></span> <span class='ocrx_word' id='word_1_202' title='bbox 2423 3459 2490 3512; x_wconf 88' lang='lat' dir='ltr'><strong>et</strong></span> <span class='ocrx_word' id='word_1_203' title='bbox 2537 3470 2646 3512; x_wconf 87' lang='lat' dir='ltr'><strong>re-</strong></span> 
     </span>
    </p>
   </div>
   <div class='ocr_carea' id='block_1_9' title="bbox 518 3630 2646 4187">
    <p class='ocr_par' dir='ltr' id='par_1_11' title="bbox 518 3630 2646 4187">
     <span class='ocr_line' id='line_1_28' title="bbox 588 3630 2644 3713; baseline 0.001 -22"><span class='ocrx_word' id='word_1_204' title='bbox 588 3640 779 3691; x_wconf 80' lang='lat' dir='ltr'>LXIX.</span> <span class='ocrx_word' id='word_1_205' title='bbox 799 3646 849 3700; x_wconf 75' lang='lat'><strong>4.</strong></span> <span class='ocrx_word' id='word_1_206' title='bbox 869 3642 1311 3707; x_wconf 78' lang='lat' dir='ltr'><strong>Arctinspressam.</strong></span> <span class='ocrx_word' id='word_1_207' title='bbox 1328 3640 1536 3692; x_wconf 82' lang='lat' dir='ltr'><strong>Arctior</strong></span> <span class='ocrx_word' id='word_1_208' title='bbox 1632 3642 1928 3693; x_wconf 81' lang='lat' dir='ltr'><strong>avunculus</strong></span> <span class='ocrx_word' id='word_1_209' title='bbox 1946 3630 2202 3692; x_wconf 79' lang='lat' dir='ltr'>XXXVII</span> <span class='ocrx_word' id='word_1_210' title='bbox 2217 3678 2232 3704; x_wconf 89' lang='lat'><strong>‚</strong></span> <span class='ocrx_word' id='word_1_211' title='bbox 2254 3662 2306 3704; x_wconf 78' lang='lat'><strong>2,</strong></span> <span class='ocrx_word' id='word_1_212' title='bbox 2327 3661 2372 3694; x_wconf 82' lang='lat' dir='ltr'><strong>s.</strong></span> <span class='ocrx_word' id='word_1_213' title='bbox 2397 3660 2454 3709; x_wconf 85' lang='lat'><strong>9,</strong></span> <span class='ocrx_word' id='word_1_214' title='bbox 2473 3644 2532 3696; x_wconf 88' lang='lat' dir='ltr'><strong>it.</strong></span> <span class='ocrx_word' id='word_1_215' title='bbox 2555 3643 2644 3713; x_wconf 84' lang='lat'><strong>37,</strong></span> 
     </span>
     <span class='ocr_line' id='line_1_29' title="bbox 520 3717 2642 3789; baseline 0.001 -18"><span class='ocrx_word' id='word_1_216' title='bbox 520 3718 755 3773; x_wconf 79' lang='lat' dir='ltr'><strong>facienda</strong></span> <span class='ocrx_word' id='word_1_217' title='bbox 777 3729 855 3769; x_wconf 81' lang='lat' dir='ltr'><strong>est</strong></span> <span class='ocrx_word' id='word_1_218' title='bbox 874 3718 1029 3782; x_wconf 75' lang='lat' dir='ltr'><strong>fossa,</strong></span> <span class='ocrx_word' id='word_1_219' title='bbox 1056 3731 1115 3770; x_wconf 88' lang='lat' dir='ltr'><strong>ut</strong></span> <span class='ocrx_word' id='word_1_220' title='bbox 1140 3736 1249 3771; x_wconf 86' lang='lat' dir='ltr'><strong>non</strong></span> <span class='ocrx_word' id='word_1_221' title='bbox 1270 3717 1343 3769; x_wconf 80' lang='lat' dir='ltr'><strong>ita</strong></span> <span class='ocrx_word' id='word_1_222' title='bbox 1370 3720 1536 3771; x_wconf 81' lang='lat' dir='ltr'><strong>multa</strong></span> <span class='ocrx_word' id='word_1_223' title='bbox 1631 3738 1685 3787; x_wconf 87' lang='lat'><strong>9,</strong></span> <span class='ocrx_word' id='word_1_224' title='bbox 1707 3738 1750 3771; x_wconf 76' lang='lat' dir='ltr'><strong>s,</strong></span> <span class='ocrx_word' id='word_1_225' title='bbox 1779 3718 1866 3779; x_wconf 77' lang='grc'><strong>43.</strong></span> <span class='ocrx_word' id='word_1_226' title='bbox 1887 3724 2412 3789; x_wconf 71' lang='lat' dir='ltr'><strong>Depressumsfhssam</strong></span> <span class='ocrx_word' id='word_1_227' title='bbox 2427 3722 2558 3774; x_wconf 78' lang='lat' dir='ltr'><strong>Tne.</strong></span> <span class='ocrx_word' id='word_1_228' title='bbox 2579 3726 2642 3774; x_wconf 80' lang='lat' dir='ltr'><strong>A.</strong></span> 
     </span>
     <span class='ocr_line' id='line_1_30' title="bbox 520 3798 2641 3870; baseline 0 -19"><span class='ocrx_word' id='word_1_229' title='bbox 520 3818 678 3870; x_wconf 84' lang='lat' dir='ltr'><strong>aqua,</strong></span> <span class='ocrx_word' id='word_1_230' title='bbox 698 3798 821 3849; x_wconf 76' lang='lat' dir='ltr'><strong>satis</strong></span> <span class='ocrx_word' id='word_1_231' title='bbox 839 3807 1011 3849; x_wconf 82' lang='lat' dir='ltr'><strong>tamen</strong></span> <span class='ocrx_word' id='word_1_232' title='bbox 1035 3798 1137 3850; x_wconf 81' lang='lat' dir='ltr'><strong>alta</strong></span> <span class='ocrx_word' id='word_1_233' title='bbox 1156 3798 1275 3849; x_wconf 80' lang='lat' dir='ltr'><strong>fieri</strong></span> <span class='ocrx_word' id='word_1_234' title='bbox 1285 3798 1445 3866; x_wconf 82' lang='lat' dir='ltr'><strong>possit</strong></span> <span class='ocrx_word' id='word_1_235' title='bbox 1466 3798 1533 3850; x_wconf 76' lang='lat' dir='ltr'><strong>ad</strong></span> <span class='ocrx_word' id='word_1_236' title='bbox 1629 3798 1752 3863; x_wconf 81' lang='lat' dir='ltr'><strong>XV,</strong></span> <span class='ocrx_word' id='word_1_237' title='bbox 1777 3806 1838 3862; x_wconf 71' lang='lat'><strong>4²</strong></span> <span class='ocrx_word' id='word_1_238' title='bbox 1857 3836 1872 3861; x_wconf 93' lang='lat'>,</span> <span class='ocrx_word' id='word_1_239' title='bbox 1896 3800 1947 3851; x_wconf 83' lang='lat'><strong>3.</strong></span> <span class='ocrx_word' id='word_1_240' title='bbox 1961 3800 2030 3852; x_wconf 88' lang='lat' dir='ltr'><strong>G.</strong></span> <span class='ocrx_word' id='word_1_241' title='bbox 2045 3826 2118 3839; x_wconf 89' lang='lat'><strong>-—</strong></span> <span class='ocrx_word' id='word_1_242' title='bbox 2131 3806 2446 3868; x_wconf 64' lang='lat' dir='ltr'><strong>Repo-cussus</strong></span> <span class='ocrx_word' id='word_1_243' title='bbox 2479 3806 2641 3853; x_wconf 75' lang='lat' dir='ltr'><strong>maris.</strong></span> 
     </span>
     <span class='ocr_line' id='line_1_31' title="bbox 518 3876 2646 3949; baseline 0.001 -18"><span class='ocrx_word' id='word_1_244' title='bbox 518 3876 849 3949; x_wconf 82' lang='lat' dir='ltr'><strong>accipiendas</strong></span> <span class='ocrx_word' id='word_1_245' title='bbox 880 3896 1060 3929; x_wconf 79' lang='lat' dir='ltr'><strong>naves.</strong></span> <span class='ocrx_word' id='word_1_246' title='bbox 1098 3884 1319 3928; x_wconf 80' lang='lat' dir='ltr'><strong>Premere</strong></span> <span class='ocrx_word' id='word_1_247' title='bbox 1337 3880 1532 3945; x_wconf 81' lang='lat' dir='ltr'><strong>fossam</strong></span> <span class='ocrx_word' id='word_1_248' title='bbox 1627 3876 1742 3929; x_wconf 86' lang='lat' dir='ltr'><strong>Hoc</strong></span> <span class='ocrx_word' id='word_1_249' title='bbox 1755 3896 1818 3930; x_wconf 80' lang='lat' dir='ltr'><strong>ea</strong></span> <span class='ocrx_word' id='word_1_250' title='bbox 1830 3877 2129 3931; x_wconf 87' lang='lat' dir='ltr'><strong>conditione</strong></span> <span class='ocrx_word' id='word_1_251' title='bbox 2143 3878 2232 3931; x_wconf 82' lang='lat' dir='ltr'><strong>flet</strong></span> <span class='ocrx_word' id='word_1_252' title='bbox 2248 3919 2263 3945; x_wconf 88' lang='lat'><em>,</em></span> <span class='ocrx_word' id='word_1_253' title='bbox 2277 3879 2317 3931; x_wconf 85' lang='lat' dir='ltr'><strong>si</strong></span> <span class='ocrx_word' id='word_1_254' title='bbox 2331 3878 2520 3933; x_wconf 85' lang='lat' dir='ltr'><strong>eodem</strong></span> <span class='ocrx_word' id='word_1_255' title='bbox 2537 3882 2646 3933; x_wconf 86' lang='lat' dir='ltr'><strong>fere</strong></span> 
     </span>
     <span class='ocr_line' id='line_1_32' title="bbox 518 3956 2644 4031; baseline 0 -21"><span class='ocrx_word' id='word_1_256' title='bbox 518 3978 617 4031; x_wconf 81' lang='lat' dir='ltr'><strong>pro</strong></span> <span class='ocrx_word' id='word_1_257' title='bbox 638 3957 821 4010; x_wconf 67' lang='lat' dir='ltr'><strong>fodere</strong></span> <span class='ocrx_word' id='word_1_258' title='bbox 840 3976 873 4009; x_wconf 81' lang='lat' dir='ltr'><strong>a</strong></span> <span class='ocrx_word' id='word_1_259' title='bbox 893 3956 1131 4007; x_wconf 84' lang='lat' dir='ltr'><strong>Frontini</strong></span> <span class='ocrx_word' id='word_1_260' title='bbox 1152 3958 1372 4028; x_wconf 77' lang='lat' dir='ltr'><strong>Strateg.</strong></span> <span class='ocrx_word' id='word_1_261' title='bbox 1398 3958 1424 4009; x_wconf 91' lang='lat'>1</span> <span class='ocrx_word' id='word_1_262' title='bbox 1440 3992 1455 4019; x_wconf 88' lang='lat'><strong>,</strong></span> <span class='ocrx_word' id='word_1_263' title='bbox 1478 3957 1532 4019; x_wconf 87' lang='lat'><strong>5,</strong></span> <span class='ocrx_word' id='word_1_264' title='bbox 1627 3956 1943 4011; x_wconf 82' lang='lat' dir='ltr'><strong>libramento</strong></span> <span class='ocrx_word' id='word_1_265' title='bbox 1985 3970 2034 4009; x_wconf 79' lang='lat' dir='ltr'><strong>et</strong></span> <span class='ocrx_word' id='word_1_266' title='bbox 2073 3958 2279 4027; x_wconf 75' lang='lat' dir='ltr'><strong>fastigio</strong></span> <span class='ocrx_word' id='word_1_267' title='bbox 2315 3958 2378 4008; x_wconf 79' lang='lat' dir='ltr'><strong>sit</strong></span> <span class='ocrx_word' id='word_1_268' title='bbox 2419 3971 2644 4030; x_wconf 80' lang='lat' dir='ltr'><strong>utraque</strong></span> 
     </span>
     <span class='ocr_line' id='line_1_33' title="bbox 520 4036 2644 4109; baseline 0.001 -19"><span class='ocrx_word' id='word_1_269' title='bbox 520 4041 578 4098; x_wconf 80' lang='lat'><strong>8,</strong></span> <span class='ocrx_word' id='word_1_270' title='bbox 616 4050 818 4091; x_wconf 83' lang='lat' dir='ltr'><strong>notum.</strong></span> <span class='ocrx_word' id='word_1_271' title='bbox 858 4039 1135 4102; x_wconf 79' lang='lat' dir='ltr'><strong>Deprimere</strong></span> <span class='ocrx_word' id='word_1_272' title='bbox 1166 4052 1394 4101; x_wconf 78' lang='lat' dir='ltr'><strong>puteum,</strong></span> <span class='ocrx_word' id='word_1_273' title='bbox 1447 4036 1531 4087; x_wconf 80' lang='lat' dir='ltr'><strong>vel</strong></span> <span class='ocrx_word' id='word_1_274' title='bbox 1628 4054 1786 4106; x_wconf 79' lang='lat' dir='ltr'><strong>aqua.</strong></span> <span class='ocrx_word' id='word_1_275' title='bbox 1803 4036 2052 4105; x_wconf 78' lang='lat' dir='ltr'><strong>Alioquin</strong></span> <span class='ocrx_word' id='word_1_276' title='bbox 2075 4036 2216 4088; x_wconf 85' lang='lat' dir='ltr'><strong>enim</strong></span> <span class='ocrx_word' id='word_1_277' title='bbox 2242 4036 2522 4107; x_wconf 82' lang='lat' dir='ltr'><strong>colligetur</strong></span> <span class='ocrx_word' id='word_1_278' title='bbox 2535 4040 2644 4109; x_wconf 84' lang='lat' dir='ltr'><strong>qui·</strong></span> 
     </span>
     <span class='ocr_line' id='line_1_34' title="bbox 518 4114 2642 4187; baseline -0 -17"><span class='ocrx_word' id='word_1_279' title='bbox 518 4130 657 4170; x_wconf 72' lang='lat' dir='ltr'><strong>corte</strong></span> <span class='ocrx_word' id='word_1_280' title='bbox 701 4120 947 4183; x_wconf 74' lang='lat' dir='ltr'><strong>depressos</strong></span> <span class='ocrx_word' id='word_1_281' title='bbox 978 4128 1151 4179; x_wconf 79' lang='lat' dir='ltr'><strong>puteos</strong></span> <span class='ocrx_word' id='word_1_282' title='bbox 1194 4114 1326 4166; x_wconf 68' lang='lat' dir='ltr'><strong>dixit</strong></span> <span class='ocrx_word' id='word_1_283' title='bbox 1352 4116 1530 4167; x_wconf 76' lang='lat' dir='ltr'><strong>Nostri</strong></span> <span class='ocrx_word' id='word_1_284' title='bbox 1627 4114 1748 4165; x_wconf 84' lang='lat' dir='ltr'><strong>dem</strong></span> <span class='ocrx_word' id='word_1_285' title='bbox 1769 4115 1908 4166; x_wconf 79' lang='lat' dir='ltr'><strong>circa</strong></span> <span class='ocrx_word' id='word_1_286' title='bbox 1933 4116 2122 4165; x_wconf 82' lang='lat' dir='ltr'><strong>ostium</strong></span> <span class='ocrx_word' id='word_1_287' title='bbox 2140 4154 2155 4178; x_wconf 88' lang='lat'>‚</span> <span class='ocrx_word' id='word_1_288' title='bbox 2173 4134 2280 4169; x_wconf 86' lang='lat' dir='ltr'><strong>non</strong></span> <span class='ocrx_word' id='word_1_289' title='bbox 2299 4128 2441 4169; x_wconf 82' lang='lat' dir='ltr'><strong>retro</strong></span> <span class='ocrx_word' id='word_1_290' title='bbox 2461 4130 2642 4187; x_wconf 82' lang='lat' dir='ltr'><strong>agetur</strong></span> 
     </span>
    </p>
   </div>
  </div>
 </body>
</html>
