2857 4690
533 347 676 433 446
1055 348 1506 415 NOTITIA
1554 348 2145 417 LITERARIA

537 502 776 549 norum
823 476 1110 549 editione
1182 503 1205 547 1
1227 504 1266 574 7
1279 476 1396 573 39.
1460 482 1728 548 Interim
1786 480 2225 552 Schwarzms
2286 484 2697 553 cunctando

537 588 720 657 auxit
751 610 910 680 opes
957 608 1106 655 suas
1135 638 1156 673 ‚
1193 600 1543 677 antequam
1573 586 2057 680 Panegyricum
2090 611 2281 655 suum
2320 604 2507 659 tanto
2556 614 2695 685 ap-

537 707 769 787 paratu
811 693 1040 761 critico
1087 717 1164 760 ex
1203 694 1340 759 XII
1391 690 1604 761 Codd.
1638 694 1795 761 Mss.
1844 706 1915 761 et
1962 692 2287 787 plerisque
2337 695 2485 763 edd.
2536 712 2685 765 vet.

535 814 604 867 et
642 824 770 869 rec.
817 822 1078 891 suaeque
1115 796 1433 867 doctrinae
1474 796 1799 892 elegantia
1844 800 2245 869 instructum
2280 800 2511 871 ederet
2564 828 2685 871 an.

547 902 742 1000 1746
771 956 790 987 .,
819 919 1142 997 quantum
1185 902 1346 973 nulli
1377 902 1489 971 alii
1526 906 1929 997 antiquitatis
1958 922 2395 975 monumento
2418 909 2507 976 ab
2536 909 2689 977 edi-

535 1012 788 1081 toribus
836 1010 1202 1079 adhibitum
1267 1014 1378 1077 vix
1434 1011 1743 1079 invenias.
1804 1011 1969 1081 Inde
2022 1014 2359 1083 Gesnerus
2423 1016 2679 1083 itemm

537 1118 922 1211 Panegyrici
963 1131 1214 1185 textum
1251 1117 1605 1209 Goettingae
1630 1116 2051 1185 emendatum
2087 1118 2369 1188 reddidit
2416 1144 2441 1188 1
2460 1125 2624 1215 749
2660 1175 2683 1205 ,

537 1238 604 1292 et
641 1238 790 1317 post
817 1223 1238 1315 ejusmortem
1277 1224 1705 1291 Gesner-mna
1738 1225 1799 1288 ΙΙ
1830 1246 2107 1317 operum
2136 1226 2333 1292 etiam
2370 1227 2443 1293 in
2466 1227 2683 1294 Pane-

534 1332 757 1423 gyrico
789 1329 1068 1423 profecit
1091 1352 1252 1399 cura
1279 1327 1457 1397 Guil.
1486 1328 1649 1423 Aug.
1676 1330 1985 1415 Ernesti,
2018 1330 2198 1424 Lips.
2231 1354 2258 1399 1
2278 1354 2433 1425 770
2468 1332 2675 1401 edita.

641 1436 1114 1503 Recensionem
1141 1426 1699 1528 Panegyricorum
1730 1449 1883 1529 post
1898 1433 2252 1504 Cellarium
2290 1452 2361 1505 et
2383 1439 2673 1507 Pataro-

537 1540 696 1610 lium
726 1566 952 1625 neme,
969 1541 1146 1633 quod
1175 1540 1261 1609 ad
1288 1542 1631 1609 universos
1654 1542 1921 1625 attinet,
1938 1540 2065 1611 hac
2092 1556 2283 1611 aetate
2320 1544 2673 1613 instituere

537 1670 734 1717 ausus
775 1663 892 1716 est.
925 1646 1054 1715 Sed
1091 1646 1342 1741 aliquos
1377 1644 1727 1714 illustravit
1752 1646 2187 1719 Schwarziszs
2222 1649 2671 1743 singularibus

535 1754 766 1823 libellis
797 1806 815 1837 ,
849 1768 924 1821 ut
951 1756 1348 1821 Eumenium
1391 1775 1415 1820 1
1437 1777 1475 1848 7
1498 1750 1586 1821 16
1614 1766 1683 1821 et
1716 1754 1860 1821 Lat.
1899 1752 2211 1823 Pacatum
2246 1756 2665 1849 Drepanium

545 1884 780 1955 1727,
825 1875 892 1928 et
939 1857 1290 1928 Claudium
1339 1860 1809 1927 Mamertinum
1860 1858 2417 1956 ι746-ι748,
2460 1864 2663 1931 Obss.

531 1968 600 2034 in
636 1967 952 2035 Pacatum
993 1964 1264 2059 adjectoe
1297 1966 1493 2032 etiam
1536 1962 1845 2059 leguntur
1880 1966 1951 2033 in
1990 1968 2221 2035 Baunii
2257 1967 2503 2061 Paneg.
2550 1992 2665 2037 ve·

539 2087 751 2141 terum
791 2072 1076 2142 editione
1115 2094 1346 2140 recusa
1383 2072 1682 2140 Venetiis
1740 2095 1763 2139 1
1786 2072 1968 2167 728,
2012 2086 2079 2139 et
2116 2074 2174 2138 J.
2212 2074 2607 2145 Amtzem‘o
2636 2128 2659 2159 ‚

539 2180 654 2272 qui
693 2180 1005 2247 Pacatum
1039 2202 1094 2247 c.
1126 2203 1190 2244 n.
1223 2180 1420 2245 Varr.
1450 2176 1634 2245 dedit
1662 2174 2021 2245 Amstelod.
2061 2202 2085 2247 1
2108 2174 2279 2273 753.

653 2309 676 2354 1
699 2311 736 2381 7
752 2284 870 2371 34.
908 2283 1440 2355 Amsteloedami
1454 2336 1473 2368 ,
1510 2285 1575 2369 4.
1612 2284 1682 2356 C.
1720 2284 1930 2353 Plinii
1950 2287 2127 2356 Coec.
2174 2284 2472 2354 Secundi
2504 2290 2665 2383 Epi-

531 2393 862 2462 stolarum
907 2391 1115 2460 libros
1155 2390 1382 2459 decem
1402 2444 1422 2476 ,
1474 2413 1623 2459 cum
1668 2395 1848 2459 notis
1884 2391 2147 2461 selectis
2170 2394 2275 2460 Jo.
2312 2395 2501 2460 Mar.
2536 2398 2663 2465 Ca-

535 2504 788 2584 masei,
855 2501 1002 2565 Jac.
1047 2496 1362 2589 Scheglcii
1376 2547 1396 2579 ,
1442 2499 1587 2564 Iac.
1632 2495 1978 2566 sab-monde·
1993 2548 2013 2581 ,
2070 2501 2165 2565 Is.
2220 2498 2655 2581 casauboni,

537 2608 748 2672 Henr.
798 2602 1164 2697 Stephani,
1219 2605 1416 2674 Conr.
1462 2603 1891 2672 Ritcerslzusii
1908 2655 1929 2688 ,
1968 2603 2063 2673 Cl.
2104 2605 2365 2671 Minois
2380 2655 2403 2688 ‚
2452 2608 2659 2700 Casp.

542 2709 840 2794 Bartlzic‘,
889 2711 1071 2801 Aug.
1115 2709 1453 2778 Buclmen‘
1471 2761 1491 2793 ,
1535 2712 1640 2777 Jo.
1682 2708 2058 2800 Sekeffiri‚
2096 2712 2201 2777 Jo.
2236 2709 2423 2778 Frid.
2472 2713 2661 2780 Gro-

536 2821 718 2884 novic'
736 2867 756 2898 ‚
829 2813 1199 2909 Clzrzlrtopk.
1261 2815 1540 2885 Cellan’i
1556 2864 1577 2899 ,
1647 2816 2069 2908 altorumque
2091 2866 2114 2901 ,
2188 2835 2665 2885 recensuerunt

536 2926 810 3016 suisque
861 2919 1554 2990 anmzadverszbnibus
1587 2921 2013 2990 illustrarunt
2048 2921 2343 2990 Gottlieb
2392 2925 2661 2992 Cottius

535 3044 607 3097 et
644 3026 911 3097 Paullus
949 3026 1184 3096 Daniel
1229 3024 1590 3119 Longolius
1616 3052 1637 3114 3
1668 3032 1793 3119 qui
1824 3033 2031 3094 etiam
2070 3032 2445 3096 universum
2486 3053 2663 3124 opus

536 3133 881 3205 [radicibus
925 3133 1463 3227 locupletissimis
1510 3139 1847 3202 mstmxit.
1894 3133 2181 3202 Amstel.
2224 3135 2427 3227 apud
2454 3139 2655 3204 Jaas·

534 3238 1256 3332 som'o·Woesbergios,
1277 3238 1597 3307 *Libro
1636 3237 1894 3308 duobus
1930 3237 2343 3322 nominibuS‚
2381 3241 2452 3306 P.
2482 3245 2655 3309 Bur-

541 3350 764 3418 manni
803 3361 870 3416 et
908 3349 970 3416 J.
1011 3349 1090 3414 P.
1119 3342 1445 3414 domiue
1461 3399 1484 3432 ,
1532 3346 1644 3438 qui
1688 3345 1917 3413 Cortio
1972 3343 2259 3414 subsidia
2310 3347 2653 3428 miserant,

537 3456 852 3547 inscripto
905 3451 1216 3546 praefatur
1253 3448 1651 3543 Longolius‚
1688 3450 1867 3544 quod
1900 3451 2149 3518 utinam
2178 3453 2547 3521 accuratius
2572 3451 2659 3519 fe-

541 3556 772 3630 cisset!
818 3561 988 3628 Tum
1049 3555 1261 3652 praeff.
1309 3558 1645 3626 variorum
1700 3571 2065 3650 sequuntur
2122 3580 2145 3625 1
2174 3609 2193 3643 ‚
2260 3559 2661 3650 Heemnynu‘

539 3669 886 3735 Huaatim'
929 3663 1014 3732 ad
1061 3667 1252 3733 Bern.
1307 3663 1631 3732 Bembum
1678 3659 1797 3752 (P.
1846 3663 2077 3730 Bembi
2108 3666 2470 3756 purpurati
2540 3685 2653 3758 pa·

542 3765 752 3856 trem)
779 3771 1148 3840 Veronensi
1191 3769 1388 3838 credo
1433 3793 1457 3838 1
1478 3765 1623 3839 502
1667 3763 1915 3863 (neque
1939 3769 2115 3838 enim
2154 3769 2517 3864 Longolius
2552 3773 2651 3836 in-

405 3897 413 3905 ·
539 3870 754 3963 dicat)
787 3879 1225 3970 praemissam3
1257 3901 1328 3960 a,
1354 3875 1531 3946 Aldi
1558 3877 1658 3944 Pii
1686 3880 1990 3946 Munatii
2008 3901 2110 3971 ep.
2141 3875 2413 3948 Alone>
2442 3871 2651 3964 (Lon-

538 3982 748 4077 golius
795 3984 1038 4051 omittit
1079 4005 1322 4052 nomen
1367 3986 1723 4052 Mocem'co
1755 3976 1781 4068 )
1832 3987 2044 4074 equiti
2076 4000 2149 4052 et
2188 3985 2341 4053 Seu.
2395 3985 2647 4050 Veneto
