2857 4690
460 346 556 437 94
1078 345 1157 412 c.
1210 341 1556 410 PLl-Nu
1605 341 1796 412 Lm.
1851 339 1982 408 lx.

460 547 1035 568 mm

1250 753 1779 840 XXXIII.

936 971 1089 1028 Mira
1116 969 1189 1028 de
1217 970 1566 1048 hipponensi
1593 967 1872 1046 delphino
1899 982 2114 1027 narrat.

872 1179 932 1226 c.
984 1171 1345 1226 Pramus
1397 1177 1770 1225 cimmo
1819 1153 1852 1182 *
1901 1175 2056 1224 suo
2109 1179 2161 1224 s.

542 1359 821 1428 Inclnl
858 1357 933 1426 in
970 1355 1321 1426 materiam
1360 1379 1621 1444 veram,
1657 1353 1774 1424 sed
1809 1353 2214 1430 simillimam
2244 1355 2452 1445 fictae,
2487 1357 2582 1428 di-

448 1492 780 1562 gnamque
800 1469 929 1536 isto
959 1466 1329 1554 laetissimO,
1360 1464 1715 1552 altissimO,
1742 1463 2076 1560 planeque
2105 1466 2371 1560 poetico
2399 1469 2582 1563 inge-

445 1578 580 1648 nio.
608 1577 822 1649 Incidi
851 1591 1104 1665 autem,
1140 1576 1301 1644 dum
1332 1599 1534 1668 super
1567 1599 1824 1650 coenam
1849 1576 2030 1644 varia
2071 1575 2396 1645 miracula
2423 1577 2584 1646 hinc

446 1687 601 1757 inde
625 1687 1025 1758 referuntur.
1046 1689 1299 1780 Magna
1329 1687 1624 1755 auctoris
1655 1683 1818 1752 fides
1843 1710 1858 1752 τ
1883 1686 2146 1754 tametsi
2175 1684 2342 1779 quid
2369 1700 2584 1780 poetae

446 1822 601 1870 cum
638 1797 811 1870 fide?
844 1803 909 1869 Is
947 1811 1169 1868 tamen
1212 1811 1479 1884 auctor,
1509 1796 1620 1866 cui
1665 1795 1836 1864 bene
1867 1793 1974 1864 vel
2021 1795 2372 1878 historiam
2415 1798 2580 1874 scri-

378 1945 406 1980 2
444 1924 683 2005 pturus
738 1907 1147 1980 credidisses.
1200 1909 1320 1976 Est
1378 1907 1449 1974 in
1503 1905 1731 1976 Africa
1788 1904 2224 1999 hipponensis
2283 1903 2583 1996 colonia,

442 2023 611 2091 mari
669 2022 1021 2117 proxima:
1050 2017 1309 2112 adjacet
1359 2019 1421 2086 ei
1473 2015 1852 2112 navigabile
1902 2030 2214 2110 stagnum
2232 2068 2251 2101 ,
2287 2041 2368 2084 ex
2413 2040 2581 2111 quo,

444 2133 515 2201 in
549 2131 825 2202 modum
847 2129 1165 2216 fluminis,
1196 2129 1582 2197 aestuarium
1601 2125 1906 2222 emergit,
1933 2125 2116 2220 quod
2141 2127 2284 2196 vice
2301 2124 2582 2214 alterna,

441 2259 646 2338 prout
670 2257 869 2312 oestus
896 2255 1013 2310 aut
1040 2240 1383 2334 repressit,
1404 2253 1523 2307 aut
1543 2235 1844 2333 impulit,
1863 2260 2047 2306 nunc
2073 2235 2360 2306 infertur
2377 2239 2579 2323 mari,

372 2371 405 2423 3
442 2378 625 2423 nunc
654 2352 960 2422 redditur
980 2364 1236 2445 stagno.
1261 2349 1504 2419 Omnis
1521 2350 1634 2420 hic
1652 2364 1808 2418 oetas
1827 2348 2156 2443 piscandi,
2184 2348 2578 2445 navigandi,

442 2478 644 2558 atque
678 2464 875 2532 etiam
917 2460 1192 2530 natandi
1227 2460 1455 2529 studio
1493 2475 1804 2529 tenetur:
1833 2460 2118 2529 maxime
2143 2460 2376 2553 pueri,
2411 2484 2582 2554 quos

443 2575 658 2643 otium
719 2572 1047 2667 ludusque
1098 2570 1427 2641 solicitat.
1457 2572 1580 2639 His
1631 2569 1846 2666 gloria
1889 2582 1958 2639 et
1998 2571 2210 2639 virtus
2261 2568 2582 2639 altissime

442 2682 719 2779 provehi
758 2685 1022 2753 :victor
1076 2681 1220 2770 ille,
1264 2682 1381 2775 qui
1424 2680 1849 2775 longissime,
1894 2695 1968 2750 ut
2013 2680 2204 2770 litus,
2243 2682 2337 2749 ita
2377 2680 2578 2749 simul

372 2816 405 2875 s
442 2810 712 2882 nautea,
750 2792 1039 2889 reliquit.
1077 2796 1224 2863 Hoc
1260 2793 1624 2862 certamine
1665 2816 1837 2887 puer
1870 2791 2184 2887 quidam,
2221 2790 2580 2862 audentior

442 2906 729 2989 caeteris,
751 2906 823 2974 ‚in
846 2903 1164 2974 ulteriora
1192 2901 1523 2975 tendebat.
1546 2899 1925 2996 Delphinus
1947 2904 2271 2993 occurrit,
2297 2918 2367 2973 et
2397 2928 2580 2973 nunc

1632 3112 1682 3145 π.
1701 3096 2038 3163 Hipponensis.
2067 3095 2196 3147 Duo
2221 3093 2382 3167 hujus
2405 3096 2578 3151 nomi·

1556 3172 1638 3226 nis
1663 3174 1818 3227 urbes
1837 3173 1894 3226 in
1911 3174 2091 3227 Africa
2103 3212 2121 3239 ,
2143 3174 2328 3247 Hippo
2353 3176 2576 3247 Reffl'ns,

1557 3264 1638 3319 et,
1677 3271 1798 3325 qno
1845 3272 1990 3307 nnnc
2039 3254 2348 3325 intelligitur
2391 3254 2578 3327 Hippo

1555 3332 1894 3406 Diarrhytus,
1909 3334 1994 3387 eui
2007 3336 2076 3388 ab
2089 3352 2350 3406 aquaru-
2363 3334 2574 3405 irriguis

1555 3432 1869 3486 cognomen.
1917 3412 2088 3468 Hodie
2129 3414 2385 3468 ruderum
2425 3414 2574 3467 locus

510 3096 1115 3153 xxxmfneca-snio
1144 3106 1377 3168 poetav.
1400 3094 1460 3159 Ι,

443 3196 527 3251 ep.
553 3180 615 3241 33
642 3176 813 3247 vm,
834 3195 922 3248 ep.
952 3183 1008 3242 4,
1033 3175 1084 3228 3.
1108 3174 1209 3228 En.

516 3276 565 3311 ι.
596 3264 714 3310 Isto.
756 3255 915 3322 Quod
956 3256 1013 3309 in
1044 3267 1099 3307 te
1132 3264 1228 3309 est.
1262 3252 1460 3307 Plinius

442 3339 545 3403 lv,
568 3340 656 3401 30,
690 3354 736 3390 1.
764 3338 929 3389 Arnai
952 3339 1042 3387 eibi
1065 3337 1325 3403 expett-ia
1348 3352 1460 3384 msa

432 3438 529 3487 pro
551 3419 832 3469 munusculo
850 3417 1167 3485 quoesn‘onem
1180 3452 1197 3478 ‚
1216 3417 1460 3467 alnksima

442 3502 539 3550 ista
562 3498 833 3549 eruditione
855 3498 1204 3564 dignissimam.
1224 3492 1330 3546 Ubi
1346 3491 1456 3545 vid.

441 3576 659 3631 Gesner.
686 3584 739 3627 et
764 3572 1073 3647 Heusinger.
1100 3576 1155 3629 S.
1170 3602 1241 3615 --
1257 3577 1458 3624 Poeeico

440 3650 1456 3726 affiniaouoddacribitvmfifflrfi.
1487 3684 1494 3689 -

512 3740 785 3802 -Magna
802 3736 1183 3805 ωπον-ἐσβαίη.
1208 3732 1319 3785 Cur
1346 3750 1457 3789 non

440 3811 683 3873 nominat
694 3813 1013 3865 avunculum
1026 3830 1205 3876 suum,
1220 3811 1315 3883 qui
1328 3829 1454 3871 nar·-

439 3909 521 3950 rat
538 3894 641 3957 IX,
666 3898 728 3955 8,
748 3890 869 3959 589
890 3890 979 3943 uhi
1000 3892 1175 3962 plures
1206 3890 1263 3944 id
1288 3909 1454 3964 genus

440 3971 681 4047 delphini
704 3982 964 4025 amatores
986 3968 1286 4025 hominum.
1304 3970 1454 4026 simi-

436 4055 500 4109 lis
538 4054 730 4115 etiam,
752 4066 909 4121 quam
946 4066 1010 4102 ex
1031 4048 1240 4121 Apione
1270 4064 1454 4105 narrat

436 4132 642 4188 Gellius
660 4130 798 4195 VII,
820 4132 873 4183 8.
900 4126 968 4181 G.

1553 3510 1716 3565 regno
1746 3492 2024 3546 Tunetsno
2057 3492 2362 3565 adponitur.
2387 3492 2572 3549 Sinum

1555 3572 1629 3625 ibi
1645 3572 1828 3636 fuisse,
1842 3573 2220 3646 hipponensem
2231 3572 2571 3636 dictnm‚tra-

1553 3650 1636 3708 dit
1650 3652 1790 3706 Mela
1809 3654 1868 3718 Ι,
1895 3672 1951 3725 7,
1984 3674 2035 3719 7.
2053 3656 2236 3707 En.—
2253 3656 2524 3722 Adjacet..

1553 3752 1619 3785 ea·
1637 3752 1754 3803 quo.
1779 3735 1922 3787 Cort.
1949 3738 2144 3803 Adjace
2115 3748 2166 3784 et
2183 3754 2250 3785 na
2253 3736 2410 3802 vigabt
2395 3736 2459 3783 ile
2475 3747 2571 3783 sta·

1543 3831 1737 3887 gnum.-
1755 3832 1820 3864 ex
1841 3816 1959 3874 koc,
1981 3814 2170 3886 placet.
2189 3812 2277 3867 sic
2295 3812 2436 3865 enim
2453 3830 2570 3865 nar-

1543 3891 1684 3947 ratio
1706 3890 1950 3946 vividior.
1971 3892 2026 3947 S.

1621 3978 1675 4035 4.
1719 3976 1979 4025 Ulteriora.
2024 3972 2148 4027 Non
2189 3972 2364 4043 stagni
2408 3980 2568 4042 puto,

1547 4049 1641 4105 sed
1659 4050 1816 4105 maris
1836 4069 1851 4114 ς
1871 4053 2149 4107 remotiora
2171 4071 2202 4106 a
2221 4052 2396 4112 litore,
2415 4068 2450 4104 a
2467 4062 2570 4103 tes*-

1548 4147 1626 4184 ra.
1654 4131 1710 4189 S.
