2857 4690
954 386 1517 454 Excunsus
1565 389 1621 455 1.
1837 401 1840 406 ·
1971 401 1980 410 ·
2206 409 2350 480 υς)

382 533 487 590 Vir
516 531 707 590 boum
736 541 795 588 et
824 529 1080 607 prudens
1110 550 1229 588 non
1259 530 1412 588 dicet
1432 553 1448 602 ;
1472 535 1592 591 Cur
1615 549 1724 609 ego
1755 531 2000 590 amicum

382 628 694 688 offendam
716 628 779 685 in
808 627 975 705 nugis
990 631 1017 684 i·
1044 631 1151 688 11ae
1170 647 1335 708 nugae
1356 629 1507 688 seri·
1533 626 1745 686 ducent

390 731 459 784 In
488 726 641 784 mala
669 724 923 783 derisum
951 725 1125 784 semel
1154 723 1574 804 exceptumque
1594 725 1838 783 sinistre.

234 886 517 967 Verum,
543 896 619 951 ut
650 882 789 975 jam
822 882 995 960 dixi,
1030 879 1516 952 emendationis
1552 884 1727 954 ratio
1761 882 1946 952 nulla
1985 897 2085 950 est
2120 882 2346 952 habita

230 995 295 1060 in
329 993 475 1063 istis
506 992 1084 1064 ostentationibus.
1130 992 1336 1082 Quod
1372 995 1426 1062 si
1469 991 1732 1082 fuisset,
1767 991 1946 1062 unde
1991 991 2102 1062 ille
2146 993 2349 1061 timor

230 1097 301 1168 et'
327 1099 579 1195 pallor,
615 1127 750 1195 quo
791 1116 861 1171 et
900 1100 1160 1171 Plinius
1203 1100 1609 1171 auditorium
1652 1103 1908 1170 intrans
1940 1103 2348 1197 corripieba-

228 1221 368 1296 tur,
426 1212 606 1298 Vll,
649 1212 773 1304 Ep.
840 1234 947 1305 17,
998 1211 1115 1294 13,
1157 1225 1224 1279 et
1274 1209 1383 1279 alii
1434 1236 1559 1306 pro
1595 1212 1827 1280 amicis
1877 1213 2351 1299 recitantibuS‚

227 1322 307 1404 V,
337 1321 467 1412 Ep.
507 1342 617 1416 17,
657 1317 746 1390 5?
779 1323 948 1409 Quae
974 1345 1203 1389 caussa
1233 1320 1466 1390 fuisset
1503 1323 1752 1391 Nostro
1794 1321 2069 1391 timendi
2107 1323 2174 1389 in
2205 1323 2347 1415 pri-

228 1429 349 1496 mis
390 1453 541 1516 eos,
576 1431 690 1523 qui
727 1429 1099 1500 doctrinam
1146 1455 1283 1500 non
1320 1430 1737 1528 proferrent,
1767 1429 1879 1500 sed
1913 1430 2209 1500 modeste
2237 1457 2351 1500 ce·-

224 1535 443 1608 larent
459 1592 480 1627 ,
506 1541 635 1610 VII
650 1593 669 1628 ,
692 1542 819 1633 Ep.
858 1537 970 1626 25,
993 1539 1060 1610 1?
1080 1542 1316 1637 Neque
1349 1539 1675 1621 clamores
1704 1537 1798 1612 illi
1828 1554 1894 1612 et
1921 1538 2146 1608 laudes
2176 1540 2353 1610 hanc

222 1649 355 1716 vim
392 1648 641 1717 habere
673 1664 1079 1744 potuerunt,
1126 1664 1236 1736 ut,
1260 1649 1445 1744 quod
1482 1647 1763 1720 Ovidius
1797 1650 2118 1742 putabat,
2159 1650 2348 1744 inge-

220 1757 331 1825 nia
364 1756 799 1828 scribentium
826 1761 1444 1855 excitarent‚quu1n
1483 1759 1794 1828 omnibus
1823 1757 2029 1828 ferme
2071 1763 2350 1829 recitan-

214 1865 395 1936 tibus
444 1869 819 1962 promiscue
864 1873 1369 1966 contingerent,
1408 1893 1534 1938 nec
1574 1867 1727 1962 plus
1767 1867 2102 1957 valerent,
2147 1893 2346 1962 quam

214 1976 422 2045 verba
456 1975 749 2072 publica.
782 1982 959 2050 Hinc
1002 1983 1286 2067 Seneca,
1318 1983 1448 2074 Ep.
1489 1975 1613 2064 52,
1648 2003 1712 2074 p.
1761 1975 1890 2048 531
1917 2031 1941 2066 ,
1977 1978 2347 2048 dementem

207 2084 469 2179 judicat
503 2088 933 2181 scriptorem,
961 2116 1162 2186 quem
1198 2090 1521 2162 clamores
1565 2087 1661 2158 illi
1701 2089 1982 2158 hilarem
2018 2113 2112 2159 ex
2141 2086 2348 2158 audi-

214 2201 395 2266 torio
433 2195 803 2268 dimittant.
