2857 4690
442 361 578 434 262

999 371 1077 439 C.
1133 375 1479 447 PLINII
1530 376 2001 446 SECUND’I

537 491 690 558 XV.
719 491 1062 564 Tribunus
1081 521 1238 566 vero
1257 496 1807 592 disjunctissimas
1826 510 2037 566 terras
2054 550 2074 585 ‚
2098 497 2343 565 teneris
2362 495 2593 565 adhuc

438 599 670 689 anniS,
695 601 824 670 viri
863 602 1181 677 firmitate
1205 607 1498 694 lustrasti
1534 633 1550 676 :
1578 609 1715 704 jam
1748 623 1910 677 tunc
1936 620 2391 701 praemonente
2410 607 2465 674 F
2465 630 2591 674 or-

439 722 642 796 tuna,
674 723 752 778 ut
785 711 904 782 diu
937 715 1206 809 penitus
1236 717 1681 812 perdiscereS‚
1714 743 1861 812 quae
1896 741 2053 786 mox
2084 719 2445 812 praecipere
2470 715 2591 784 de-

375 813 404 887 2'
445 819 653 898 beres.
692 825 930 917 Neque
969 825 1150 895 enim
1194 831 1613 923 prospexisse
1654 842 1869 898 castra
1890 881 1909 915 ,
1956 827 2363 920 brevemque
2408 825 2593 894 miii-

442 932 602 1000 tiam
635 937 826 1026 quasi
856 937 1170 1006 transisse
1185 953 1589 1024 conte-num,
1608 939 1701 1007 ita
1728 939 1921 1034 egisti
1943 938 2328 1024 tribunum,
2346 951 2425 1005 ut
2444 959 2593 1006 esse

443 1043 667 1112 statim
707 1042 843 1114 dux
883 1071 1144 1140 posses,
1181 1048 1486 1144 nihilque
1526 1047 1919 1118 discendum
1958 1048 2239 1118 haberes
2278 1062 2591 1142 tempore

373 1159 406 1215 3
444 1152 750 1224 docendi.
778 1159 1167 1253 Cognovisti
1193 1185 1312 1254 per
1335 1158 1669 1255 stipendia
1704 1158 1970 1244 decem,
1996 1163 2215 1229 mores
2244 1159 2584 1254 gentium,

443 1261 796 1359 regionum
817 1267 1015 1352 sitm,
1037 1269 1575 1363 opportunitates
1590 1268 1926 1357 locorum3
1944 1283 2011 1338 et
2030 1268 2357 1338 diversam
2378 1291 2591 1364 aqua-

444 1399 596 1442 rum
645 1373 922 1469 caelique
973 1377 1394 1472 temperiem,
1445 1393 1531 1447 ut
1581 1378 1837 1474 patrios
1882 1379 2099 1448 fontes
2152 1378 2592 1473 patriumque

443 1484 660 1575 sidus,
697 1485 872 1555 ferre
913 1488 1335 1559 consuevisti.
1387 1489 1675 1578 Quoties
1728 1515 1971 1584 equ08,
2007 1489 2271 1584 quoties
2306 1486 2591 1556 emerita

371 1606 404 1666 4
445 1617 630 1662 arma
659 1595 963 1667 mutasti!
995 1597 1242 1668 Veniet
1267 1622 1427 1693 ergo
1452 1613 1587 1668 tem
1596 1623 1749 1693 puS,
1774 1625 1909 1694 quo
1930 1599 2179 1695 posteri
2206 1597 2419 1667 visere
2437 1648 2458 1683 ‚
2483 1593 2615 1664 vi-'

445 1705 604 1774 send
615 1731 726 1774 um
759 1707 1024 1808 tradere
1053 1708 1428 1779 minoribus
1451 1711 1589 1778 suis
1607 1711 1893 1805 gestient
1910 1763 1930 1798 ‚
1958 1710 2109 1805 quis
2138 1709 2415 1779 sudores
2435 1722 2593 1776 tuos

441 1876 528 1925 illo
549 1874 744 1929 scilicet
761 1875 817 1929 in
832 1875 1328 1930 Germaniam.Tota
1345 1875 1461 1929 hoee

443 1953 704 2025 appendix
727 1955 914 2009 melius
933 1957 1141 2010 abesset
1161 1973 1175 2009 ε
1196 1955 1290 2010 sed
1311 1959 1338 2006 ἡ
1361 1955 1463 2007 Pli-

444 2033 536 2086 nio
547 2053 660 2088 esse
673 2035 934 2090 concedo.
949 2040 1138 2106 Dignus
1151 2040 1324 2089 itinere
1335 2055 1465 2090 eane

445 2113 726 2167 mirificum
747 2127 823 2170 est
851 2134 864 2169 :
886 2137 989 2184 pat·
1007 2120 1174 2169 itineri
1201 2128 1348 2170 recte
1369 2115 1466 2168 ali·

444 2193 563 2263 quis
583 2193 724 2246 dicat
741 2232 758 2258 ,
777 2214 885 2248 nou
909 2199 1086 2265 dignus
1105 2199 1296 2248 itiner-e.
1317 2195 1467 2249 Sicut

445 2287 602 2324 nemo
617 2271 820 2332 dixerit
855 2277 1030 2342 de'gnns
1057 2274 1466 2344 labore.1taque

445 2370 642 2405 mutu-’re
659 2354 761 2405 alio
780 2356 954 2422 dignus
974 2354 1160 2406 melius
1180 2366 1294 2407 est.
1317 2364 1369 2407 et
1385 2363 1466 2405 eat

445 2428 678 2495 durum,
700 2430 1081 2511 expeditionem
1101 2431 1381 2485 bellicam‘
1365 2444 1467 2485 iter

443 2498 756 2579 simpliciter
766 2510 891 2563 dici.
911 2510 1048 2563 Emt-

517 2588 638 2640 XV.
657 2606 704 2641 1.
721 2591 1151 2659 Disjuncte'ssae'mas.
1163 2588 1433 2659 Parthiam
1449 2628 1465 2654 ,

446 2666 756 2739 Hispaniam
769 2706 783 2731 ,
801 2666 1160 2721 Germaniam.
1181 2669 1286 2721 En.
1303 2675 1467 2721 —Te-

445 2749 572 2797 neris
595 2749 758 2799 annis.
779 2747 916 2800 Nam
941 2746 1142 2799 tribuni
1161 2784 1178 2811 ,
1207 2747 1302 2800 illo
1319 2766 1431 2801 aevo
1450 2787 1466 2814 ,
1494 2766 1499 2769 ·

447 2824 807 2879 adolescentes
827 2826 1039 2880 fiebant.
1055 2826 1361 2881 Hadrianus
1378 2827 1469 2882 de-

446 2926 596 2961 mum
622 2907 846 2959 instituit
863 2944 880 2971 ‚
905 2910 1149 2959 neminem
1187 2909 1432 2959 tribunum
1446 2947 1463 2971 ,

447 2990 546 3037 misi
544 2990 700 3055 plena
717 2989 1014 3058 barbafieri.
1029 2986 1130 3039 En.
1147 2992 1465 3040 -Fonuna,

445 3066 634 3138 Populi
646 3066 866 3120 Romani
875 3066 1162 3119 Fortunam
1173 3078 1305 3139 puto
1319 3067 1472 3121 intel-

447 3145 556 3218 ligi.
584 3147 685 3199 Pro
713 3162 1049 3215 pret-monente
1083 3148 1233 3200 malit
1258 3146 1469 3219 Lipsius

443 3230 794 3295 pru-muniente
805 3266 822 3290 ,
857 3228 942 3281 vel
969 3230 1324 3295 prcemolieme.
1363 3226 1471 3280 Sed

449 3304 554 3359 hoc
569 3308 684 3379 ipso
695 3310 986 3376 proemmu'it
1001 3319 1054 3359 et
1063 3310 1348 3375 praemoliea
1365 3322 1464 3369 ese,

448 3387 596 3459 quod
615 3389 780 3451 rebus
811 3388 935 3460 ἱροὶ·
959 3399 1012 3441 et
1039 3397 1163 3441 actu
1188 3404 1310 3438 enm
1331 3406 1469 3453 pra·-

451 3472 654 3520 monm't.
673 3468 742 3521 G.

525 3568 578 3601 a.
605 3551 918 3615 Prospeoeisse
942 3562 1126 3599 casem.
1148 3544 1374 3598 Eminus
1391 3556 1471 3597 at-

451 3646 556 3698 que
571 3646 602 3680 e
619 3627 910 3700 longinquo
925 3638 1094 3680 castra
1115 3624 1326 3679 vidisse.
1343 3624 1469 3677 Haec

453 3718 531 3760 est
559 3706 730 3778 prima
767 3706 1004 3759 sonuuloe
1029 3705 1172 3757 illius
1202 3704 1350 3757 notio
1369 3742 1385 3769 ,
1408 3714 1469 3755 ut

450 3798 592 3840 recte
611 3786 876 3860 judicavit
897 3784 1224 3840 schwartius
1244 3804 1260 3847 ;
1284 3782 1378 3835 sed
1403 3800 1469 3835 ea

452 3887 560 3919 non
579 3867 648 3922 ad
675 3866 1009 3921 timiditatem
1033 3862 1322 3917 notandam
1343 3899 1360 3923 ,
1383 3880 1470 3915 ve-

448 3966 570 4001 rum
590 3948 764 4021 potius
791 3948 860 3999 ad
885 3945 1054 3997 levem
1078 3943 1204 3995 artis
1227 3940 1469 3993 militaris

447 4030 719 4083 scientiam
785 4024 1032 4099 pertinet.
1073 4021 1290 4075 Variate
1338 4039 1461 4073 mox

445 4108 586 4162 idem
595 4110 650 4161 Pl
657 4109 794 4159 iuius
808 4111 992 4155 brevem
1001 4105 1226 4153 militiam
1235 4105 1466 4153 transisse

444 4191 592 4251 dicit,
605 4189 708 4240 hor.
724 4198 802 4239 est
818 4184 1010 4243 obiter,
1029 4194 1082 4233 et
1099 4187 1162 4243 ὣς
1183 4186 1232 4236 ἐν
1249 4178 1456 4253 παρόδῳ

445 4284 762 4339 cognoscere
773 4282 884 4317 rem
897 4262 1058 4314 milita
1065 4278 1174 4313 rem
1183 4260 1463 4325 ,Qua-huic

1562 1874 1761 1928 levitati
1784 1875 2056 1929 contraria
2080 1887 2232 1938 sunt,
2258 1873 2387 1926 inde
2407 1891 2440 1926 a
2466 1874 2497 1941 S
2520 1873 2551 1926 3
2573 1909 2591 1936 ,

1562 1973 1659 2026 per
1684 1968 1859 2026 partes
1882 1953 2117 2026 singulae
2137 1965 2492 2026 exponuntur.
2521 1953 2591 2005 E.

1562 2065 1634 2076 —
1658 2041 1721 2086 Ut
1738 2055 1841 2087 esse
1856 2039 2041 2088 statim.
2068 2033 2233 2086 Inniti
2260 2032 2415 2105 quasi
2434 2043 2487 2086 et
2506 2031 2595 2084 in·

1564 2115 1747 2168 sistere
1771 2125 1981 2187 oportet
2016 2133 2125 2167 non
2151 2114 2207 2166 in
2238 2117 2347 2164 dua-
2362 2151 2381 2175 ,
2410 2110 2507 2164 sed
2533 2111 2591 2163 in

1563 2214 1683 2247 esse.
1712 2195 1833 2246 Non
1865 2194 1970 2246 hoc
2000 2193 2114 2246 vult
2149 2192 2371 2254 Plinius,
2402 2191 2595 2262 Traja-

1564 2289 1695 2326 nnm
1715 2309 1732 2336 ‚
1758 2290 1789 2324 a
1810 2291 1921 2344 quo
1944 2285 2181 2342 tempore
2207 2271 2455 2323 tribunus
2478 2270 2595 2322 fne-

1564 2354 1633 2407 rit
1649 2394 1666 2419 ,
1686 2353 1859 2407 statim
1878 2354 2107 2424 potuisse
2128 2354 2301 2403 ducem
2318 2368 2433 2403 esse
2458 2368 2471 2403 ε
2496 2348 2593 2403 sed

1564 2432 1671 2486 hoc
1688 2471 1705 2498 ‚
1728 2434 1803 2486 ita
1831 2432 1925 2485 diu
1954 2430 2238 2503 perstitisse
2264 2430 2318 2483 in
2345 2430 2592 2483 tribuna-

1566 2524 1660 2578 tu,
1681 2511 1751 2565 ad
1770 2532 1929 2585 quem
1948 2512 2141 2565 teneris
2154 2511 2267 2583 jam
2288 2508 2443 2562 annis
2462 2528 2593 2581 per·

1565 2603 1781 2645 venerat
1798 2628 1815 2655 ‚
1840 2604 1895 2643 ut
1912 2588 2113 2644 deinde
2132 2589 2243 2642 dux
2262 2590 2435 2641 factus
2452 2628 2469 2655 ,
2490 2600 2595 2641 sta·

1566 2670 1657 2722 tim
1679 2686 1800 2722 essee
1822 2670 1927 2723 dux
1946 2707 1963 2735 ,
1987 2689 2095 2723 non
2119 2668 2333 2722 nomine
2350 2668 2515 2721 modo
2540 2680 2595 2722 et

1566 2750 1739 2821 speeie
1756 2786 1772 2813 ,
1801 2750 1891 2803 sed
1920 2769 1979 2803 re
2005 2760 2059 2803 et
2084 2750 2255 2803 sactis.
2276 2750 2483 2820 Nempe
2510 2752 2597 2800 de-

1566 2848 1669 2881 cem
1692 2833 1967 2899 stipendia,
1990 2829 2059 2883 de
2079 2830 2272 2902 quibus
2298 2828 2475 2882 statim
2496 2866 2513 2891 ,
2536 2828 2593 2880 in

1564 2910 1841 2963 tribunatu
1858 2908 2051 2963 meruit
2064 2946 2079 2974 ,
2094 2928 2203 2962 non
2226 2908 2513 2961 universim
2534 2908 2595 2959 in

1568 2989 1771 3042 militia.
1793 2989 1863 3041 G.

1640 3067 1693 3121 3.
1718 3073 1897 3119 Decem
1921 3070 2182 3137 stipendia.
2200 3067 2419 3138 Equites
2448 3066 2595 3119 enim

1568 3146 1707 3201 dena
1726 3147 1986 3220 stipendia
2006 3185 2023 3212 ‚
2044 3146 2247 3221 pedites
2270 3148 2457 3201 vicena
2495 3148 2597 3199 im-

1570 3228 1717 3299 plere
1740 3228 2023 3301 oportebat
2060 3229 2202 3281 intra
2234 3242 2436 3279 annum
2458 3244 2597 3298 qua-

1568 3304 1929 3378 dragesimum
1950 3318 2176 3361 sextum.
2196 3308 2300 3359 En.

1642 3392 1694 3448 6.
1724 3390 1997 3439 Minoribus
2019 3388 2135 3438 sm's.
2156 3390 2265 3437 Sm's
2285 3385 2329 3438 ei
2350 3384 2557 3437 ahesaet
2576 3422 2595 3449 ,

1569 3484 1677 3518 non
1702 3464 2058 3519 desidet-amn
2083 3481 2097 3518 ε
2118 3464 2289 3519 nolim
2305 3476 2483 3517 tamen
2503 3482 2599 3517 ne-

1526 3578 1535 3587 ·
1568 3563 1692 3617 gare
1710 3582 1725 3610 ,
1748 3564 1779 3598 a
1802 3544 1973 3599 Plinio
1999 3544 2297 3617 profectum
2314 3562 2447 3597 esne.
2468 3542 2595 3595 Mox

1567 3624 1619 3677 J.
1640 3626 1705 3677 A.
1726 3624 1997 3677 Ernestius
2015 3623 2361 3697 probabiliter
2378 3622 2597 3693 corrigit

1568 3708 1658 3773 qm'
1665 3706 1883 3757 sudores.
1896 3703 1951 3759 S.
1962 3734 2035 3745 —
2048 3708 2278 3773 Tempus,
2294 3721 2395 3771 quo
2404 3705 2599 3771 poster-i

1568 3786 1733 3844 visere,
1744 3786 2097 3851 visendamque
2109 3787 2305 3835 eradere
2321 3785 2595 3833 minoribns

1566 3865 1665 3914 mis
1672 3865 1895 3931 gestient.
1908 3862 2205 3915 Delendum
2217 3866 2314 3914 suis
2324 3882 2345 3914 .·
2356 3860 2503 3933 quod
2520 3874 2597 3915 est

1566 3958 1597 3993 a
1619 3939 1834 3993 librario
1852 3941 2145 3995 Germano.
2164 3942 2381 3995 Emn—
2390 3941 2519 3994 Mox
2539 3942 2596 3993 iu

1562 4022 1669 4087 qm‘s
1684 4023 1883 4072 sudores
1896 4004 2005 4073 tuo}
2018 4022 2235 4071 lamesere'e
2248 4040 2469 4087 campus,
2483 4039 2599 4073 cor·

1560 4096 1663 4173 rigi
1694 4098 1849 4152 debet
1880 4104 1985 4169 qm'.
2015 4100 2216 4151 Ultima
2246 4098 2393 4151 litera
2422 4098 2600 4151 adhae-

1562 4181 1629 4233 sit.
1658 4200 1689 4231 e
1722 4192 1973 4251 sequente
2000 4181 2159 4231 verbo
2184 4198 2195 4230 :
2236 4198 2361 4231 nam
2390 4190 2440 4229 et
2470 4198 2593 4229 mus

1562 4264 1925 4327 quodtertun1;
1942 4278 2049 4310 nnn
2068 4262 2193 4325 quid
2204 4279 2221 4309 .·
2242 4268 2425 4329 estque
2438 4257 2597 4328 pinne
