2857 4690
930 371 1468 439 EPISTOLA
1511 373 1728 438 XIX.

2303 370 2394 468 75

266 498 457 566 rebus
502 495 644 564 suis
682 494 814 562 hoc
845 514 1061 561 unum
1104 493 1407 576 referret,
1453 495 1544 562 ita
1583 519 1804 564 secum
1833 494 2195 589 ¹aliquando
2232 495 2394 568 Clu-

264 609 443 675 vium
471 605 833 699 loquutum
855 631 871 672 :
895 605 1118 690 «Scis,
1139 605 1449 698 Vergini,
1480 629 1628 698 quae
1655 605 1948 673 historiae
1971 604 2134 674 fides
2160 605 2398 676 debea-

265 733 411 786 tur:
438 715 725 812 proinde
752 718 807 784 si
835 714 998 809 quid
1036 715 1109 783 in
1140 715 1433 784 historiis
1470 717 1634 784 meis
1668 714 1828 810 legis
1855 716 2048 784 aliter
2075 741 2152 785 ac
2179 715 2400 805 velleS,

265 853 429 924 rogo
459 829 787 922 ignoscas.
806 855 841 890 »
866 825 973 894 Ad
1004 825 1135 894 hoc
1157 827 1251 894 sic
1274 824 1462 893 illum
1487 851 1502 893 τ
1531 829 1774 895 «Tune
1792 881 1810 912 ‚
1842 825 2077 911 Cluvi,
2103 828 2400 920 ignoras,

264 939 413 1008 ideo
438 963 549 1007 me
576 937 834 1024 fecisse,
860 935 1043 1031 quod
1074 935 1229 1022 feci,
1256 951 1331 1004 ut
1362 951 1535 1005 esset
1562 934 1848 1006 liberum
1875 937 2062 1004 vobis
2091 937 2402 1014 scribere,

260 1074 409 1144 quae
441 1047 838 1118 libuisset?»
873 1045 1212 1143 Agedum,
1254 1047 1434 1115 hunc
1465 1049 1681 1140 ipsum
1724 1048 2124 1116 Frontinum
2165 1048 2235 1115 in
2272 1047 2402 1116 hoc
2437 1061 2470 1111 6

262 1164 439 1255 ipsc,
468 1162 537 1228 in
569 1184 705 1254 quo
741 1159 859 1227 tibi
890 1160 1157 1251 parcior
1185 1156 1449 1225 videtur
1474 1172 1539 1225 et
1567 1158 1884 1250 pressior,
1912 1181 2396 1250 comparemus,

258 1269 494 1340 Vetuit
517 1270 769 1338 exstrui
786 1268 1314 1336 monimentum:
1346 1265 1460 1335 sed
1485 1267 1730 1361 quibus
1758 1265 2020 1336 verbis?
2041 1297 2074 1332 «
2093 1271 2404 1362 Impensa

258 1385 660 1454 monimenti
711 1407 1123 1480 supervacua
1168 1398 1304 1469 est3
1360 1384 1684 1450 memoria
1727 1385 1940 1451 nostri
1989 1383 2292 1471 durabit,
2345 1385 2404 1452 si

257 1495 393 1564 vita
434 1495 885 1564 meruimuS.»
913 1497 1016 1564 An
1062 1494 1432 1563 restrictius
1469 1494 1815 1563 arbitraris
1853 1519 1973 1589 per
2009 1495 2241 1564 orbem
2279 1510 2406 1564 ter·

262 1629 487 1674 rarum
528 1603 885 1700 legendum
922 1605 1111 1688 dare,
1154 1604 1546 1674 duraturam
1589 1607 1982 1674 memoriam
2025 1607 2162 1692 sui,
2202 1631 2403 1699 quam

262 1743 394 1786 uno
418 1719 490 1785 in
513 1715 664 1786 loco
687 1716 948 1785 duobus
974 1714 1315 1786 versiculis
1335 1717 1634 1810 signare,
1656 1717 1837 1810 quod
1861 1716 2131 1786 feceris?
2146 1719 2402 1806 Quam·
2438 1749 2470 1799 7

261 1851 462 1922 quam
484 1853 625 1896 non
639 1827 855 1896 habeo
870 1829 1291 1922 propositum
1312 1826 1498 1895 illum
1517 1827 2078 1921 reprehendendi,
2094 1827 2209 1896 sed
2222 1828 2404 1896 hunc

260 2011 533 2064 Secimdns
550 2049 567 2073 ,
597 2010 691 2081 qui
720 2022 835 2064 tum
861 2009 993 2063 alias
1013 2048 1028 2073 ,
1057 2022 1169 2062 tum
1202 2011 1284 2062 lu-

261 2092 500 2146 culenter
515 2091 574 2143 in
594 2089 863 2144 Archiam
885 2091 1123 2144 oratione
1138 2089 1287 2142 hunc

260 2170 435 2224 locum
490 2181 682 2223 tractat
699 2209 716 2234 ,
761 2174 995 2239 optimum
1050 2187 1287 2237 quemque

261 2255 421 2302 laudis
436 2253 606 2302 sudio
639 2253 787 2301 trahi.
821 2249 977 2302 Plura
1004 2248 1106 2302 huc
1136 2247 1205 2301 de
1226 2267 1285 2302 re

260 2331 311 2383 in
352 2330 668 2403 profatione
699 2329 791 2383 ubi
835 2327 1161 2383 ostendimus
1185 2367 1201 2393 ,
1228 2327 1284 2381 id

259 2412 435 2483 ipsum
458 2410 708 2465 Secundo
732 2411 923 2463 harum
942 2409 1285 2480 epistolarum

258 2490 335 2544 vel
383 2490 791 2544 scribendarum
834 2489 919 2542 vel
958 2488 1285 2542 edendarum

261 2570 539 2623 consilium
566 2570 747 2623 fuisse.
770 2569 837 2622 G.

326 2652 379 2705 5.
396 2656 471 2701 Π.
504 2653 694 2702 Cluvius
711 2652 889 2721 Rufi-‘e
914 2649 999 2702 vir
1022 2646 1284 2703 facundus

260 2731 513 2801 lucisque
556 2728 761 2781 artibus
806 2728 981 2783 clarus
995 2770 1012 2795 ,
1048 2731 1148 2783 sub
1180 2731 1283 2782 Ne-

264 2826 383 2862 rone
411 2808 699 2861 consulatu
729 2808 971 2874 functus,
994 2828 1045 2862 a.
1073 2809 1160 2862 ch.
1192 2812 1283 2879 76,

263 2888 463 2961 scripsit
516 2887 795 2940 historiam
854 2890 936 2941 sui
990 2890 1243 2962 temporis
1267 2928 1282 2952 ,

262 2985 419 3038 qum
438 2966 665 3021 Tacitus
686 2965 891 3021 laudat.
910 2968 1098 3021 En.-—-
1113 2972 1281 3021 Venas.

264 3046 467 3101 eortius
491 3059 545 3101 et
564 3046 858 3119 Gierigius:
880 3052 1023 3101 velis.
1046 3049 1133 3101 Nil
1156 3061 1285 3120 puto

264 3127 475 3181 referre.
494 3159 569 3169 -
586 3128 711 3180 Mox
734 3129 912 3182 malim
930 3147 1055 3182 cum
1070 3130 1251 3183 Cortio
1267 3169 1283 3194 ,

266 3210 345 3257 Ad
356 3211 457 3261 Ιιοι·
478 3210 577 3260 ille.
598 3208 653 3261 S.

324 3316 397 3328 -—-
426 3292 591 3349 nme,
624 3290 775 3339 Cluvi.
798 3287 880 3341 Sic
902 3308 933 3342 e
958 3288 1199 3343 Mediceo
1218 3290 1283 3343 li·

264 3364 353 3418 bro
386 3366 625 3419 Cot-tius.
651 3365 805 3419 G.-'-
822 3373 904 3419 Me
918 3370 1122 3438 fecisse,
1150 3373 1291 3437 quod

258 3446 363 3509 fici.
386 3446 481 3499 Me
509 3446 789 3518 imperium
818 3447 1111 3502 adseruisse
1134 3487 1149 3513 ,
1174 3468 1281 3503 non

266 3524 387 3579 mihi
406 3566 423 3591 ,
442 3526 537 3581 sed
560 3528 759 3599 patrias.
783 3529 838 3583 S.

327 3602 379 3651 6.
400 3602 617 3650 Parcior
636 3614 689 3650 et
697 3603 925 3666 pressior.
952 3604 1163 3652 Parcior
1178 3618 1283 3653 suae

264 3674 429 3731 laudis
442 3716 459 3743 ,
474 3692 526 3732 et
532 3682 754 3748 pressior
768 3678 823 3731 id
844 3691 920 3733 est
936 3679 1277 3743 moderatior,

266 3771 365 3809 non
382 3758 619 3812 effa-ens
639 3776 715 3811 se.
730 3764 954 3811 Pressum
972 3760 1113 3813 enim
1131 3759 1284 3813 luxu·

264 3834 415 3890 rianti
434 3879 449 3904 ,
480 3836 753 3909 superfluo
776 3876 792 3902 ‚
819 3840 1050 3910 opponi,
1078 3839 1163 3891 vel
1184 3857 1281 3891 no·

268 3914 352 3967 stri
373 3916 609 3972 Secundi
632 3934 757 3970 usus
773 3956 789 3981 ,
815 3936 879 3971 ex
899 3918 1073 3973 indice
1092 3932 1250 3973 notus
1268 3958 1282 3982 ,

269 3996 383 4047 satis
408 3996 587 4051 docet.
608 3996 679 4049 G.

332 4082 513 4127 —Per
540 4080 711 4127 orbem
753 4092 1006 4130 terrarum.
1035 4077 1173 4133 Hinc
1202 4079 1284 4131 in-

270 4150 545 4226 telligimus
564 4192 581 4219 ,
625 4156 789 4207 verba
838 4154 1077 4210 Frontini
1125 4157 1287 4212 modo

1384 2009 1673 2080 adscripta,
1701 2028 1808 2062 non
1837 2009 1892 2062 in
1921 2009 2215 2062 testamenti
2241 2009 2404 2063 modo

1382 2089 1580 2142 tabulis
1609 2100 1700 2141 aut
1740 2089 1934 2160 scripto
1961 2090 2166 2160 privato
2199 2089 2368 2160 posita
2387 2131 2403 2156 ,

1383 2166 1476 2221 sed
1496 2169 1552 2220 in
1576 2168 1773 2221 librum
1801 2168 1856 2220 in
1883 2167 2074 2239 vulgus
2103 2167 2304 2221 editum
2329 2187 2407 2222 re·

1384 2249 1492 2302 lata
1513 2267 1642 2302 esse.
1661 2247 1899 2319 Opponit
1915 2249 2057 2301 enim
2075 2247 2278 2300 Plinius
2293 2249 2406 2302 haec

1382 2327 1492 2382 cluo
1509 2367 1524 2391 ,
1549 2350 1644 2397 per
1679 2332 1843 2382 orbem
1875 2341 2116 2380 terrarum
2154 2332 2407 2398 legendum

1382 2412 1532 2469 dare,
1555 2420 1607 2462 et
1626 2447 1642 2472 ,
1666 2430 1762 2461 uno
1782 2414 1832 2460 in
1855 2414 1986 2469 loco,
2009 2427 2202 2481 nempe
2219 2410 2277 2462 in
2297 2428 2408 2463 mo—

1382 2488 1620 2540 nimento
1646 2488 1900 2561 sepulcri,
1933 2492 2122 2539 duobus
2155 2492 2408 2541 versiculis

1382 2572 1594 2636 signare.
1612 2566 1754 2620 G.-—
1765 2572 2058 2637 Legendum.
2080 2567 2406 2623 Gesneriana

1382 2651 1666 2715 legendam,
1697 2645 2022 2718 negligentia
2042 2688 2056 2714 ,
2085 2659 2216 2719 puto
2235 2686 2252 2711 ‚
2279 2666 2406 2721 ope·

1380 2746 1583 2781 rurum.
1614 2728 1668 2781 S.

1455 2826 1504 2877 7.
1547 2812 1720 2858 Habeo
1750 2812 2052 2875 propositum
2093 2805 2296 2879 aliquid
2335 2808 2410 2861 fa-

1382 2884 1590 2949 ciendi,
1627 2902 1735 2939 non
1779 2886 2028 2941 abhorret
2064 2906 2092 2938 a
2129 2886 2404 2941 latinitate.

1381 2965 1511 3018 vid.
1532 2966 1777 3019 vorstius
1800 2964 1870 3019 de
1891 2967 1981 3019 lat.
2008 2966 2142 3019 salso
2168 2978 2408 3038 suspecta

1382 3064 1436 3116 p.
1462 3044 1564 3098 306
1583 3062 1909 3118 quamquam
1932 3048 2042 3099 Cic.
2065 3047 2238 3117 potius
2255 3044 2406 3109 dicit,

1373 3129 1614 3193 proposui
1628 3128 1769 3188 mihi,
1787 3130 2092 3195 propositum
2117 3128 2239 3176 ηιιἹιί
2253 3140 2324 3176 ese
2341 3124 2408 3178 de

1384 3206 1652 3258 voluntate
1667 3205 1984 3277 agundia-„1
1989 3216 2134 3269 uvat,
2149 3204 2232 3257 vel
2245 3206 2408 3257 animi

1380 3302 1574 3338 caussa
1594 3322 1610 3347 ,
1638 3285 1953 3357 Verginium
1982 3285 2140 3337 etiam
2162 3302 2228 3334 ex
2255 3288 2406 3337 colla-

1380 3368 1512 3416 tione
1525 3369 1685 3415 Naevii
1698 3378 1864 3435 poetae
1880 3360 2186 3416 defendere.
2200 3364 2254 3415 Is
2268 3364 2408 3417 enim

1380 3444 1598 3497 inscribi
1633 3442 1876 3516 sepulcro
1918 3462 2014 3496 suo
2044 3443 2212 3496 voluit
2249 3445 2360 3497 hoec
2389 3462 2404 3496 ε

1380 3528 1610 3577 Mortalis
1629 3526 1916 3575 immortalis
1925 3526 2058 3593 flere
2086 3527 2132 3575 si
2142 3526 2403 3595 fhretfm‚

1380 3608 1576 3657 Flet-em
1604 3608 1728 3657 diva·
1773 3606 2014 3655 Camoenoe
2045 3608 2264 3657 Noevium
2284 3626 2408 3674 poe·

1384 3701 1503 3738 tam.
1531 3691 1709 3752 Itaque
1716 3698 1983 3751 postquam
2007 3698 2078 3735 est
2105 3688 2280 3736 Orcino
2303 3701 2408 3737 era·

1380 3768 1508 3815 ditm
1555 3766 1782 3814 thesauro
1797 3802 1812 3824 ‚
1867 3766 2045 3815 Oblieei
2087 3780 2204 3817 sune
2241 3770 2408 3818 Roma

1378 3846 1568 3911 qum'er
1581 3845 1761 3893 Latina
1781 3846 1964 3911 lingua.
1981 3843 2182 3897 Gellius
2196 3846 2262 3897 N.
2275 3847 2340 3897 A.
2356 3846 2405 3909 I,

1383 3930 1469 3986 24.
1488 3922 1597 3975 Nec
1617 3920 1788 3975 multo
1817 3922 2102 3977 modestior
2124 3924 2223 3977 fuit
2251 3924 2404 3979 Plau-

1376 4013 1484 4053 tus.
1519 3998 1657 4053 Ibid.
1685 4031 1754 4040 —
1777 4000 2088 4056 Frontinum
2123 4022 2250 4058 vero
2281 4022 2404 4056 cum

1380 4080 1626 4151 Agesilao
1669 4081 2004 4135 conferamus
2023 4122 2038 4148 ,
2070 4083 2196 4155 qui,
2238 4101 2400 4154 quum

1381 4159 1734 4215 celeberrimae
1771 4161 1981 4217 Graecioe
2023 4164 2259 4216 civitates
2298 4174 2400 4215 sta-
