<?xml version="1.0" encoding="UTF-8"?>
<!DOCTYPE html PUBLIC "-//W3C//DTD XHTML 1.0 Transitional//EN"
    "http://www.w3.org/TR/xhtml1/DTD/xhtml1-transitional.dtd">
<html xmlns="http://www.w3.org/1999/xhtml" xml:lang="en" lang="en">
 <head>
  <title>
</title>
<meta http-equiv="Content-Type" content="text/html;charset=utf-8" />
  <meta name='ocr-system' content='tesseract 3.04.00' />
  <meta name='ocr-capabilities' content='ocr_page ocr_carea ocr_par ocr_line ocrx_word'/>
</head>
<body>
  <div class='ocr_page' id='page_1' title='image "./cpliniisecundie00schgoog_0240.png"; bbox 0 0 2857 4690; ppageno 0'>
   <div class='ocr_carea' id='block_1_1' title="bbox 933 345 2356 424">
    <p class='ocr_par' dir='ltr' id='par_1_1' title="bbox 933 345 2356 424">
     <span class='ocr_line' id='line_1_1' title="bbox 933 345 2356 424; baseline -0.008 -6"><span class='ocrx_word' id='word_1_1' title='bbox 933 351 1510 424; x_wconf 86' lang='lat' dir='ltr'><strong>EXCURSUS·</strong></span> <span class='ocrx_word' id='word_1_2' title='bbox 1549 352 1646 419; x_wconf 88' lang='lat'>11.</span> <span class='ocrx_word' id='word_1_3' title='bbox 2208 345 2356 416; x_wconf 77' lang='lat'>231.</span> 
     </span>
    </p>
   </div>
   <div class='ocr_carea' id='block_1_2' title="bbox 212 468 2368 4179">
    <p class='ocr_par' dir='ltr' id='par_1_2' title="bbox 212 468 2357 1640">
     <span class='ocr_line' id='line_1_2' title="bbox 212 468 2346 558; baseline -0.002 -18"><span class='ocrx_word' id='word_1_4' title='bbox 212 472 477 542; x_wconf 77' lang='lat' dir='ltr'>sactum</span> <span class='ocrx_word' id='word_1_5' title='bbox 514 486 655 558; x_wconf 86' lang='lat' dir='ltr'>est,</span> <span class='ocrx_word' id='word_1_6' title='bbox 688 485 765 542; x_wconf 92' lang='lat' dir='ltr'>ut</span> <span class='ocrx_word' id='word_1_7' title='bbox 797 473 999 540; x_wconf 84' lang='lat' dir='ltr'>etiam</span> <span class='ocrx_word' id='word_1_8' title='bbox 1036 470 1229 542; x_wconf 89' lang='lat' dir='ltr'>liberi</span> <span class='ocrx_word' id='word_1_9' title='bbox 1262 473 1554 549; x_wconf 75' lang='lat' dir='ltr'>hominis</span> <span class='ocrx_word' id='word_1_10' title='bbox 1591 497 1746 542; x_wconf 88' lang='lat' dir='ltr'>cum</span> <span class='ocrx_word' id='word_1_11' title='bbox 1780 468 2153 540; x_wconf 86' lang='lat' dir='ltr'>concubina</span> <span class='ocrx_word' id='word_1_12' title='bbox 2189 493 2346 536; x_wconf 86' lang='lat' dir='ltr'>con·</span> 
     </span>
     <span class='ocr_line' id='line_1_3' title="bbox 214 577 2348 678; baseline -0.003 -26"><span class='ocrx_word' id='word_1_13' title='bbox 214 582 515 652; x_wconf 84' lang='lat' dir='ltr'>suetudo</span> <span class='ocrx_word' id='word_1_14' title='bbox 556 583 652 651; x_wconf 89' lang='lat' dir='ltr'>ita</span> <span class='ocrx_word' id='word_1_15' title='bbox 696 596 1071 650; x_wconf 78' lang='lat' dir='ltr'>vocaretur.</span> <span class='ocrx_word' id='word_1_16' title='bbox 1122 584 1570 678; x_wconf 75' lang='lat' dir='ltr'><strong>Vespasianus</strong></span> <span class='ocrx_word' id='word_1_17' title='bbox 1619 578 1958 652; x_wconf 73' lang='lat' dir='ltr'>Caenidem</span> <span class='ocrx_word' id='word_1_18' title='bbox 1973 631 1994 666; x_wconf 93' lang='lat'>‚</span> <span class='ocrx_word' id='word_1_19' title='bbox 2041 577 2348 648; x_wconf 81' lang='lat' dir='ltr'>Antoniae</span> 
     </span>
     <span class='ocr_line' id='line_1_4' title="bbox 214 684 2346 784; baseline -0.003 -25"><span class='ocrx_word' id='word_1_20' title='bbox 214 691 571 778; x_wconf 80' lang='lat' dir='ltr'><strong>libertam,</strong></span> <span class='ocrx_word' id='word_1_21' title='bbox 597 690 907 760; x_wconf 81' lang='lat' dir='ltr'><strong>dilectam</strong></span> <span class='ocrx_word' id='word_1_22' title='bbox 944 691 1281 784; x_wconf 88' lang='lat' dir='ltr'>quondam</span> <span class='ocrx_word' id='word_1_23' title='bbox 1318 693 1446 762; x_wconf 86' lang='lat' dir='ltr'>sibi</span> <span class='ocrx_word' id='word_1_24' title='bbox 1463 745 1485 779; x_wconf 87' lang='lat'>,</span> <span class='ocrx_word' id='word_1_25' title='bbox 1517 695 1856 760; x_wconf 67' lang='lat' dir='ltr'>revocavit</span> <span class='ocrx_word' id='word_1_26' title='bbox 1888 694 1960 757; x_wconf 79' lang='lat' dir='ltr'>in</span> <span class='ocrx_word' id='word_1_27' title='bbox 1987 684 2346 756; x_wconf 79' lang='lat' dir='ltr'>contuber-</span> 
     </span>
     <span class='ocr_line' id='line_1_5' title="bbox 216 797 2356 897; baseline -0.004 -24"><span class='ocrx_word' id='word_1_28' title='bbox 216 809 415 873; x_wconf 80' lang='lat' dir='ltr'>nium</span> <span class='ocrx_word' id='word_1_29' title='bbox 446 857 467 888; x_wconf 91' lang='lat'>,</span> <span class='ocrx_word' id='word_1_30' title='bbox 506 801 881 896; x_wconf 79' lang='lat' dir='ltr'><em>habuitque</em></span> <span class='ocrx_word' id='word_1_31' title='bbox 894 853 913 886; x_wconf 89' lang='lat'>,</span> <span class='ocrx_word' id='word_1_32' title='bbox 960 808 1167 872; x_wconf 75' lang='lat' dir='ltr'>etiam</span> <span class='ocrx_word' id='word_1_33' title='bbox 1206 809 1606 897; x_wconf 69' lang='lat' dir='ltr'>maperator,</span> <span class='ocrx_word' id='word_1_34' title='bbox 1633 823 1846 896; x_wconf 72' lang='lat' dir='ltr'>paene</span> <span class='ocrx_word' id='word_1_35' title='bbox 1861 797 2079 888; x_wconf 74' lang='lat' dir='ltr'>jwtae</span> <span class='ocrx_word' id='word_1_36' title='bbox 2114 801 2356 864; x_wconf 70' lang='lat' dir='ltr'>uxot-125</span> 
     </span>
     <span class='ocr_line' id='line_1_6' title="bbox 218 905 2352 1004; baseline -0.005 -24"><span class='ocrx_word' id='word_1_37' title='bbox 218 911 416 992; x_wconf 81' lang='lat' dir='ltr'>Ioco,</span> <span class='ocrx_word' id='word_1_38' title='bbox 466 915 743 980; x_wconf 86' lang='lat' dir='ltr'>Sueton.</span> <span class='ocrx_word' id='word_1_39' title='bbox 774 914 973 1004; x_wconf 88' lang='lat' dir='ltr'><strong>Vesp.</strong></span> <span class='ocrx_word' id='word_1_40' title='bbox 1032 911 1111 998; x_wconf 84' lang='lat'>3,</span> <span class='ocrx_word' id='word_1_41' title='bbox 1148 911 1265 980; x_wconf 91' lang='lat' dir='ltr'>ubi</span> <span class='ocrx_word' id='word_1_42' title='bbox 1310 910 1441 980; x_wconf 84' lang='lat' dir='ltr'>vid.</span> <span class='ocrx_word' id='word_1_43' title='bbox 1483 914 1792 980; x_wconf 86' lang='lat' dir='ltr'>Torrent.</span> <span class='ocrx_word' id='word_1_44' title='bbox 1836 908 2022 996; x_wconf 84' lang='lat' dir='ltr'>Quin</span> <span class='ocrx_word' id='word_1_45' title='bbox 2069 905 2242 974; x_wconf 87' lang='lat' dir='ltr'>adeo.</span> <span class='ocrx_word' id='word_1_46' title='bbox 2285 918 2352 970; x_wconf 87' lang='lat' dir='ltr'>et</span> 
     </span>
     <span class='ocr_line' id='line_1_7' title="bbox 220 1015 2350 1116; baseline -0.004 -26"><span class='ocrx_word' id='word_1_47' title='bbox 220 1022 645 1092; x_wconf 79' lang='lat' dir='ltr'>consuetudo</span> <span class='ocrx_word' id='word_1_48' title='bbox 706 1020 1041 1116; x_wconf 84' lang='lat' dir='ltr'>impudica</span> <span class='ocrx_word' id='word_1_49' title='bbox 1093 1045 1508 1116; x_wconf 64' lang='lat' dir='ltr'>quaecunque</span> <span class='ocrx_word' id='word_1_50' title='bbox 1554 1019 1658 1090; x_wconf 84' lang='lat' dir='ltr'>vel</span> <span class='ocrx_word' id='word_1_51' title='bbox 1709 1018 1909 1088; x_wconf 88' lang='lat' dir='ltr'>maris</span> <span class='ocrx_word' id='word_1_52' title='bbox 1966 1031 2034 1084; x_wconf 90' lang='lat' dir='ltr'>et</span> <span class='ocrx_word' id='word_1_53' title='bbox 2089 1015 2350 1084; x_wconf 83' lang='lat' dir='ltr'>feminae</span> 
     </span>
     <span class='ocr_line' id='line_1_8' title="bbox 224 1127 2354 1226; baseline -0.004 -26"><span class='ocrx_word' id='word_1_54' title='bbox 224 1131 401 1224; x_wconf 87' lang='lat' dir='ltr'>(Cic.</span> <span class='ocrx_word' id='word_1_55' title='bbox 431 1135 626 1203; x_wconf 84' lang='lat' dir='ltr'>Verr.</span> <span class='ocrx_word' id='word_1_56' title='bbox 669 1133 755 1217; x_wconf 87' lang='lat' dir='ltr'>V,</span> <span class='ocrx_word' id='word_1_57' title='bbox 790 1131 913 1222; x_wconf 75' lang='lat'>40)</span> <span class='ocrx_word' id='word_1_58' title='bbox 946 1130 1046 1200; x_wconf 83' lang='lat' dir='ltr'>vel</span> <span class='ocrx_word' id='word_1_59' title='bbox 1081 1131 1460 1225; x_wconf 78' lang='lat' dir='ltr'>paederastae</span> <span class='ocrx_word' id='word_1_60' title='bbox 1493 1147 1557 1202; x_wconf 87' lang='lat' dir='ltr'>et</span> <span class='ocrx_word' id='word_1_61' title='bbox 1593 1130 1843 1226; x_wconf 85' lang='lat' dir='ltr'>pathici</span> <span class='ocrx_word' id='word_1_62' title='bbox 1879 1129 1972 1197; x_wconf 86' lang='lat' dir='ltr'>ita</span> <span class='ocrx_word' id='word_1_63' title='bbox 2007 1127 2354 1194; x_wconf 86' lang='lat' dir='ltr'>nominata</span> 
     </span>
     <span class='ocr_line' id='line_1_9' title="bbox 223 1235 2357 1335; baseline -0.001 -27"><span class='ocrx_word' id='word_1_64' title='bbox 223 1255 347 1309; x_wconf 88' lang='lat' dir='ltr'>est.</span> <span class='ocrx_word' id='word_1_65' title='bbox 394 1239 601 1335; x_wconf 85' lang='lat' dir='ltr'>Apud</span> <span class='ocrx_word' id='word_1_66' title='bbox 635 1244 820 1311; x_wconf 86' lang='lat' dir='ltr'>Suet.</span> <span class='ocrx_word' id='word_1_67' title='bbox 866 1239 1009 1310; x_wconf 90' lang='lat' dir='ltr'>Cal.</span> <span class='ocrx_word' id='word_1_68' title='bbox 1052 1239 1179 1328; x_wconf 88' lang='grc'>36,</span> <span class='ocrx_word' id='word_1_69' title='bbox 1214 1241 1617 1310; x_wconf 81' lang='lat' dir='ltr'>vociferatur</span> <span class='ocrx_word' id='word_1_70' title='bbox 1654 1239 1930 1334; x_wconf 84' lang='lat' dir='ltr'>aliquis,</span> <span class='ocrx_word' id='word_1_71' title='bbox 1964 1239 2182 1306; x_wconf 81' lang='lat' dir='ltr'>latera</span> <span class='ocrx_word' id='word_1_72' title='bbox 2221 1235 2357 1306; x_wconf 66' lang='lat' dir='ltr'>sibe·</span> 
     </span>
     <span class='ocr_line' id='line_1_10' title="bbox 222 1345 2352 1441; baseline -0.002 -23"><span class='ocrx_word' id='word_1_73' title='bbox 222 1349 669 1434; x_wconf 68' lang='lat' dir='ltr'>contubernio</span> <span class='ocrx_word' id='word_1_74' title='bbox 708 1350 853 1441; x_wconf 64' lang='lat' dir='ltr'>ejus</span> <span class='ocrx_word' id='word_1_75' title='bbox 885 1349 1173 1440; x_wconf 62' lang='lat' dir='ltr'>defessa.</span> <span class='ocrx_word' id='word_1_76' title='bbox 1216 1349 1504 1439; x_wconf 87' lang='lat' dir='ltr'>Quintil.</span> <span class='ocrx_word' id='word_1_77' title='bbox 1535 1353 1658 1438; x_wconf 87' lang='lat' dir='ltr'>IV,</span> <span class='ocrx_word' id='word_1_78' title='bbox 1686 1376 1764 1432; x_wconf 72' lang='grc' dir='ltr'>α,</span> <span class='ocrx_word' id='word_1_79' title='bbox 1813 1345 1978 1434; x_wconf 84' lang='lat'>123,</span> <span class='ocrx_word' id='word_1_80' title='bbox 2009 1345 2134 1414; x_wconf 84' lang='lat' dir='ltr'>illae</span> <span class='ocrx_word' id='word_1_81' title='bbox 2163 1368 2352 1440; x_wconf 77' lang='lat' dir='ltr'>prce-</span> 
     </span>
     <span class='ocr_line' id='line_1_11' title="bbox 222 1459 2352 1557; baseline -0.001 -30"><span class='ocrx_word' id='word_1_82' title='bbox 222 1461 439 1528; x_wconf 83' lang='lat' dir='ltr'>clarae</span> <span class='ocrx_word' id='word_1_83' title='bbox 477 1459 987 1530; x_wconf 79' lang='lat' dir='ltr'><em>contubernales</em></span> <span class='ocrx_word' id='word_1_84' title='bbox 1018 1459 1110 1530; x_wconf 87' lang='lat' dir='ltr'>ab</span> <span class='ocrx_word' id='word_1_85' title='bbox 1146 1459 1456 1530; x_wconf 77' lang='lat' dir='ltr'>omnibus</span> <span class='ocrx_word' id='word_1_86' title='bbox 1488 1459 1772 1557; x_wconf 76' lang='lat' dir='ltr'>spondis</span> <span class='ocrx_word' id='word_1_87' title='bbox 1809 1473 2212 1528; x_wconf 67' lang='lat' dir='ltr'>transversae</span> <span class='ocrx_word' id='word_1_88' title='bbox 2251 1461 2352 1524; x_wconf 78' lang='lat' dir='ltr'>in-</span> 
     </span>
     <span class='ocr_line' id='line_1_12' title="bbox 226 1565 1722 1640; baseline -0.002 -2"><span class='ocrx_word' id='word_1_89' title='bbox 226 1569 557 1640; x_wconf 83' lang='lat' dir='ltr'>cubantes</span> <span class='ocrx_word' id='word_1_90' title='bbox 591 1583 808 1640; x_wconf 87' lang='lat' dir='ltr'>scorta</span> <span class='ocrx_word' id='word_1_91' title='bbox 844 1583 1022 1640; x_wconf 86' lang='lat' dir='ltr'>suut.</span> <span class='ocrx_word' id='word_1_92' title='bbox 1717 1565 1722 1572; x_wconf 78' lang='grc'><strong>’</strong></span> 
     </span>
    </p>

    <p class='ocr_par' dir='ltr' id='par_1_3' title="bbox 224 1677 2368 4179">
     <span class='ocr_line' id='line_1_13' title="bbox 322 1677 2348 1752; baseline -0.002 -4"><span class='ocrx_word' id='word_1_93' title='bbox 322 1677 435 1748; x_wconf 87' lang='lat' dir='ltr'>Ad</span> <span class='ocrx_word' id='word_1_94' title='bbox 476 1677 857 1748; x_wconf 84' lang='lat' dir='ltr'><strong>honestiora</strong></span> <span class='ocrx_word' id='word_1_95' title='bbox 892 1677 1334 1750; x_wconf 78' lang='lat' dir='ltr'>contubernia</span> <span class='ocrx_word' id='word_1_96' title='bbox 1373 1679 1744 1752; x_wconf 82' lang='lat' dir='ltr'><strong>redeamus.</strong></span> <span class='ocrx_word' id='word_1_97' title='bbox 1789 1682 1846 1748; x_wconf 82' lang='grc' dir='ltr'><strong>Α</strong></span> <span class='ocrx_word' id='word_1_98' title='bbox 1883 1677 2185 1748; x_wconf 87' lang='lat' dir='ltr'>tentoriis</span> <span class='ocrx_word' id='word_1_99' title='bbox 2223 1677 2348 1744; x_wconf 88' lang='lat' dir='ltr'>mi-</span> 
     </span>
     <span class='ocr_line' id='line_1_14' title="bbox 228 1785 2354 1883; baseline -0 -27"><span class='ocrx_word' id='word_1_100' title='bbox 228 1785 425 1856; x_wconf 89' lang='lat' dir='ltr'>litum</span> <span class='ocrx_word' id='word_1_101' title='bbox 458 1786 777 1858; x_wconf 85' lang='lat' dir='ltr'>translata</span> <span class='ocrx_word' id='word_1_102' title='bbox 804 1803 906 1858; x_wconf 86' lang='lat' dir='ltr'>est</span> <span class='ocrx_word' id='word_1_103' title='bbox 928 1789 1069 1858; x_wconf 79' lang='lat' dir='ltr'>hoec</span> <span class='ocrx_word' id='word_1_104' title='bbox 1095 1812 1221 1858; x_wconf 85' lang='lat' dir='ltr'>vox</span> <span class='ocrx_word' id='word_1_105' title='bbox 1249 1788 1335 1858; x_wconf 87' lang='lat' dir='ltr'>ad</span> <span class='ocrx_word' id='word_1_106' title='bbox 1370 1813 1784 1883; x_wconf 84' lang='lat' dir='ltr'>quaecunque</span> <span class='ocrx_word' id='word_1_107' title='bbox 1810 1787 2178 1872; x_wconf 85' lang='lat' dir='ltr'>domicilia,</span> <span class='ocrx_word' id='word_1_108' title='bbox 2200 1811 2354 1880; x_wconf 90' lang='lat' dir='ltr'>qua-</span> 
     </span>
     <span class='ocr_line' id='line_1_15' title="bbox 228 1895 2352 1993; baseline -0.001 -27"><span class='ocrx_word' id='word_1_109' title='bbox 228 1911 425 1966; x_wconf 81' lang='lat' dir='ltr'><strong>tenus</strong></span> <span class='ocrx_word' id='word_1_110' title='bbox 461 1911 591 1966; x_wconf 74' lang='lat' dir='ltr'>aut</span> <span class='ocrx_word' id='word_1_111' title='bbox 614 1895 837 1990; x_wconf 87' lang='lat' dir='ltr'>plures</span> <span class='ocrx_word' id='word_1_112' title='bbox 866 1898 935 1966; x_wconf 88' lang='lat' dir='ltr'>in</span> <span class='ocrx_word' id='word_1_113' title='bbox 982 1897 1065 1968; x_wconf 89' lang='lat' dir='ltr'>iis</span> <span class='ocrx_word' id='word_1_114' title='bbox 1100 1896 1441 1987; x_wconf 88' lang='lat' dir='ltr'>habitant,</span> <span class='ocrx_word' id='word_1_115' title='bbox 1473 1913 1592 1971; x_wconf 89' lang='lat' dir='ltr'>aut</span> <span class='ocrx_word' id='word_1_116' title='bbox 1634 1897 1822 1993; x_wconf 81' lang='lat' dir='ltr'>plura</span> <span class='ocrx_word' id='word_1_117' title='bbox 1861 1898 2039 1966; x_wconf 86' lang='lat' dir='ltr'>inter</span> <span class='ocrx_word' id='word_1_118' title='bbox 2078 1922 2147 1965; x_wconf 89' lang='lat' dir='ltr'><strong>se</strong></span> <span class='ocrx_word' id='word_1_119' title='bbox 2185 1921 2352 1966; x_wconf 89' lang='lat' dir='ltr'>con-</span> 
     </span>
     <span class='ocr_line' id='line_1_16' title="bbox 224 2003 2350 2104; baseline 0 -32"><span class='ocrx_word' id='word_1_120' title='bbox 224 2003 466 2096; x_wconf 86' lang='lat' dir='ltr'>juncta</span> <span class='ocrx_word' id='word_1_121' title='bbox 498 2019 679 2074; x_wconf 89' lang='lat' dir='ltr'>sunt.</span> <span class='ocrx_word' id='word_1_122' title='bbox 701 2007 910 2076; x_wconf 80' lang='lat' dir='ltr'>Tacit.</span> <span class='ocrx_word' id='word_1_123' title='bbox 945 2007 1118 2076; x_wconf 86' lang='lat' dir='ltr'>Hist.</span> <span class='ocrx_word' id='word_1_124' title='bbox 1148 2003 1246 2076; x_wconf 92' lang='lat' dir='ltr'>III</span> <span class='ocrx_word' id='word_1_125' title='bbox 1266 2059 1284 2094; x_wconf 91' lang='lat'>,</span> <span class='ocrx_word' id='word_1_126' title='bbox 1310 2011 1440 2104; x_wconf 72' lang='lat'>74,</span> <span class='ocrx_word' id='word_1_127' title='bbox 1471 2009 1900 2078; x_wconf 81' lang='lat' dir='ltr'>Domitianus</span> <span class='ocrx_word' id='word_1_128' title='bbox 1921 2006 2169 2076; x_wconf 72' lang='lat' dir='ltr'>aedituc·</span> <span class='ocrx_word' id='word_1_129' title='bbox 2190 2030 2350 2074; x_wconf 85' lang='lat' dir='ltr'>con-</span> 
     </span>
     <span class='ocr_line' id='line_1_17' title="bbox 232 2113 2352 2212; baseline 0.001 -30"><span class='ocrx_word' id='word_1_130' title='bbox 232 2113 613 2182; x_wconf 75' lang='lat' dir='ltr'>tubernimn</span> <span class='ocrx_word' id='word_1_131' title='bbox 648 2113 951 2209; x_wconf 87' lang='lat' dir='ltr'>(domum</span> <span class='ocrx_word' id='word_1_132' title='bbox 970 2169 991 2204; x_wconf 87' lang='lat'><strong><em>‚</em></strong></span> <span class='ocrx_word' id='word_1_133' title='bbox 1018 2117 1090 2185; x_wconf 94' lang='lat' dir='ltr'>in</span> <span class='ocrx_word' id='word_1_134' title='bbox 1120 2141 1253 2212; x_wconf 87' lang='lat' dir='ltr'>qua</span> <span class='ocrx_word' id='word_1_135' title='bbox 1287 2117 1468 2212; x_wconf 78' lang='lat' dir='ltr'>apud</span> <span class='ocrx_word' id='word_1_136' title='bbox 1499 2117 1816 2188; x_wconf 85' lang='lat' dir='ltr'>aedituum</span> <span class='ocrx_word' id='word_1_137' title='bbox 1847 2116 2008 2186; x_wconf 89' lang='lat' dir='ltr'>olim</span> <span class='ocrx_word' id='word_1_138' title='bbox 2041 2115 2352 2206; x_wconf 86' lang='lat' dir='ltr'>latuerat)</span> 
     </span>
     <span class='ocr_line' id='line_1_18' title="bbox 229 2221 2352 2323; baseline 0.002 -33"><span class='ocrx_word' id='word_1_139' title='bbox 229 2221 517 2314; x_wconf 60' lang='lat' dir='ltr'>delo-jecit.</span> <span class='ocrx_word' id='word_1_140' title='bbox 549 2226 797 2294; x_wconf 85' lang='lat' dir='ltr'><strong>Seneca</strong></span> <span class='ocrx_word' id='word_1_141' title='bbox 830 2228 953 2319; x_wconf 90' lang='lat' dir='ltr'>Ep.</span> <span class='ocrx_word' id='word_1_142' title='bbox 998 2223 1090 2320; x_wconf 88' lang='lat'>95</span> <span class='ocrx_word' id='word_1_143' title='bbox 1114 2279 1133 2313; x_wconf 90' lang='lat'>,</span> <span class='ocrx_word' id='word_1_144' title='bbox 1162 2251 1229 2320; x_wconf 93' lang='lat' dir='ltr'>p.</span> <span class='ocrx_word' id='word_1_145' title='bbox 1276 2251 1316 2323; x_wconf 91' lang='lat'><strong>7</strong></span> <span class='ocrx_word' id='word_1_146' title='bbox 1334 2252 1413 2298; x_wconf 69' lang='grc' dir='ltr'>ια</span> <span class='ocrx_word' id='word_1_147' title='bbox 1435 2280 1454 2314; x_wconf 88' lang='grc'><em>,</em></span> <span class='ocrx_word' id='word_1_148' title='bbox 1489 2243 1734 2298; x_wconf 81' lang='lat' dir='ltr'>terram</span> <span class='ocrx_word' id='word_1_149' title='bbox 1769 2240 1960 2298; x_wconf 88' lang='lat' dir='ltr'>vocat</span> <span class='ocrx_word' id='word_1_150' title='bbox 1992 2225 2352 2295; x_wconf 58' lang='lat' dir='ltr'>contuber-</span> 
     </span>
     <span class='ocr_line' id='line_1_19' title="bbox 230 2333 2354 2432; baseline -0 -29"><span class='ocrx_word' id='word_1_151' title='bbox 230 2339 425 2403; x_wconf 79' lang='lat' dir='ltr'>nium</span> <span class='ocrx_word' id='word_1_152' title='bbox 450 2335 759 2404; x_wconf 76' lang='lat' dir='ltr'>mot-tale.</span> <span class='ocrx_word' id='word_1_153' title='bbox 794 2333 997 2429; x_wconf 89' lang='lat' dir='ltr'><strong>Apud</strong></span> <span class='ocrx_word' id='word_1_154' title='bbox 1021 2333 1337 2423; x_wconf 64' lang='lat' dir='ltr'>Plinium,</span> <span class='ocrx_word' id='word_1_155' title='bbox 1366 2341 1451 2407; x_wconf 90' lang='lat' dir='ltr'>H.</span> <span class='ocrx_word' id='word_1_156' title='bbox 1474 2339 1558 2411; x_wconf 78' lang='lat' dir='ltr'>N.</span> <span class='ocrx_word' id='word_1_157' title='bbox 1584 2341 1719 2425; x_wconf 87' lang='lat' dir='ltr'>XI,</span> <span class='ocrx_word' id='word_1_158' title='bbox 1747 2363 1855 2425; x_wconf 89' lang='lat'>11,</span> <span class='ocrx_word' id='word_1_159' title='bbox 1875 2361 2034 2432; x_wconf 89' lang='lat' dir='ltr'>apes</span> <span class='ocrx_word' id='word_1_160' title='bbox 2063 2335 2354 2429; x_wconf 79' lang='lat' dir='ltr'>primum</span> 
     </span>
     <span class='ocr_line' id='line_1_20' title="bbox 231 2434 2352 2536; baseline 0.001 -25"><span class='ocrx_word' id='word_1_161' title='bbox 231 2443 449 2536; x_wconf 88' lang='lat' dir='ltr'>plebei</span> <span class='ocrx_word' id='word_1_162' title='bbox 494 2442 727 2513; x_wconf 86' lang='lat' dir='ltr'>domos</span> <span class='ocrx_word' id='word_1_163' title='bbox 765 2445 1177 2515; x_wconf 67' lang='lat' dir='ltr'>exaedificant</span> <span class='ocrx_word' id='word_1_164' title='bbox 1199 2498 1218 2533; x_wconf 92' lang='lat'>,</span> <span class='ocrx_word' id='word_1_165' title='bbox 1256 2434 1499 2517; x_wconf 87' lang='lat' dir='ltr'>deinde</span> <span class='ocrx_word' id='word_1_166' title='bbox 1540 2446 1710 2519; x_wconf 86' lang='lat' dir='ltr'>fucis</span> <span class='ocrx_word' id='word_1_167' title='bbox 1747 2445 2190 2517; x_wconf 80' lang='lat' dir='ltr'>contubernia</span> <span class='ocrx_word' id='word_1_168' title='bbox 2239 2443 2352 2513; x_wconf 90' lang='lat' dir='ltr'>ad-</span> 
     </span>
     <span class='ocr_line' id='line_1_21' title="bbox 224 2552 2354 2650; baseline -0 -29"><span class='ocrx_word' id='word_1_169' title='bbox 224 2553 499 2645; x_wconf 85' lang='lat' dir='ltr'>jiciunt.</span> <span class='ocrx_word' id='word_1_170' title='bbox 538 2556 775 2648; x_wconf 87' lang='lat' dir='ltr'>ltaque</span> <span class='ocrx_word' id='word_1_171' title='bbox 814 2569 885 2623; x_wconf 87' lang='lat' dir='ltr'>et</span> <span class='ocrx_word' id='word_1_172' title='bbox 930 2554 1313 2626; x_wconf 80' lang='lat' dir='ltr'>diuturnior</span> <span class='ocrx_word' id='word_1_173' title='bbox 1352 2558 1810 2631; x_wconf 72' lang='lat' dir='ltr'>commoratio.</span> <span class='ocrx_word' id='word_1_174' title='bbox 1843 2553 2022 2650; x_wconf 90' lang='lat' dir='ltr'>apud</span> <span class='ocrx_word' id='word_1_175' title='bbox 2065 2552 2354 2647; x_wconf 81' lang='lat' dir='ltr'>aliquem</span> 
     </span>
     <span class='ocr_line' id='line_1_22' title="bbox 232 2662 2356 2759; baseline 0.001 -28"><span class='ocrx_word' id='word_1_176' title='bbox 232 2662 361 2735; x_wconf 87' lang='lat' dir='ltr'>hoc</span> <span class='ocrx_word' id='word_1_177' title='bbox 418 2663 691 2732; x_wconf 86' lang='lat' dir='ltr'>nomine</span> <span class='ocrx_word' id='word_1_178' title='bbox 745 2664 1229 2759; x_wconf 84' lang='lat' dir='ltr'>comprehensa</span> <span class='ocrx_word' id='word_1_179' title='bbox 1272 2680 1406 2752; x_wconf 87' lang='lat' dir='ltr'>est,</span> <span class='ocrx_word' id='word_1_180' title='bbox 1449 2680 1526 2735; x_wconf 90' lang='lat' dir='ltr'>ut</span> <span class='ocrx_word' id='word_1_181' title='bbox 1563 2691 1774 2759; x_wconf 89' lang='lat' dir='ltr'><strong>quum</strong></span> <span class='ocrx_word' id='word_1_182' title='bbox 1815 2669 2002 2737; x_wconf 88' lang='lat' dir='ltr'>Suet.</span> <span class='ocrx_word' id='word_1_183' title='bbox 2045 2662 2174 2733; x_wconf 85' lang='lat' dir='ltr'>Jul.</span> <span class='ocrx_word' id='word_1_184' title='bbox 2219 2667 2314 2759; x_wconf 78' lang='lat'>49</span> <span class='ocrx_word' id='word_1_185' title='bbox 2335 2716 2356 2750; x_wconf 89' lang='lat'>,</span> 
     </span>
     <span class='ocr_line' id='line_1_23' title="bbox 234 2772 2360 2869; baseline 0 -28"><span class='ocrx_word' id='word_1_186' title='bbox 234 2774 443 2843; x_wconf 79' lang='lat' dir='ltr'>tradit</span> <span class='ocrx_word' id='word_1_187' title='bbox 468 2826 489 2860; x_wconf 89' lang='lat'>,</span> <span class='ocrx_word' id='word_1_188' title='bbox 537 2772 873 2868; x_wconf 68' lang='lat' dir='ltr'>pudicitiae</span> <span class='ocrx_word' id='word_1_189' title='bbox 934 2776 1213 2845; x_wconf 79' lang='lat' dir='ltr'>Caesaris</span> <span class='ocrx_word' id='word_1_190' title='bbox 1266 2774 1510 2843; x_wconf 85' lang='lat' dir='ltr'>famam</span> <span class='ocrx_word' id='word_1_191' title='bbox 1569 2774 1734 2845; x_wconf 89' lang='lat' dir='ltr'>nihil</span> <span class='ocrx_word' id='word_1_192' title='bbox 1788 2774 2060 2869; x_wconf 89' lang='lat' dir='ltr'>quidem</span> <span class='ocrx_word' id='word_1_193' title='bbox 2117 2788 2360 2868; x_wconf 86' lang='lat' dir='ltr'>praeter</span> 
     </span>
     <span class='ocr_line' id='line_1_24' title="bbox 234 2882 2353 2978; baseline -0.002 -22"><span class='ocrx_word' id='word_1_194' title='bbox 234 2882 631 2956; x_wconf 62' lang='lat' dir='ltr'>Naeomeda</span> <span class='ocrx_word' id='word_1_195' title='bbox 652 2884 1159 2955; x_wconf 76' lang='lat' dir='ltr'>contubernium</span> <span class='ocrx_word' id='word_1_196' title='bbox 1193 2882 1452 2954; x_wconf 80' lang='lat' dir='ltr'>laesisse.</span> <span class='ocrx_word' id='word_1_197' title='bbox 1481 2883 1756 2973; x_wconf 86' lang='lat' dir='ltr'>Plinius,</span> <span class='ocrx_word' id='word_1_198' title='bbox 1786 2889 1888 2971; x_wconf 84' lang='grc' dir='ltr'>ΙΙ,</span> <span class='ocrx_word' id='word_1_199' title='bbox 1911 2887 2036 2977; x_wconf 90' lang='lat' dir='ltr'>Ep.</span> <span class='ocrx_word' id='word_1_200' title='bbox 2059 2908 2158 2978; x_wconf 87' lang='lat'>17,</span> <span class='ocrx_word' id='word_1_201' title='bbox 2187 2898 2353 2953; x_wconf 75' lang='lat' dir='ltr'>extr.</span> 
     </span>
     <span class='ocr_line' id='line_1_25' title="bbox 236 2991 2358 3079; baseline -0.001 -16"><span class='ocrx_word' id='word_1_202' title='bbox 236 2991 509 3063; x_wconf 87' lang='lat' dir='ltr'>Gallum</span> <span class='ocrx_word' id='word_1_203' title='bbox 552 2993 621 3061; x_wconf 89' lang='lat' dir='ltr'>in</span> <span class='ocrx_word' id='word_1_204' title='bbox 665 2995 1151 3065; x_wconf 87' lang='lat' dir='ltr'>Laurentinum</span> <span class='ocrx_word' id='word_1_205' title='bbox 1190 2995 1462 3079; x_wconf 85' lang='lat' dir='ltr'>invitat,</span> <span class='ocrx_word' id='word_1_206' title='bbox 1497 3009 1576 3063; x_wconf 89' lang='lat' dir='ltr'>ut</span> <span class='ocrx_word' id='word_1_207' title='bbox 1613 2994 1855 3064; x_wconf 80' lang='lat' dir='ltr'>villulae</span> <span class='ocrx_word' id='word_1_208' title='bbox 1901 3019 2034 3064; x_wconf 80' lang='lat' dir='ltr'>suae</span> <span class='ocrx_word' id='word_1_209' title='bbox 2069 2994 2358 3061; x_wconf 85' lang='lat' dir='ltr'>maxima</span> 
     </span>
     <span class='ocr_line' id='line_1_26' title="bbox 236 3100 2354 3195; baseline 0 -26"><span class='ocrx_word' id='word_1_210' title='bbox 236 3100 731 3171; x_wconf 82' lang='lat' dir='ltr'>commendatio</span> <span class='ocrx_word' id='word_1_211' title='bbox 772 3126 853 3171; x_wconf 82' lang='lat' dir='ltr'><strong>ex</strong></span> <span class='ocrx_word' id='word_1_212' title='bbox 892 3104 1037 3195; x_wconf 81' lang='lat' dir='ltr'><strong>ejus</strong></span> <span class='ocrx_word' id='word_1_213' title='bbox 1076 3102 1516 3175; x_wconf 73' lang='lat' dir='ltr'>contubernio</span> <span class='ocrx_word' id='word_1_214' title='bbox 1555 3104 1842 3173; x_wconf 81' lang='lat' dir='ltr'>accedat.</span> <span class='ocrx_word' id='word_1_215' title='bbox 1889 3104 2112 3173; x_wconf 86' lang='lat' dir='ltr'>Liberi</span> <span class='ocrx_word' id='word_1_216' title='bbox 2150 3117 2220 3171; x_wconf 92' lang='lat' dir='ltr'>et</span> <span class='ocrx_word' id='word_1_217' title='bbox 2254 3116 2354 3170; x_wconf 89' lang='lat' dir='ltr'>te-</span> 
     </span>
     <span class='ocr_line' id='line_1_27' title="bbox 238 3211 2358 3308; baseline -0 -31"><span class='ocrx_word' id='word_1_218' title='bbox 238 3212 385 3278; x_wconf 85' lang='lat' dir='ltr'>neri</span> <span class='ocrx_word' id='word_1_219' title='bbox 440 3211 515 3279; x_wconf 86' lang='lat' dir='ltr'>in</span> <span class='ocrx_word' id='word_1_220' title='bbox 568 3212 1003 3283; x_wconf 72' lang='lat' dir='ltr'>contubernio</span> <span class='ocrx_word' id='word_1_221' title='bbox 1054 3228 1405 3306; x_wconf 85' lang='lat' dir='ltr'>parentum</span> <span class='ocrx_word' id='word_1_222' title='bbox 1424 3265 1446 3300; x_wconf 93' lang='lat'>,</span> <span class='ocrx_word' id='word_1_223' title='bbox 1489 3227 1926 3308; x_wconf 86' lang='lat' dir='ltr'>cognatorum</span> <span class='ocrx_word' id='word_1_224' title='bbox 1969 3226 2086 3279; x_wconf 87' lang='lat' dir='ltr'>aut</span> <span class='ocrx_word' id='word_1_225' title='bbox 2123 3234 2358 3279; x_wconf 89' lang='lat' dir='ltr'>eorum</span> 
     </span>
     <span class='ocr_line' id='line_1_28' title="bbox 238 3318 2356 3417; baseline -0.002 -26"><span class='ocrx_word' id='word_1_226' title='bbox 238 3344 381 3391; x_wconf 82' lang='lat' dir='ltr'><strong>esse</strong></span> <span class='ocrx_word' id='word_1_227' title='bbox 410 3320 905 3407; x_wconf 83' lang='lat' dir='ltr'>dicebantur,‘a</span> <span class='ocrx_word' id='word_1_228' title='bbox 938 3324 1181 3417; x_wconf 86' lang='lat' dir='ltr'>quibus</span> <span class='ocrx_word' id='word_1_229' title='bbox 1216 3322 1685 3393; x_wconf 87' lang='lat' dir='ltr'>educarentur.</span> <span class='ocrx_word' id='word_1_230' title='bbox 1724 3318 2026 3415; x_wconf 84' lang='lat' dir='ltr'>Caligula</span> <span class='ocrx_word' id='word_1_231' title='bbox 2064 3318 2356 3412; x_wconf 87' lang='lat' dir='ltr'>primum</span> 
     </span>
     <span class='ocr_line' id='line_1_29' title="bbox 240 3429 2359 3525; baseline -0.001 -28"><span class='ocrx_word' id='word_1_232' title='bbox 240 3430 312 3497; x_wconf 87' lang='lat' dir='ltr'>in</span> <span class='ocrx_word' id='word_1_233' title='bbox 348 3430 627 3514; x_wconf 83' lang='lat' dir='ltr'>matris,</span> <span class='ocrx_word' id='word_1_234' title='bbox 670 3429 944 3518; x_wconf 85' lang='lat' dir='ltr'>deinde,</span> <span class='ocrx_word' id='word_1_235' title='bbox 968 3456 1047 3501; x_wconf 89' lang='lat' dir='ltr'>ea</span> <span class='ocrx_word' id='word_1_236' title='bbox 1084 3431 1413 3525; x_wconf 78' lang='lat' dir='ltr'>relegata,</span> <span class='ocrx_word' id='word_1_237' title='bbox 1449 3433 1520 3499; x_wconf 87' lang='lat' dir='ltr'>in</span> <span class='ocrx_word' id='word_1_238' title='bbox 1551 3431 1755 3501; x_wconf 78' lang='lat' dir='ltr'>Liviae</span> <span class='ocrx_word' id='word_1_239' title='bbox 1793 3434 2137 3523; x_wconf 69' lang='lat' dir='ltr'>Augustae,</span> <span class='ocrx_word' id='word_1_240' title='bbox 2165 3450 2359 3520; x_wconf 86' lang='lat' dir='ltr'>proa-</span> 
     </span>
     <span class='ocr_line' id='line_1_30' title="bbox 240 3536 2362 3623; baseline 0.001 -19"><span class='ocrx_word' id='word_1_241' title='bbox 240 3538 363 3605; x_wconf 80' lang='lat' dir='ltr'>viae</span> <span class='ocrx_word' id='word_1_242' title='bbox 408 3562 577 3623; x_wconf 66' lang='lat' dir='ltr'>tute,</span> <span class='ocrx_word' id='word_1_243' title='bbox 612 3538 1055 3613; x_wconf 64' lang='lat' dir='ltr'>cantaber-mk&gt;</span> <span class='ocrx_word' id='word_1_244' title='bbox 1095 3541 1376 3623; x_wconf 87' lang='lat' dir='ltr'>mansit,</span> <span class='ocrx_word' id='word_1_245' title='bbox 1424 3542 1703 3610; x_wconf 88' lang='lat' dir='ltr'>Sueton.</span> <span class='ocrx_word' id='word_1_246' title='bbox 1755 3536 1900 3607; x_wconf 87' lang='lat' dir='ltr'>Cal.</span> <span class='ocrx_word' id='word_1_247' title='bbox 1961 3540 2047 3605; x_wconf 90' lang='lat' dir='ltr'>X.</span> <span class='ocrx_word' id='word_1_248' title='bbox 2105 3536 2362 3607; x_wconf 85' lang='lat' dir='ltr'>Plinius</span> 
     </span>
     <span class='ocr_line' id='line_1_31' title="bbox 240 3646 2360 3744; baseline -0 -28"><span class='ocrx_word' id='word_1_249' title='bbox 240 3646 327 3716; x_wconf 90' lang='lat' dir='ltr'>de</span> <span class='ocrx_word' id='word_1_250' title='bbox 360 3672 573 3717; x_wconf 79' lang='lat' dir='ltr'>uxore</span> <span class='ocrx_word' id='word_1_251' title='bbox 603 3672 721 3717; x_wconf 83' lang='lat' dir='ltr'>sua</span> <span class='ocrx_word' id='word_1_252' title='bbox 751 3648 1089 3743; x_wconf 67' lang='lat' dir='ltr'>Hispullae,</span> <span class='ocrx_word' id='word_1_253' title='bbox 1115 3652 1240 3735; x_wconf 89' lang='lat' dir='ltr'>IV,</span> <span class='ocrx_word' id='word_1_254' title='bbox 1266 3652 1395 3744; x_wconf 91' lang='lat' dir='ltr'>Ep.</span> <span class='ocrx_word' id='word_1_255' title='bbox 1435 3672 1558 3744; x_wconf 87' lang='lat'>19,</span> <span class='ocrx_word' id='word_1_256' title='bbox 1592 3648 1674 3735; x_wconf 87' lang='lat'>6,</span> <span class='ocrx_word' id='word_1_257' title='bbox 1699 3646 1931 3717; x_wconf 85' lang='lat' dir='ltr'>scribit</span> <span class='ocrx_word' id='word_1_258' title='bbox 1964 3671 1981 3714; x_wconf 73' lang='grc' dir='ltr'><strong><em>ε</em></strong></span> <span class='ocrx_word' id='word_1_259' title='bbox 2021 3670 2216 3740; x_wconf 79' lang='lat' dir='ltr'><strong>«quae</strong></span> <span class='ocrx_word' id='word_1_260' title='bbox 2251 3646 2360 3715; x_wconf 87' lang='lat' dir='ltr'>ni-</span> 
     </span>
     <span class='ocr_line' id='line_1_32' title="bbox 240 3754 2358 3851; baseline 0 -26"><span class='ocrx_word' id='word_1_261' title='bbox 240 3757 337 3827; x_wconf 86' lang='lat' dir='ltr'>hil</span> <span class='ocrx_word' id='word_1_262' title='bbox 366 3759 437 3825; x_wconf 85' lang='lat' dir='ltr'>in</span> <span class='ocrx_word' id='word_1_263' title='bbox 470 3758 912 3829; x_wconf 85' lang='lat' dir='ltr'>contubernio</span> <span class='ocrx_word' id='word_1_264' title='bbox 946 3774 1063 3829; x_wconf 83' lang='lat' dir='ltr'>tuo</span> <span class='ocrx_word' id='word_1_265' title='bbox 1091 3758 1286 3846; x_wconf 84' lang='lat' dir='ltr'>vidit,</span> <span class='ocrx_word' id='word_1_266' title='bbox 1310 3760 1438 3828; x_wconf 86' lang='lat' dir='ltr'>nisi</span> <span class='ocrx_word' id='word_1_267' title='bbox 1465 3771 1768 3827; x_wconf 87' lang='lat' dir='ltr'>sanctum</span> <span class='ocrx_word' id='word_1_268' title='bbox 1795 3754 2358 3851; x_wconf 38' lang='lat' dir='ltr'>honestumque-n.</span> 
     </span>
     <span class='ocr_line' id='line_1_33' title="bbox 244 3865 2362 3961; baseline -0.002 -22"><span class='ocrx_word' id='word_1_269' title='bbox 244 3868 471 3961; x_wconf 79' lang='lat' dir='ltr'><strong>Nepos</strong></span> <span class='ocrx_word' id='word_1_270' title='bbox 510 3867 975 3955; x_wconf 63' lang='lat' dir='ltr'>Quadratillae,</span> <span class='ocrx_word' id='word_1_271' title='bbox 1011 3868 1377 3939; x_wconf 84' lang='lat' dir='ltr'>secundum</span> <span class='ocrx_word' id='word_1_272' title='bbox 1416 3870 1584 3951; x_wconf 89' lang='lat' dir='ltr'>VII,</span> <span class='ocrx_word' id='word_1_273' title='bbox 1623 3868 1746 3958; x_wconf 91' lang='lat' dir='ltr'>Ep.</span> <span class='ocrx_word' id='word_1_274' title='bbox 1793 3868 1885 3949; x_wconf 75' lang='lat'>24</span> <span class='ocrx_word' id='word_1_275' title='bbox 1907 3917 1926 3951; x_wconf 88' lang='lat'>‚</span> <span class='ocrx_word' id='word_1_276' title='bbox 1970 3865 2041 3954; x_wconf 86' lang='lat'>3,</span> <span class='ocrx_word' id='word_1_277' title='bbox 2075 3871 2266 3936; x_wconf 74' lang='lat' dir='ltr'>‘vixit</span> <span class='ocrx_word' id='word_1_278' title='bbox 2289 3872 2362 3936; x_wconf 81' lang='lat' dir='ltr'>in</span> 
     </span>
     <span class='ocr_line' id='line_1_34' title="bbox 242 3972 2360 4071; baseline -0.002 -24"><span class='ocrx_word' id='word_1_279' title='bbox 242 3977 683 4047; x_wconf 73' lang='lat' dir='ltr'>contubernio</span> <span class='ocrx_word' id='word_1_280' title='bbox 709 3984 886 4049; x_wconf 75' lang='lat' dir='ltr'>avioe</span> <span class='ocrx_word' id='word_1_281' title='bbox 908 3978 1225 4049; x_wconf 68' lang='lat' dir='ltr'>delicatae</span> <span class='ocrx_word' id='word_1_282' title='bbox 1242 3980 1666 4047; x_wconf 65' lang='lat' dir='ltr'><strong>sever-mame.</strong></span> <span class='ocrx_word' id='word_1_283' title='bbox 1695 3977 1824 4063; x_wconf 91' lang='lat' dir='ltr'>III,</span> <span class='ocrx_word' id='word_1_284' title='bbox 1844 3978 1966 4071; x_wconf 88' lang='lat' dir='ltr'>Ep.</span> <span class='ocrx_word' id='word_1_285' title='bbox 1997 3972 2060 4059; x_wconf 85' lang='lat'>3,</span> <span class='ocrx_word' id='word_1_286' title='bbox 2090 3976 2130 4046; x_wconf 84' lang='lat'>3</span> <span class='ocrx_word' id='word_1_287' title='bbox 2147 4000 2164 4045; x_wconf 91' lang='lat'>:</span> <span class='ocrx_word' id='word_1_288' title='bbox 2180 3976 2360 4043; x_wconf 73' lang='lat' dir='ltr'>«Ad-</span> 
     </span>
     <span class='ocr_line' id='line_1_35' title="bbox 248 4084 2368 4179; baseline -0.002 -26"><span class='ocrx_word' id='word_1_289' title='bbox 248 4084 377 4157; x_wconf 88' lang='lat' dir='ltr'>huc</span> <span class='ocrx_word' id='word_1_290' title='bbox 400 4086 589 4157; x_wconf 86' lang='lat' dir='ltr'>illum</span> <span class='ocrx_word' id='word_1_291' title='bbox 618 4087 919 4179; x_wconf 63' lang='lat' dir='ltr'>pueritiae</span> <span class='ocrx_word' id='word_1_292' title='bbox 940 4090 1109 4160; x_wconf 78' lang='lat' dir='ltr'>ratio</span> <span class='ocrx_word' id='word_1_293' title='bbox 1128 4089 1303 4157; x_wconf 84' lang='lat' dir='ltr'>intra</span> <span class='ocrx_word' id='word_1_294' title='bbox 1324 4084 1841 4157; x_wconf 74' lang='lat' dir='ltr'>contubernium</span> <span class='ocrx_word' id='word_1_295' title='bbox 1869 4100 2058 4157; x_wconf 83' lang='lat' dir='ltr'>tuum</span> <span class='ocrx_word' id='word_1_296' title='bbox 2077 4086 2368 4155; x_wconf 70' lang='lat' dir='ltr'>tenuit.»</span> 
     </span>
    </p>
   </div>
  </div>
 </body>
</html>
