2857 4690
1226 248 1255 272 X

542 333 674 406 180
1166 332 1243 400 C.
1296 333 1644 400 PLINII
1693 331 1886 399 LIB.
1941 334 2026 398 X.

528 480 675 523 sum
696 509 716 540 ‚
748 454 1005 548 aliaque
1032 455 1135 522 his
1168 452 1405 522 similia
1424 478 1859 548 quaecunque‚
1882 453 2247 523 secundum
2265 455 2658 552 exemplum

529 564 1041 658 proconsulum,
1084 563 1438 633 transferre
1493 565 1980 657 permitterem,
2032 566 2192 659 quia
2234 565 2524 636 sciebam
2585 568 2658 635 in

524 673 690 743 'urbe
714 691 939 743 nostra
956 699 1035 742 ex
1062 675 1117 768 ej
1128 673 1384 744 usmodi
1404 675 1650 742 caussis
1673 672 2025 768 collegium
2051 675 2448 769 pontificum
2471 677 2656 746 adiri

522 785 763 872 solere,
811 800 909 874 te,
945 785 1267 869 Domine,
1298 785 1662 853 maximum
1706 784 2125 879 pontificem,
2159 785 2652 856 consulendum

522 895 793 988 putavi,
832 892 995 988 quid
1029 894 1377 963 observare
1414 919 1522 963 me
1547 894 1728 963 velis,

518 1096 603 1149 vel
636 1098 735 1149 alia
762 1099 903 1170 justa
934 1108 985 1148 et
1014 1097 1308 1148 necessaria
1342 1114 1526 1149 caussa

515 1176 796 1229 intervenit
838 1213 856 1238 ,
894 1175 1273 1228 existimatione
1312 1175 1527 1228 rectoris

514 1256 795 1328 provincie
831 1255 1117 1310 transferre
1150 1273 1239 1308 eas
1269 1255 1327 1308 in
1362 1254 1526 1310 alium

514 1337 687 1388 locum
700 1335 939 1407 poterim·
958 1333 1114 1387 Unde
1126 1345 1268 1406 patet
1278 1333 1524 1406 reliquias

512 1427 843 1468 mortuorum
860 1453 877 1481 ,
898 1433 1063 1487 quum
1078 1425 1339 1486 perpetuo
1356 1413 1526 1485 sepul·

510 1505 641 1548 turn
674 1493 1049 1548 mandarentur
1070 1531 1087 1558 ‚
1128 1494 1229 1546 nisi
1259 1497 1401 1566 justa
1426 1493 1522 1546 ali·

510 1593 619 1645 qua
656 1593 843 1628 caussa
890 1574 1267 1628 interveniente
1290 1612 1305 1636 ,
1354 1585 1521 1626 trans-

510 1655 635 1707 ferri
678 1674 787 1707 non
823 1673 973 1726 posse
1008 1655 1065 1707 in
1099 1653 1260 1708 alium
1300 1652 1478 1706 locum
1505 1673 1518 1706 ε

510 1751 739 1805 namque
756 1734 913 1788 etiam
928 1735 1167 1806 sepulcra
1180 1773 1197 1799 ‚
1216 1735 1412 1806 quippe
1424 1731 1524 1788 diis

510 1813 759 1866 Manibus
788 1825 1123 1879 consecrata,
1152 1813 1337 1885 religio
1360 1834 1523 1870 occu·

1622 1114 1783 1149 cursu
1805 1134 1822 1160 ,
1861 1097 2130 1150 translatio
2159 1109 2274 1149 erat
2307 1096 2650 1168 impetranda

1623 1177 1691 1228 ab
1709 1175 1770 1232 iis
1791 1216 1807 1241 ‚
1825 1193 1987 1250 penes
2003 1195 2138 1248 quos
2155 1175 2244 1229 illa
2261 1176 2515 1247 cognitio.
2539 1177 2645 1231 En.

1619 1287 1693 1298 --
1706 1261 1984 1310 Maxirnum
1991 1259 2290 1330 ponq'ficem.
2319 1255 2492 1328 Hujus
2514 1276 2646 1330 ergo

1623 1337 1853 1390 muneris
1864 1338 2064 1389 ratione
2071 1335 2355 1406 rescripsit,
2367 1335 2518 1406 quod
2534 1332 2647 1387 mo—

1620 1415 1692 1468 do
1717 1415 1944 1470 vidimus
1959 1454 1974 1479 ,
2006 1415 2330 1476 Antoninum
2361 1414 2458 1466 sed
2487 1415 2648 1468 Chri-

1615 1495 1771 1549 stiani
1785 1497 1944 1548 etiam
1963 1495 2303 1567 imperatores
2311 1493 2646 1548 Valentinia-

1617 1593 1738 1640 nus,
1749 1573 2077 1628 Theodosius
2087 1585 2138 1627 et
2152 1571 2408 1627 Arcadius
2423 1573 2465 1626 l.
2481 1575 2642 1638 xlv,

1617 1653 1738 1708 cod.
1759 1654 1826 1708 de
1850 1654 2128 1726 religiosis,
2148 1653 2237 1706 ubi
2259 1653 2369 1706 haec
2386 1670 2400 1704 :
2419 1643 2642 1706 {Nemo

1615 1735 1916 1788 humanum
1945 1751 2134 1805 corpus
2163 1733 2232 1786 ad
2257 1730 2420 1785 alium
2455 1731 2642 1785 locum

1621 1816 1734 1870 aine
1769 1814 1990 1886 Augusti
2021 1813 2284 1866 adfatibus
2318 1811 2528 1868 adferat
2555 1831 2572 1864 ε
2613 1839 2640 1858 .

508 1905 739 1963 paverat.
758 1893 1016 1950 Graviore
1032 1894 1191 1966 igitur
1208 1913 1413 1957 caussa,
1435 1895 1527 1948 sci·
1621 1915 1812 1968 nempe
1828 1894 1952 1968 quia
1967 1893 2160 1946 Pontis.
2172 1891 2389 1945 Maximi
2403 1891 2637 1963 dignitas

507 1973 627 2026 licet
661 1987 803 2026 metu
836 1973 1003 2027 ruinae
1020 2012 1036 2039 ‚
1072 1985 1163 2028 aut
1188 1972 1418 2026 fluminis
1446 1974 1526 2027 in-

1621 1993 1744 2027 cum
1761 1973 2038 2045 principali
2057 1975 2360 2045 conjuncta.
2388 1975 2490 2023 En.

506 2174 571 2192 §Q-
574 2174 625 2192 VB
628 2171 2636 2197 mmm-mmmmm

1167 2352 1574 2445 LXXIV.
1647 2360 1963 2479 (LXX)

1110 2611 1557 2658 TRAJANUS
1609 2614 1914 2660 PLINIO
1964 2614 2019 2657 S.

597 2790 876 2858 Donum
904 2802 1003 2857 est
1040 2790 1387 2884 injungere
1415 2791 1873 2859 necessitatem
1897 2787 2416 2884 provincialibus
2452 2814 2620 2883 pon-

506 2899 759 2969 tificum
802 2899 1259 2968 adeundorum
1278 2954 1298 2987 ,
1326 2900 1381 2968 si
1412 2898 1726 2993 reliquias
1762 2924 2034 2968 suorum
2062 2912 2340 2993 propter
2365 2896 2620 2992 aliquas

494 3012 707 3105 justas
748 3034 1008 3079 caussas
1050 3011 1408 3080 transferre
1451 3036 1530 3079 ex
1585 3009 1730 3079 loco
1769 3012 1838 3077 in
1873 3009 2078 3078 alium
2115 3008 2336 3077 locum
2387 3008 2612 3077 velint.

500 3120 847 3216 Sequenda
888 3145 1047 3217 ergo
1074 3122 1297 3215 potius
1334 3122 1458 3189 tibi
1513 3120 1811 3215 exempla
1845 3134 2003 3189 sunt
2049 3144 2317 3205 eorum,
2357 3121 2474 3213 qui
2511 3121 2617 3188 isti

500 3232 855 3327 provinciae
882 3231 1322 3325 praefuerunt,
1359 3245 1425 3299 et
1448 3256 1528 3299 ex
1562 3256 1789 3303 caussa
1811 3232 2052 3323 cuique
2074 3233 2166 3299 ita
2192 3244 2310 3298 aut
2347 3232 2614 3323 permit-

500 3342 775 3411 tendum
790 3394 811 3427 ,
848 3357 964 3412 aut
999 3342 1399 3437 negandum.

566 3542 807 3595 LXXIV.
838 3550 1039 3595 Durum.
1054 3542 1280 3597 Volebat
1299 3540 1476 3594 Labeo
1490 3580 1507 3606 ‚

498 3634 741 3673 narrante
754 3620 878 3693 Ulp.
908 3624 945 3675 l.
968 3624 1189 3686 vmffl.
1206 3621 1272 3673 de
1280 3620 1504 3692 religios.

1605 3543 1978 3609 exspectandum
2014 3544 2104 3591 vel
2129 3542 2416 3608 permissum
2448 3542 2612 3607 pomi·

1589 3623 1789 3690 ficiale,
1813 3640 1895 3669 sen
1909 3624 2096 3688 jussum
2117 3622 2370 3688 principis.
2393 3620 2462 3672 G.

1165 3906 1940 3939 -ῥΟΦ-ῄ
