<?xml version="1.0" encoding="UTF-8"?>
<!DOCTYPE html PUBLIC "-//W3C//DTD XHTML 1.0 Transitional//EN"
    "http://www.w3.org/TR/xhtml1/DTD/xhtml1-transitional.dtd">
<html xmlns="http://www.w3.org/1999/xhtml" xml:lang="en" lang="en">
 <head>
  <title>
</title>
<meta http-equiv="Content-Type" content="text/html;charset=utf-8" />
  <meta name='ocr-system' content='tesseract 3.04.00' />
  <meta name='ocr-capabilities' content='ocr_page ocr_carea ocr_par ocr_line ocrx_word'/>
</head>
<body>
  <div class='ocr_page' id='page_1' title='image "./cpliniisecundie00schgoog_0269.png"; bbox 0 0 2857 4690; ppageno 0'>
   <div class='ocr_carea' id='block_1_1' title="bbox 420 377 2638 2475">
    <p class='ocr_par' dir='ltr' id='par_1_1' title="bbox 426 377 2638 1482">
     <span class='ocr_line' id='line_1_1' title="bbox 496 377 2064 486; baseline 0.001 -37"><span class='ocrx_word' id='word_1_1' title='bbox 496 377 655 486; x_wconf 45' lang='lat'><strong>2⁴53·</strong></span> <span class='ocrx_word' id='word_1_2' title='bbox 1060 383 1136 450; x_wconf 90' lang='lat' dir='ltr'><strong>C.</strong></span> <span class='ocrx_word' id='word_1_3' title='bbox 1189 382 1539 454; x_wconf 87' lang='lat' dir='ltr'><strong>PLINII</strong></span> <span class='ocrx_word' id='word_1_4' title='bbox 1589 381 2064 454; x_wconf 89' lang='lat' dir='ltr'>SECUNDI</span> 
     </span>
     <span class='ocr_line' id='line_1_2' title="bbox 496 500 2634 603; baseline 0.004 -32"><span class='ocrx_word' id='word_1_5' title='bbox 496 517 563 571; x_wconf 92' lang='lat' dir='ltr'><strong>te</strong></span> <span class='ocrx_word' id='word_1_6' title='bbox 602 500 1399 576; x_wconf 73' lang='lat' dir='ltr'><strong>adsedisse-ferocissimis</strong></span> <span class='ocrx_word' id='word_1_7' title='bbox 1444 501 1713 600; x_wconf 88' lang='lat' dir='ltr'><strong>populis</strong></span> <span class='ocrx_word' id='word_1_8' title='bbox 1762 527 1844 572; x_wconf 90' lang='lat' dir='ltr'><strong>eo</strong></span> <span class='ocrx_word' id='word_1_9' title='bbox 1885 505 2408 601; x_wconf 86' lang='lat' dir='ltr'><strong>ipso-tempore,</strong></span> <span class='ocrx_word' id='word_1_10' title='bbox 2449 511 2634 603; x_wconf 89' lang='lat' dir='ltr'><strong>quod</strong></span> 
     </span>
     <span class='ocr_line' id='line_1_3' title="bbox 494 587 2638 710; baseline 0.002 -29"><span class='ocrx_word' id='word_1_11' title='bbox 494 613 967 682; x_wconf 88' lang='lat' dir='ltr'><strong>amicissimum</strong></span> <span class='ocrx_word' id='word_1_12' title='bbox 1007 612 1171 701; x_wconf 88' lang='lat' dir='ltr'><strong>illis,</strong></span> <span class='ocrx_word' id='word_1_13' title='bbox 1209 587 1680 685; x_wconf 76' lang='lat' dir='ltr'><strong>difficillimum</strong></span> <span class='ocrx_word' id='word_1_14' title='bbox 1727 615 1924 684; x_wconf 89' lang='lat' dir='ltr'><strong>nobis</strong></span> <span class='ocrx_word' id='word_1_15' title='bbox 1951 668 1971 701; x_wconf 90' lang='lat'>‚</span> <span class='ocrx_word' id='word_1_16' title='bbox 2025 641 2236 710; x_wconf 87' lang='lat' dir='ltr'><strong>quum</strong></span> <span class='ocrx_word' id='word_1_17' title='bbox 2278 619 2638 686; x_wconf 85' lang='lat' dir='ltr'>Danubius</span> 
     </span>
     <span class='ocr_line' id='line_1_4' title="bbox 494 721 2638 823; baseline 0.002 -31"><span class='ocrx_word' id='word_1_18' title='bbox 494 724 673 817; x_wconf 84' lang='lat' dir='ltr'>ripas</span> <span class='ocrx_word' id='word_1_19' title='bbox 718 721 872 817; x_wconf 87' lang='lat' dir='ltr'><strong>gelu</strong></span> <span class='ocrx_word' id='word_1_20' title='bbox 903 725 1165 820; x_wconf 87' lang='lat' dir='ltr'><strong>jungit,</strong></span> <span class='ocrx_word' id='word_1_21' title='bbox 1200 723 1614 820; x_wconf 80' lang='lat' dir='ltr'><strong>duratusque</strong></span> <span class='ocrx_word' id='word_1_22' title='bbox 1656 724 1864 819; x_wconf 85' lang='lat' dir='ltr'><strong>glacie</strong></span> <span class='ocrx_word' id='word_1_23' title='bbox 1904 727 2202 821; x_wconf 86' lang='lat' dir='ltr'><strong>ingentia</strong></span> <span class='ocrx_word' id='word_1_24' title='bbox 2239 743 2431 823; x_wconf 87' lang='lat' dir='ltr'><strong>tergo</strong></span> <span class='ocrx_word' id='word_1_25' title='bbox 2467 729 2638 798; x_wconf 89' lang='lat' dir='ltr'><strong>bella</strong></span> 
     </span>
     <span class='ocr_line' id='line_1_5' title="bbox 494 833 2636 933; baseline 0.003 -32"><span class='ocrx_word' id='word_1_26' title='bbox 494 846 943 927; x_wconf 82' lang='lat' dir='ltr'><strong>transportat,</strong></span> <span class='ocrx_word' id='word_1_27' title='bbox 970 857 1181 927; x_wconf 89' lang='lat' dir='ltr'><strong>quum</strong></span> <span class='ocrx_word' id='word_1_28' title='bbox 1214 833 1369 903; x_wconf 82' lang='lat' dir='ltr'><strong>ferae</strong></span> <span class='ocrx_word' id='word_1_29' title='bbox 1398 851 1630 929; x_wconf 85' lang='lat' dir='ltr'><strong>gentes</strong></span> <span class='ocrx_word' id='word_1_30' title='bbox 1657 861 1794 904; x_wconf 91' lang='lat' dir='ltr'><strong>non</strong></span> <span class='ocrx_word' id='word_1_31' title='bbox 1829 834 1977 904; x_wconf 86' lang='lat' dir='ltr'><strong>telis</strong></span> <span class='ocrx_word' id='word_1_32' title='bbox 2004 839 2250 932; x_wconf 51' lang='lat' dir='ltr'><strong>magn,</strong></span> <span class='ocrx_word' id='word_1_33' title='bbox 2277 863 2482 933; x_wconf 85' lang='lat' dir='ltr'><strong>quam</strong></span> <span class='ocrx_word' id='word_1_34' title='bbox 2513 864 2636 908; x_wconf 92' lang='lat' dir='ltr'><strong>suo</strong></span> 
     </span>
     <span class='ocr_line' id='line_1_6' title="bbox 426 941 2632 1042; baseline 0.005 -36"><span class='ocrx_word' id='word_1_35' title='bbox 426 950 457 1006; x_wconf 70' lang='grc' dir='ltr'><em>ά</em></span> <span class='ocrx_word' id='word_1_36' title='bbox 494 941 689 1030; x_wconf 83' lang='lat' dir='ltr'><strong>caelo,</strong></span> <span class='ocrx_word' id='word_1_37' title='bbox 726 969 849 1014; x_wconf 88' lang='lat' dir='ltr'><strong>suo</strong></span> <span class='ocrx_word' id='word_1_38' title='bbox 886 944 1100 1014; x_wconf 84' lang='lat' dir='ltr'><strong>sidere</strong></span> <span class='ocrx_word' id='word_1_39' title='bbox 1138 946 1525 1016; x_wconf 77' lang='lat' dir='ltr'><strong>armantur?</strong></span> <span class='ocrx_word' id='word_1_40' title='bbox 1559 945 1693 1016; x_wconf 86' lang='lat' dir='ltr'><strong>Sed</strong></span> <span class='ocrx_word' id='word_1_41' title='bbox 1730 946 1847 1015; x_wconf 89' lang='lat' dir='ltr'><strong>ubi</strong></span> <span class='ocrx_word' id='word_1_42' title='bbox 1892 947 1964 1024; x_wconf 82' lang='lat' dir='ltr'><strong>in</strong></span> <span class='ocrx_word' id='word_1_43' title='bbox 2000 950 2308 1042; x_wconf 82' lang='lat' dir='ltr'><strong>proximo</strong></span> <span class='ocrx_word' id='word_1_44' title='bbox 2341 964 2454 1034; x_wconf 88' lang='lat' dir='ltr'><strong>tu,</strong></span> <span class='ocrx_word' id='word_1_45' title='bbox 2491 975 2632 1018; x_wconf 89' lang='lat' dir='ltr'><strong>non</strong></span> 
     </span>
     <span class='ocr_line' id='line_1_7' title="bbox 493 1055 2632 1153; baseline 0.003 -31"><span class='ocrx_word' id='word_1_46' title='bbox 493 1078 681 1124; x_wconf 87' lang='lat' dir='ltr'><strong>secus</strong></span> <span class='ocrx_word' id='word_1_47' title='bbox 714 1079 792 1126; x_wconf 89' lang='lat' dir='ltr'><strong>ac</strong></span> <span class='ocrx_word' id='word_1_48' title='bbox 828 1055 883 1124; x_wconf 89' lang='lat' dir='ltr'><strong>si</strong></span> <span class='ocrx_word' id='word_1_49' title='bbox 918 1069 1193 1126; x_wconf 66' lang='lat' dir='ltr'><strong>mutatae</strong></span> <span class='ocrx_word' id='word_1_50' title='bbox 1216 1069 1597 1151; x_wconf 88' lang='lat' dir='ltr'><strong>temporum</strong></span> <span class='ocrx_word' id='word_1_51' title='bbox 1621 1056 1794 1126; x_wconf 87' lang='lat' dir='ltr'><strong>vices</strong></span> <span class='ocrx_word' id='word_1_52' title='bbox 1821 1071 2078 1142; x_wconf 84' lang='lat' dir='ltr'><strong>essent,</strong></span> <span class='ocrx_word' id='word_1_53' title='bbox 2110 1056 2208 1127; x_wconf 90' lang='lat' dir='ltr'><strong>illi</strong></span> <span class='ocrx_word' id='word_1_54' title='bbox 2234 1057 2510 1153; x_wconf 90' lang='lat' dir='ltr'><strong>quidem</strong></span> <span class='ocrx_word' id='word_1_55' title='bbox 2531 1058 2632 1128; x_wconf 86' lang='lat' dir='ltr'><strong>la-</strong></span> 
     </span>
     <span class='ocr_line' id='line_1_8' title="bbox 495 1163 2634 1264; baseline 0.003 -32"><span class='ocrx_word' id='word_1_56' title='bbox 495 1163 721 1234; x_wconf 88' lang='lat' dir='ltr'><strong>tibulis</strong></span> <span class='ocrx_word' id='word_1_57' title='bbox 757 1165 892 1234; x_wconf 87' lang='lat' dir='ltr'><strong>suis</strong></span> <span class='ocrx_word' id='word_1_58' title='bbox 922 1164 1135 1236; x_wconf 87' lang='lat' dir='ltr'><strong>clausi</strong></span> <span class='ocrx_word' id='word_1_59' title='bbox 1177 1165 1614 1254; x_wconf 82' lang='lat' dir='ltr'><strong>tenebantur3</strong></span> <span class='ocrx_word' id='word_1_60' title='bbox 1653 1181 1884 1236; x_wconf 85' lang='lat' dir='ltr'><strong>nostra</strong></span> <span class='ocrx_word' id='word_1_61' title='bbox 1927 1169 2194 1262; x_wconf 83' lang='lat' dir='ltr'><strong>agmina</strong></span> <span class='ocrx_word' id='word_1_62' title='bbox 2236 1193 2634 1264; x_wconf 83' lang='lat' dir='ltr'><strong>percursare</strong></span> 
     </span>
     <span class='ocr_line' id='line_1_9' title="bbox 492 1275 2638 1375; baseline 0.004 -34"><span class='ocrx_word' id='word_1_63' title='bbox 492 1275 711 1369; x_wconf 73' lang='lat' dir='ltr'><strong>ripaS,</strong></span> <span class='ocrx_word' id='word_1_64' title='bbox 747 1290 817 1344; x_wconf 89' lang='lat' dir='ltr'><strong>et</strong></span> <span class='ocrx_word' id='word_1_65' title='bbox 859 1275 1075 1346; x_wconf 87' lang='lat' dir='ltr'><strong>aliena</strong></span> <span class='ocrx_word' id='word_1_66' title='bbox 1126 1277 1507 1362; x_wconf 77' lang='lat' dir='ltr'><strong>occasione,</strong></span> <span class='ocrx_word' id='word_1_67' title='bbox 1547 1279 1602 1346; x_wconf 84' lang='lat' dir='ltr'><strong>si</strong></span> <span class='ocrx_word' id='word_1_68' title='bbox 1646 1277 2098 1373; x_wconf 77' lang='lat' dir='ltr'><strong>permitteres,</strong></span> <span class='ocrx_word' id='word_1_69' title='bbox 2137 1279 2276 1366; x_wconf 87' lang='lat' dir='ltr'><strong>uti,</strong></span> <span class='ocrx_word' id='word_1_70' title='bbox 2319 1279 2638 1375; x_wconf 87' lang='lat' dir='ltr'><strong>ultroque</strong></span> 
     </span>
     <span class='ocr_line' id='line_1_10' title="bbox 494 1385 2120 1482; baseline 0.002 -28"><span class='ocrx_word' id='word_1_71' title='bbox 494 1385 775 1456; x_wconf 88' lang='lat' dir='ltr'><strong>hiemem</strong></span> <span class='ocrx_word' id='word_1_72' title='bbox 812 1412 1001 1457; x_wconf 88' lang='lat' dir='ltr'><strong>suam</strong></span> <span class='ocrx_word' id='word_1_73' title='bbox 1048 1388 1353 1456; x_wconf 89' lang='lat' dir='ltr'><strong>barbaris</strong></span> <span class='ocrx_word' id='word_1_74' title='bbox 1390 1387 1675 1475; x_wconf 84' lang='lat' dir='ltr'><strong>inferre,</strong></span> <span class='ocrx_word' id='word_1_75' title='bbox 1717 1388 2120 1482; x_wconf 84' lang='lat' dir='ltr'><strong>gaudebant.</strong></span> 
     </span>
    </p>

    <p class='ocr_par' dir='ltr' id='par_1_2' title="bbox 488 1494 2638 2366">
     <span class='ocr_line' id='line_1_11' title="bbox 593 1494 2636 1593; baseline 0 -28"><span class='ocrx_word' id='word_1_76' title='bbox 593 1499 779 1567; x_wconf 91' lang='lat' dir='ltr'><strong>XIII.</strong></span> <span class='ocrx_word' id='word_1_77' title='bbox 819 1502 979 1568; x_wconf 86' lang='lat' dir='ltr'><strong>Haec</strong></span> <span class='ocrx_word' id='word_1_78' title='bbox 1018 1498 1139 1567; x_wconf 88' lang='lat' dir='ltr'><strong>tibi</strong></span> <span class='ocrx_word' id='word_1_79' title='bbox 1176 1494 1359 1592; x_wconf 77' lang='lat' dir='ltr'><strong>ap&#39;ud</strong></span> <span class='ocrx_word' id='word_1_80' title='bbox 1394 1495 1622 1566; x_wconf 84' lang='lat' dir='ltr'><strong>hostes</strong></span> <span class='ocrx_word' id='word_1_81' title='bbox 1660 1498 2024 1568; x_wconf 86' lang='lat' dir='ltr'><strong>veneratio.</strong></span> <span class='ocrx_word' id='word_1_82' title='bbox 2067 1496 2254 1586; x_wconf 87' lang='lat' dir='ltr'><strong>Quid</strong></span> <span class='ocrx_word' id='word_1_83' title='bbox 2284 1499 2469 1593; x_wconf 90' lang='lat' dir='ltr'><strong>apud</strong></span> <span class='ocrx_word' id='word_1_84' title='bbox 2503 1501 2636 1568; x_wconf 77' lang='lat' dir='ltr'><strong>mi—</strong></span> 
     </span>
     <span class='ocr_line' id='line_1_12' title="bbox 493 1605 2638 1703; baseline 0.002 -30"><span class='ocrx_word' id='word_1_85' title='bbox 493 1605 690 1676; x_wconf 82' lang='lat' dir='ltr'><strong>lites?</strong></span> <span class='ocrx_word' id='word_1_86' title='bbox 724 1631 926 1702; x_wconf 84' lang='lat' dir='ltr'><strong>quam</strong></span> <span class='ocrx_word' id='word_1_87' title='bbox 978 1605 1527 1692; x_wconf 87' lang='lat' dir='ltr'><strong>admirationem,</strong></span> <span class='ocrx_word' id='word_1_88' title='bbox 1575 1606 2142 1701; x_wconf 87' lang='lat' dir='ltr'><strong>quemadmodum</strong></span> <span class='ocrx_word' id='word_1_89' title='bbox 2189 1609 2638 1703; x_wconf 85' lang='lat' dir='ltr'><strong>comparasti?</strong></span> 
     </span>
     <span class='ocr_line' id='line_1_13' title="bbox 490 1715 2632 1812; baseline 0.002 -28"><span class='ocrx_word' id='word_1_90' title='bbox 490 1741 703 1810; x_wconf 90' lang='lat' dir='ltr'><strong>quum</strong></span> <span class='ocrx_word' id='word_1_91' title='bbox 740 1731 959 1786; x_wconf 81' lang='lat' dir='ltr'><strong>tecum</strong></span> <span class='ocrx_word' id='word_1_92' title='bbox 998 1715 1323 1800; x_wconf 88' lang='lat' dir='ltr'><strong>inediam,</strong></span> <span class='ocrx_word' id='word_1_93' title='bbox 1360 1732 1584 1786; x_wconf 86' lang='lat' dir='ltr'><strong>tecum</strong></span> <span class='ocrx_word' id='word_1_94' title='bbox 1621 1716 1876 1786; x_wconf 87' lang='lat' dir='ltr'><strong>ferrent</strong></span> <span class='ocrx_word' id='word_1_95' title='bbox 1911 1719 2122 1806; x_wconf 84' lang='lat' dir='ltr'><strong>sitim3</strong></span> <span class='ocrx_word' id='word_1_96' title='bbox 2159 1743 2370 1812; x_wconf 91' lang='lat' dir='ltr'><strong>quum</strong></span> <span class='ocrx_word' id='word_1_97' title='bbox 2406 1719 2480 1788; x_wconf 92' lang='lat' dir='ltr'><strong>in</strong></span> <span class='ocrx_word' id='word_1_98' title='bbox 2523 1717 2632 1788; x_wconf 90' lang='lat' dir='ltr'><strong>illa</strong></span> 
     </span>
     <span class='ocr_line' id='line_1_14' title="bbox 491 1826 2634 1924; baseline 0.002 -30"><span class='ocrx_word' id='word_1_99' title='bbox 491 1827 923 1897; x_wconf 87' lang='lat' dir='ltr'><strong>meditatione</strong></span> <span class='ocrx_word' id='word_1_100' title='bbox 979 1829 1338 1922; x_wconf 83' lang='lat' dir='ltr'><strong>campestri</strong></span> <span class='ocrx_word' id='word_1_101' title='bbox 1394 1826 1798 1897; x_wconf 83' lang='lat' dir='ltr'><strong>militaribus</strong></span> <span class='ocrx_word' id='word_1_102' title='bbox 1841 1828 2080 1898; x_wconf 89' lang='lat' dir='ltr'><strong>turmis</strong></span> <span class='ocrx_word' id='word_1_103' title='bbox 2122 1828 2634 1924; x_wconf 87' lang='lat' dir='ltr'><strong>imperatorium</strong></span> 
     </span>
     <span class='ocr_line' id='line_1_15' title="bbox 492 1937 2636 2034; baseline 0.001 -26"><span class='ocrx_word' id='word_1_104' title='bbox 492 1939 834 2033; x_wconf 85' lang='lat' dir='ltr'><strong>pulverem</strong></span> <span class='ocrx_word' id='word_1_105' title='bbox 861 1937 1306 2034; x_wconf 85' lang='lat' dir='ltr'><strong>sudoremque</strong></span> <span class='ocrx_word' id='word_1_106' title='bbox 1325 1939 1638 2008; x_wconf 84' lang='lat' dir='ltr'><strong>misceres</strong></span> <span class='ocrx_word' id='word_1_107' title='bbox 1655 1991 1676 2026; x_wconf 87' lang='lat'>,</span> <span class='ocrx_word' id='word_1_108' title='bbox 1693 1937 1862 2007; x_wconf 90' lang='lat' dir='ltr'><strong>nihil</strong></span> <span class='ocrx_word' id='word_1_109' title='bbox 1884 1965 1930 2008; x_wconf 87' lang='lat' dir='ltr'><strong>a</strong></span> <span class='ocrx_word' id='word_1_110' title='bbox 1947 1939 2228 2024; x_wconf 82' lang='lat' dir='ltr'><strong>caeteris,</strong></span> <span class='ocrx_word' id='word_1_111' title='bbox 2245 1940 2372 2008; x_wconf 89' lang='lat' dir='ltr'><strong>nisi</strong></span> <span class='ocrx_word' id='word_1_112' title='bbox 2390 1942 2636 2010; x_wconf 84' lang='lat' dir='ltr'><strong>robore</strong></span> 
     </span>
     <span class='ocr_line' id='line_1_16' title="bbox 488 2039 2636 2144; baseline 0.001 -27"><span class='ocrx_word' id='word_1_113' title='bbox 488 2071 567 2118; x_wconf 87' lang='lat' dir='ltr'><strong>ac</strong></span> <span class='ocrx_word' id='word_1_114' title='bbox 602 2049 987 2144; x_wconf 82' lang='lat' dir='ltr'><strong>praestantia</strong></span> <span class='ocrx_word' id='word_1_115' title='bbox 1022 2039 1373 2136; x_wconf 81' lang='lat' dir='ltr'><strong>differens3</strong></span> <span class='ocrx_word' id='word_1_116' title='bbox 1408 2072 1620 2142; x_wconf 90' lang='lat' dir='ltr'><strong>quum</strong></span> <span class='ocrx_word' id='word_1_117' title='bbox 1658 2047 1872 2117; x_wconf 89' lang='lat' dir='ltr'><strong>libero</strong></span> <span class='ocrx_word' id='word_1_118' title='bbox 1908 2053 2161 2136; x_wconf 87' lang='lat' dir='ltr'><strong>Marte,</strong></span> <span class='ocrx_word' id='word_1_119' title='bbox 2203 2074 2388 2118; x_wconf 89' lang='lat' dir='ltr'><strong>nunc</strong></span> <span class='ocrx_word' id='word_1_120' title='bbox 2427 2054 2636 2121; x_wconf 88' lang='lat' dir='ltr'><strong>comi-</strong></span> 
     </span>
     <span class='ocr_line' id='line_1_17' title="bbox 488 2158 2635 2253; baseline 0.001 -26"><span class='ocrx_word' id='word_1_121' title='bbox 488 2183 615 2228; x_wconf 91' lang='lat' dir='ltr'><strong>nus</strong></span> <span class='ocrx_word' id='word_1_122' title='bbox 652 2158 784 2229; x_wconf 88' lang='lat' dir='ltr'><strong>tela</strong></span> <span class='ocrx_word' id='word_1_123' title='bbox 810 2161 1140 2246; x_wconf 75' lang='lat' dir='ltr'><strong>vibrareS,</strong></span> <span class='ocrx_word' id='word_1_124' title='bbox 1171 2184 1355 2228; x_wconf 90' lang='lat' dir='ltr'><strong>nunc</strong></span> <span class='ocrx_word' id='word_1_125' title='bbox 1384 2159 1648 2228; x_wconf 87' lang='lat' dir='ltr'><strong>vibrata</strong></span> <span class='ocrx_word' id='word_1_126' title='bbox 1685 2159 2092 2253; x_wconf 79' lang='lat' dir='ltr'><strong>suscipereS,</strong></span> <span class='ocrx_word' id='word_1_127' title='bbox 2131 2158 2350 2229; x_wconf 78' lang='lat' dir='ltr'><strong>alacer</strong></span> <span class='ocrx_word' id='word_1_128' title='bbox 2387 2160 2635 2231; x_wconf 84' lang='lat' dir='ltr'><strong>virtute</strong></span> 
     </span>
     <span class='ocr_line' id='line_1_18' title="bbox 489 2267 2633 2366; baseline 0 -28"><span class='ocrx_word' id='word_1_129' title='bbox 489 2269 781 2338; x_wconf 89' lang='lat' dir='ltr'><strong>militum</strong></span> <span class='ocrx_word' id='word_1_130' title='bbox 818 2284 884 2338; x_wconf 86' lang='lat' dir='ltr'><strong>et</strong></span> <span class='ocrx_word' id='word_1_131' title='bbox 921 2269 1142 2353; x_wconf 76' lang='lat' dir='ltr'><strong>laetuS‚</strong></span> <span class='ocrx_word' id='word_1_132' title='bbox 1168 2271 1430 2364; x_wconf 88' lang='lat' dir='ltr'><strong>quoties</strong></span> <span class='ocrx_word' id='word_1_133' title='bbox 1456 2283 1576 2337; x_wconf 87' lang='lat' dir='ltr'><strong>aut</strong></span> <span class='ocrx_word' id='word_1_134' title='bbox 1601 2267 1838 2338; x_wconf 85' lang='lat' dir='ltr'><strong>cassidi</strong></span> <span class='ocrx_word' id='word_1_135' title='bbox 1868 2283 1999 2336; x_wconf 84' lang='lat' dir='ltr'><strong>tuae</strong></span> <span class='ocrx_word' id='word_1_136' title='bbox 2019 2321 2039 2355; x_wconf 85' lang='lat'>‚</span> <span class='ocrx_word' id='word_1_137' title='bbox 2067 2282 2188 2337; x_wconf 82' lang='lat' dir='ltr'><strong>aut</strong></span> <span class='ocrx_word' id='word_1_138' title='bbox 2213 2267 2446 2366; x_wconf 90' lang='lat' dir='ltr'><strong>clypeo</strong></span> <span class='ocrx_word' id='word_1_139' title='bbox 2474 2295 2633 2365; x_wconf 86' lang='lat' dir='ltr'><strong>gra-</strong></span> 
     </span>
    </p>

    <p class='ocr_par' dir='ltr' id='par_1_3' title="bbox 420 2378 2629 2475">
     <span class='ocr_line' id='line_1_19' title="bbox 420 2378 2629 2475; baseline 0.001 -26"><span class='ocrx_word' id='word_1_140' title='bbox 420 2398 449 2433; x_wconf 86' lang='lat'><em>2</em></span> <span class='ocrx_word' id='word_1_141' title='bbox 488 2382 635 2451; x_wconf 86' lang='lat' dir='ltr'><strong>vior</strong></span> <span class='ocrx_word' id='word_1_142' title='bbox 670 2382 841 2451; x_wconf 84' lang='lat' dir='ltr'><strong>ictus</strong></span> <span class='ocrx_word' id='word_1_143' title='bbox 876 2378 1231 2465; x_wconf 80' lang='lat' dir='ltr'><strong>incideret3</strong></span> <span class='ocrx_word' id='word_1_144' title='bbox 1258 2379 1608 2475; x_wconf 75' lang='lat' dir='ltr'><strong>(laudabas</strong></span> <span class='ocrx_word' id='word_1_145' title='bbox 1648 2380 1904 2475; x_wconf 87' lang='lat' dir='ltr'><strong>quippe</strong></span> <span class='ocrx_word' id='word_1_146' title='bbox 1940 2378 2279 2465; x_wconf 86' lang='lat' dir='ltr'><strong>ferientes,</strong></span> <span class='ocrx_word' id='word_1_147' title='bbox 2313 2380 2629 2451; x_wconf 88' lang='lat' dir='ltr'><strong>hortaba-</strong></span> 
     </span>
    </p>
   </div>
   <div class='ocr_carea' id='block_1_2' title="bbox 1605 2559 2628 2633">
    <p class='ocr_par' dir='ltr' id='par_1_4' title="bbox 1605 2559 2628 2633">
     <span class='ocr_line' id='line_1_20' title="bbox 1605 2559 2628 2633; baseline 0.007 -22"><span class='ocrx_word' id='word_1_148' title='bbox 1605 2564 1809 2611; x_wconf 70' lang='lat' dir='ltr'><strong>kiemem</strong></span> <span class='ocrx_word' id='word_1_149' title='bbox 1843 2580 2013 2623; x_wconf 81' lang='lat' dir='ltr'><strong>suam,</strong></span> <span class='ocrx_word' id='word_1_150' title='bbox 2056 2559 2158 2614; x_wconf 84' lang='lat' dir='ltr'><strong>hoc</strong></span> <span class='ocrx_word' id='word_1_151' title='bbox 2197 2572 2303 2628; x_wconf 73' lang='lat' dir='ltr'><strong>eet,</strong></span> <span class='ocrx_word' id='word_1_152' title='bbox 2341 2561 2472 2633; x_wconf 74' lang='lat' dir='ltr'><strong>ipsis</strong></span> <span class='ocrx_word' id='word_1_153' title='bbox 2505 2562 2628 2619; x_wconf 71' lang='lat' dir='ltr'><strong>eolis</strong></span> 
     </span>
    </p>
   </div>
   <div class='ocr_carea' id='block_1_3' title="bbox 486 2560 2256 2694">
    <p class='ocr_par' dir='ltr' id='par_1_5' title="bbox 486 2560 2256 2694">
     <span class='ocr_line' id='line_1_21' title="bbox 486 2560 1504 2635; baseline -0.002 -19"><span class='ocrx_word' id='word_1_154' title='bbox 486 2565 682 2635; x_wconf 79' lang='lat' dir='ltr'><strong>ipsum,</strong></span> <span class='ocrx_word' id='word_1_155' title='bbox 702 2562 1021 2633; x_wconf 84' lang='lat' dir='ltr'><strong>atqueetiam</strong></span> <span class='ocrx_word' id='word_1_156' title='bbox 1049 2560 1414 2613; x_wconf 80' lang='lat' dir='ltr'><strong>Arntzenium.</strong></span> <span class='ocrx_word' id='word_1_157' title='bbox 1435 2560 1504 2614; x_wconf 89' lang='lat' dir='ltr'><strong>G.</strong></span> 
     </span>
     <span class='ocr_line' id='line_1_22' title="bbox 1605 2638 2256 2694; baseline 0 0"><span class='ocrx_word' id='word_1_158' title='bbox 1605 2639 1782 2694; x_wconf 85' lang='lat' dir='ltr'><strong>adhuc</strong></span> <span class='ocrx_word' id='word_1_159' title='bbox 1803 2638 2160 2694; x_wconf 84' lang='lat' dir='ltr'><strong>commodam.</strong></span> <span class='ocrx_word' id='word_1_160' title='bbox 2186 2640 2256 2694; x_wconf 91' lang='lat' dir='ltr'><strong>G.</strong></span> 
     </span>
    </p>
   </div>
   <div class='ocr_carea' id='block_1_4' title="bbox 558 2643 1503 2702">
    <p class='ocr_par' dir='ltr' id='par_1_6' title="bbox 558 2643 1503 2702">
     <span class='ocr_line' id='line_1_23' title="bbox 558 2643 1503 2702; baseline -0.006 -5"><span class='ocrx_word' id='word_1_161' title='bbox 558 2646 611 2697; x_wconf 84' lang='lat'><strong>3.</strong></span> <span class='ocrx_word' id='word_1_162' title='bbox 642 2645 919 2695; x_wconf 78' lang='lat' dir='ltr'><strong>Adsedi-sse.</strong></span> <span class='ocrx_word' id='word_1_163' title='bbox 942 2644 1233 2702; x_wconf 76' lang='lat' dir='ltr'><strong>Praeeidere,</strong></span> <span class='ocrx_word' id='word_1_164' title='bbox 1257 2643 1503 2700; x_wconf 80' lang='lat' dir='ltr'><strong>obsidere,</strong></span> 
     </span>
    </p>
   </div>
   <div class='ocr_carea' id='block_1_5' title="bbox 474 2721 1509 3517">
    <p class='ocr_par' dir='ltr' id='par_1_7' title="bbox 474 2721 1509 3517">
     <span class='ocr_line' id='line_1_24' title="bbox 483 2721 1509 2788; baseline -0.005 -13"><span class='ocrx_word' id='word_1_165' title='bbox 483 2725 693 2775; x_wconf 72' lang='lat' dir='ltr'><strong>insidere</strong></span> <span class='ocrx_word' id='word_1_166' title='bbox 706 2760 723 2783; x_wconf 95' lang='lat'><strong><em>,</em></strong></span> <span class='ocrx_word' id='word_1_167' title='bbox 769 2732 823 2773; x_wconf 84' lang='lat' dir='ltr'><strong>et</strong></span> <span class='ocrx_word' id='word_1_168' title='bbox 859 2723 1063 2771; x_wconf 75' lang='lat' dir='ltr'><strong>insidias</strong></span> <span class='ocrx_word' id='word_1_169' title='bbox 1091 2721 1303 2788; x_wconf 85' lang='lat' dir='ltr'><strong>facere,</strong></span> <span class='ocrx_word' id='word_1_170' title='bbox 1352 2722 1509 2771; x_wconf 74' lang='lat' dir='ltr'><strong>eonsi-</strong></span> 
     </span>
     <span class='ocr_line' id='line_1_25' title="bbox 482 2797 1506 2871; baseline -0.005 -16"><span class='ocrx_word' id='word_1_171' title='bbox 482 2808 626 2863; x_wconf 79' lang='lat' dir='ltr'><strong>dere,</strong></span> <span class='ocrx_word' id='word_1_172' title='bbox 662 2812 763 2853; x_wconf 89' lang='lat' dir='ltr'><strong>etc.</strong></span> <span class='ocrx_word' id='word_1_173' title='bbox 794 2799 1039 2853; x_wconf 84' lang='lat' dir='ltr'><strong>militaria</strong></span> <span class='ocrx_word' id='word_1_174' title='bbox 1064 2799 1257 2863; x_wconf 80' lang='lat' dir='ltr'><strong>verba,</strong></span> <span class='ocrx_word' id='word_1_175' title='bbox 1292 2816 1409 2871; x_wconf 79' lang='lat' dir='ltr'><strong>quae</strong></span> <span class='ocrx_word' id='word_1_176' title='bbox 1435 2797 1506 2850; x_wconf 87' lang='lat' dir='ltr'><strong>ad</strong></span> 
     </span>
     <span class='ocr_line' id='line_1_26' title="bbox 482 2876 1502 2951; baseline -0.007 -14"><span class='ocrx_word' id='word_1_177' title='bbox 482 2892 811 2937; x_wconf 75' lang='lat' dir='ltr'><strong>constantem</strong></span> <span class='ocrx_word' id='word_1_178' title='bbox 840 2878 1169 2951; x_wconf 75' lang='lat' dir='ltr'><strong>praesentiam</strong></span> <span class='ocrx_word' id='word_1_179' title='bbox 1198 2889 1255 2931; x_wconf 76' lang='lat' dir='ltr'><strong>&#39;et</strong></span> <span class='ocrx_word' id='word_1_180' title='bbox 1282 2876 1502 2930; x_wconf 78' lang='lat' dir='ltr'><strong>firmita-</strong></span> 
     </span>
     <span class='ocr_line' id='line_1_27' title="bbox 480 2958 1502 3035; baseline -0.005 -19"><span class='ocrx_word' id='word_1_181' title='bbox 480 2976 587 3016; x_wconf 85' lang='lat' dir='ltr'><strong>tem</strong></span> <span class='ocrx_word' id='word_1_182' title='bbox 604 2959 906 3035; x_wconf 73' lang='lat' dir='ltr'><strong>⁴quamdam</strong></span> <span class='ocrx_word' id='word_1_183' title='bbox 936 2960 1260 3014; x_wconf 82' lang='lat' dir='ltr'><strong>reseruntur.</strong></span> <span class='ocrx_word' id='word_1_184' title='bbox 1299 2958 1383 3011; x_wconf 86' lang='lat' dir='ltr'><strong>Ita</strong></span> <span class='ocrx_word' id='word_1_185' title='bbox 1412 2958 1502 3011; x_wconf 84' lang='lat' dir='ltr'><strong>hic</strong></span> 
     </span>
     <span class='ocr_line' id='line_1_28' title="bbox 477 3036 1499 3103; baseline -0.006 -8"><span class='ocrx_word' id='word_1_186' title='bbox 477 3047 717 3103; x_wconf 79' lang='lat' dir='ltr'><strong>assidere,</strong></span> <span class='ocrx_word' id='word_1_187' title='bbox 740 3042 843 3093; x_wconf 88' lang='lat' dir='ltr'><strong>hoc</strong></span> <span class='ocrx_word' id='word_1_188' title='bbox 860 3050 938 3093; x_wconf 71' lang='lat' dir='ltr'><strong>est</strong></span> <span class='ocrx_word' id='word_1_189' title='bbox 954 3077 971 3103; x_wconf 89' lang='lat'>‚</span> <span class='ocrx_word' id='word_1_190' title='bbox 996 3050 1167 3093; x_wconf 77' lang='lat' dir='ltr'><strong>castra</strong></span> <span class='ocrx_word' id='word_1_191' title='bbox 1189 3038 1405 3090; x_wconf 83' lang='lat' dir='ltr'><strong>habere.</strong></span> <span class='ocrx_word' id='word_1_192' title='bbox 1427 3036 1499 3089; x_wconf 91' lang='lat' dir='ltr'><strong>G.</strong></span> 
     </span>
     <span class='ocr_line' id='line_1_29' title="bbox 477 3118 1503 3189; baseline -0.008 -13"><span class='ocrx_word' id='word_1_193' title='bbox 477 3156 547 3166; x_wconf 94' lang='lat'>—</span> <span class='ocrx_word' id='word_1_194' title='bbox 558 3123 882 3176; x_wconf 63' lang='lat' dir='ltr'><strong>Feret-issimis</strong></span> <span class='ocrx_word' id='word_1_195' title='bbox 892 3118 1173 3172; x_wconf 81' lang='lat' dir='ltr'><strong>Germanis</strong></span> <span class='ocrx_word' id='word_1_196' title='bbox 1186 3136 1202 3181; x_wconf 69' lang='grc' dir='ltr'>ς</span> <span class='ocrx_word' id='word_1_197' title='bbox 1220 3135 1356 3189; x_wconf 79' lang='lat' dir='ltr'><strong>quos</strong></span> <span class='ocrx_word' id='word_1_198' title='bbox 1368 3135 1503 3169; x_wconf 86' lang='lat' dir='ltr'><strong>nun-</strong></span> 
     </span>
     <span class='ocr_line' id='line_1_30' title="bbox 477 3198 1497 3277; baseline -0.009 -19"><span class='ocrx_word' id='word_1_199' title='bbox 477 3222 641 3277; x_wconf 85' lang='lat' dir='ltr'><strong>quam</strong></span> <span class='ocrx_word' id='word_1_200' title='bbox 659 3206 870 3275; x_wconf 75' lang='lat' dir='ltr'><strong>penitus</strong></span> <span class='ocrx_word' id='word_1_201' title='bbox 888 3198 1109 3253; x_wconf 87' lang='lat' dir='ltr'><strong>Romani</strong></span> <span class='ocrx_word' id='word_1_202' title='bbox 1126 3198 1497 3271; x_wconf 76' lang='lat' dir='ltr'><strong>subjugarunt.</strong></span> 
     </span>
     <span class='ocr_line' id='line_1_31' title="bbox 476 3278 1501 3351; baseline -0.009 -12"><span class='ocrx_word' id='word_1_203' title='bbox 476 3286 579 3338; x_wconf 82' lang='lat' dir='ltr'><strong>En.</strong></span> <span class='ocrx_word' id='word_1_204' title='bbox 602 3315 674 3325; x_wconf 92' lang='lat'>—</span> <span class='ocrx_word' id='word_1_205' title='bbox 692 3289 845 3351; x_wconf 73' lang='lat' dir='ltr'><strong>Ter-go</strong></span> <span class='ocrx_word' id='word_1_206' title='bbox 874 3284 1017 3331; x_wconf 80' lang='lat' dir='ltr'><strong>bella.</strong></span> <span class='ocrx_word' id='word_1_207' title='bbox 1040 3278 1125 3333; x_wconf 83' lang='lat' dir='ltr'><strong>sic</strong></span> <span class='ocrx_word' id='word_1_208' title='bbox 1146 3288 1347 3349; x_wconf 78' lang='lat' dir='ltr'><strong>poetoe;</strong></span> <span class='ocrx_word' id='word_1_209' title='bbox 1372 3294 1501 3347; x_wconf 62' lang='lat' dir='ltr'><strong>prm·</strong></span> 
     </span>
     <span class='ocr_line' id='line_1_32' title="bbox 474 3354 1496 3421; baseline -0.009 -3"><span class='ocrx_word' id='word_1_210' title='bbox 474 3366 657 3419; x_wconf 72' lang='lat' dir='ltr'><strong>sertim</strong></span> <span class='ocrx_word' id='word_1_211' title='bbox 688 3360 1015 3416; x_wconf 73' lang='lat' dir='ltr'><strong>Claudianus</strong></span> <span class='ocrx_word' id='word_1_212' title='bbox 1040 3396 1057 3421; x_wconf 89' lang='lat'>‚</span> <span class='ocrx_word' id='word_1_213' title='bbox 1091 3356 1159 3409; x_wconf 89' lang='lat' dir='ltr'><strong>de</strong></span> <span class='ocrx_word' id='word_1_214' title='bbox 1197 3354 1330 3411; x_wconf 87' lang='lat' dir='ltr'><strong>Bell.</strong></span> <span class='ocrx_word' id='word_1_215' title='bbox 1372 3356 1496 3410; x_wconf 87' lang='lat' dir='ltr'><strong>Get.</strong></span> 
     </span>
     <span class='ocr_line' id='line_1_33' title="bbox 478 3438 1496 3517; baseline -0.013 -18"><span class='ocrx_word' id='word_1_216' title='bbox 478 3446 605 3517; x_wconf 80' lang='lat'>337,</span> <span class='ocrx_word' id='word_1_217' title='bbox 634 3442 703 3497; x_wconf 89' lang='lat' dir='ltr'><strong>de</strong></span> <span class='ocrx_word' id='word_1_218' title='bbox 720 3442 907 3497; x_wconf 81' lang='lat' dir='ltr'><strong>Rheno</strong></span> <span class='ocrx_word' id='word_1_219' title='bbox 938 3450 991 3493; x_wconf 88' lang='lat' dir='ltr'><strong>et</strong></span> <span class='ocrx_word' id='word_1_220' title='bbox 1018 3440 1184 3500; x_wconf 79' lang='lat' dir='ltr'><strong>Istro,</strong></span> <span class='ocrx_word' id='word_1_221' title='bbox 1212 3440 1371 3487; x_wconf 83' lang='lat' dir='ltr'><strong>Ambo</strong></span> <span class='ocrx_word' id='word_1_222' title='bbox 1399 3438 1496 3487; x_wconf 78' lang='lat' dir='ltr'><strong>ka·</strong></span> 
     </span>
    </p>
   </div>
   <div class='ocr_carea' id='block_1_6' title="bbox 360 3518 1498 3589">
    <p class='ocr_par' dir='ltr' id='par_1_8' title="bbox 360 3518 1498 3589">
     <span class='ocr_line' id='line_1_34' title="bbox 360 3518 1498 3589; baseline -0.012 -11"><span class='ocrx_word' id='word_1_223' title='bbox 360 3544 373 3551; x_wconf 75' lang='grc'><strong>’</strong></span> <span class='ocrx_word' id='word_1_224' title='bbox 476 3530 593 3577; x_wconf 79' lang='lat' dir='ltr'><strong>biles</strong></span> <span class='ocrx_word' id='word_1_225' title='bbox 614 3527 773 3585; x_wconf 82' lang='lat' dir='ltr'><strong>remis,</strong></span> <span class='ocrx_word' id='word_1_226' title='bbox 792 3526 935 3575; x_wconf 80' lang='lat' dir='ltr'><strong>ambo</strong></span> <span class='ocrx_word' id='word_1_227' title='bbox 948 3519 1191 3589; x_wconf 77' lang='lat' dir='ltr'><strong>glacialia</strong></span> <span class='ocrx_word' id='word_1_228' title='bbox 1204 3518 1322 3567; x_wconf 80' lang='lat' dir='ltr'><strong>secti</strong></span> <span class='ocrx_word' id='word_1_229' title='bbox 1339 3520 1498 3585; x_wconf 67' lang='lat' dir='ltr'><strong>Terga</strong></span> 
     </span>
    </p>
   </div>
   <div class='ocr_carea' id='block_1_7' title="bbox 466 3594 1498 4138">
    <p class='ocr_par' dir='ltr' id='par_1_9' title="bbox 466 3594 1498 3989">
     <span class='ocr_line' id='line_1_35' title="bbox 474 3594 1497 3673; baseline -0.01 -16"><span class='ocrx_word' id='word_1_230' title='bbox 474 3608 611 3657; x_wconf 72' lang='lat' dir='ltr'><strong>mtis.</strong></span> <span class='ocrx_word' id='word_1_231' title='bbox 630 3604 685 3655; x_wconf 88' lang='lat' dir='ltr'><strong>.V</strong></span> <span class='ocrx_word' id='word_1_232' title='bbox 688 3604 740 3657; x_wconf 86' lang='lat' dir='ltr'><strong>ix</strong></span> <span class='ocrx_word' id='word_1_233' title='bbox 771 3598 1161 3673; x_wconf 78' lang='lat' dir='ltr'><strong>eloquentiores</strong></span> <span class='ocrx_word' id='word_1_234' title='bbox 1184 3605 1306 3649; x_wconf 73' lang='lat' dir='ltr'><strong>eunt</strong></span> <span class='ocrx_word' id='word_1_235' title='bbox 1324 3594 1497 3648; x_wconf 73' lang='lat' dir='ltr'><strong>Graeci</strong></span> 
     </span>
     <span class='ocr_line' id='line_1_36' title="bbox 473 3672 1498 3755; baseline -0.01 -20"><span class='ocrx_word' id='word_1_236' title='bbox 473 3684 701 3755; x_wconf 79' lang='lat' dir='ltr'><strong>Italique</strong></span> <span class='ocrx_word' id='word_1_237' title='bbox 725 3681 999 3743; x_wconf 75' lang='lat' dir='ltr'><strong>homines,</strong></span> <span class='ocrx_word' id='word_1_238' title='bbox 1028 3695 1189 3749; x_wconf 76' lang='lat' dir='ltr'><strong>quam</strong></span> <span class='ocrx_word' id='word_1_239' title='bbox 1219 3676 1273 3728; x_wconf 89' lang='lat' dir='ltr'><strong>in</strong></span> <span class='ocrx_word' id='word_1_240' title='bbox 1305 3672 1498 3727; x_wconf 80' lang='lat' dir='ltr'><strong>deseri·</strong></span> 
     </span>
     <span class='ocr_line' id='line_1_37' title="bbox 472 3761 1498 3830; baseline -0.013 -13"><span class='ocrx_word' id='word_1_241' title='bbox 472 3763 660 3817; x_wconf 74' lang='lat' dir='ltr'><strong>bendis</strong></span> <span class='ocrx_word' id='word_1_242' title='bbox 670 3761 1032 3830; x_wconf 74' lang='lat' dir='ltr'><strong>fluviisglaeie,</strong></span> <span class='ocrx_word' id='word_1_243' title='bbox 1048 3768 1305 3828; x_wconf 80' lang='lat' dir='ltr'><strong>tanquam</strong></span> <span class='ocrx_word' id='word_1_244' title='bbox 1317 3764 1498 3827; x_wconf 86' lang='lat' dir='ltr'><strong>ponte,</strong></span> 
     </span>
     <span class='ocr_line' id='line_1_38' title="bbox 466 3834 1492 3912; baseline -0.01 -18"><span class='ocrx_word' id='word_1_245' title='bbox 466 3840 807 3912; x_wconf 73' lang='lat' dir='ltr'><strong>junctis-vid.</strong></span> <span class='ocrx_word' id='word_1_246' title='bbox 834 3860 886 3892; x_wconf 85' lang='lat' dir='ltr'><strong>v.</strong></span> <span class='ocrx_word' id='word_1_247' title='bbox 922 3858 973 3911; x_wconf 76' lang='lat' dir='ltr'><strong>g.</strong></span> <span class='ocrx_word' id='word_1_248' title='bbox 1004 3835 1165 3891; x_wconf 80' lang='lat' dir='ltr'><strong>Ovid.</strong></span> <span class='ocrx_word' id='word_1_249' title='bbox 1184 3834 1348 3888; x_wconf 70' lang='lat' dir='ltr'><strong>Trist.</strong></span> <span class='ocrx_word' id='word_1_250' title='bbox 1379 3834 1492 3896; x_wconf 88' lang='lat' dir='ltr'><strong>III,</strong></span> 
     </span>
     <span class='ocr_line' id='line_1_39' title="bbox 478 3917 993 3989; baseline -0.008 -15"><span class='ocrx_word' id='word_1_251' title='bbox 478 3940 541 3974; x_wconf 81' lang='grc' dir='ltr'><strong>ιο</strong></span> <span class='ocrx_word' id='word_1_252' title='bbox 558 3964 573 3989; x_wconf 89' lang='grc'><strong><em>,</em></strong></span> <span class='ocrx_word' id='word_1_253' title='bbox 596 3917 685 3973; x_wconf 88' lang='lat' dir='ltr'><strong>ubi</strong></span> <span class='ocrx_word' id='word_1_254' title='bbox 708 3920 905 3972; x_wconf 80' lang='lat' dir='ltr'><strong>omnia.</strong></span> <span class='ocrx_word' id='word_1_255' title='bbox 923 3917 993 3969; x_wconf 88' lang='lat' dir='ltr'><strong>G.</strong></span> 
     </span>
    </p>

    <p class='ocr_par' dir='ltr' id='par_1_10' title="bbox 470 3995 1492 4138">
     <span class='ocr_line' id='line_1_40' title="bbox 543 3995 1492 4065; baseline -0.009 -13"><span class='ocrx_word' id='word_1_256' title='bbox 543 4009 591 4065; x_wconf 71' lang='grc'><strong>4.</strong></span> <span class='ocrx_word' id='word_1_257' title='bbox 623 4002 803 4051; x_wconf 78' lang='lat' dir='ltr'><strong>Aliena</strong></span> <span class='ocrx_word' id='word_1_258' title='bbox 836 3998 1111 4049; x_wconf 75' lang='lat' dir='ltr'><strong>occasione.</strong></span> <span class='ocrx_word' id='word_1_259' title='bbox 1144 3995 1265 4059; x_wconf 83' lang='lat' dir='ltr'><strong>Qua</strong></span> <span class='ocrx_word' id='word_1_260' title='bbox 1300 4010 1492 4063; x_wconf 85' lang='lat' dir='ltr'><strong>nempe</strong></span> 
     </span>
     <span class='ocr_line' id='line_1_41' title="bbox 470 4071 1490 4138; baseline -0.012 -3"><span class='ocrx_word' id='word_1_261' title='bbox 470 4078 647 4135; x_wconf 79' lang='lat' dir='ltr'><strong>adhuc</strong></span> <span class='ocrx_word' id='word_1_262' title='bbox 689 4096 797 4131; x_wconf 87' lang='lat' dir='ltr'><strong>non</strong></span> <span class='ocrx_word' id='word_1_263' title='bbox 834 4074 1097 4138; x_wconf 85' lang='lat' dir='ltr'><strong>Romani,</strong></span> <span class='ocrx_word' id='word_1_264' title='bbox 1143 4072 1234 4125; x_wconf 77' lang='lat' dir='ltr'><strong>sed</strong></span> <span class='ocrx_word' id='word_1_265' title='bbox 1276 4071 1490 4125; x_wconf 81' lang='lat' dir='ltr'><strong>barbari</strong></span> 
     </span>
    </p>
   </div>
   <div class='ocr_carea' id='block_1_8' title="bbox 466 4150 1492 4215">
    <p class='ocr_par' dir='ltr' id='par_1_11' title="bbox 466 4150 1492 4215">
     <span class='ocr_line' id='line_1_42' title="bbox 466 4150 1492 4215; baseline -0.014 0"><span class='ocrx_word' id='word_1_266' title='bbox 466 4160 561 4215; x_wconf 73' lang='lat' dir='ltr'><strong>noli</strong></span> <span class='ocrx_word' id='word_1_267' title='bbox 598 4158 678 4213; x_wconf 76' lang='lat' dir='ltr'><strong>usi</strong></span> <span class='ocrx_word' id='word_1_268' title='bbox 712 4168 852 4209; x_wconf 77' lang='lat' dir='ltr'><strong>sunt.</strong></span> <span class='ocrx_word' id='word_1_269' title='bbox 888 4153 1084 4207; x_wconf 80' lang='lat' dir='ltr'><strong>Eadem</strong></span> <span class='ocrx_word' id='word_1_270' title='bbox 1126 4153 1331 4205; x_wconf 86' lang='lat' dir='ltr'><strong>ratione</strong></span> <span class='ocrx_word' id='word_1_271' title='bbox 1361 4150 1492 4203; x_wconf 88' lang='lat' dir='ltr'><strong>dicit</strong></span> 
     </span>
    </p>
   </div>
   <div class='ocr_carea' id='block_1_9' title="bbox 1586 2719 2626 4222">
    <p class='ocr_par' dir='ltr' id='par_1_12' title="bbox 1586 2719 2626 4222">
     <span class='ocr_line' id='line_1_43' title="bbox 1672 2719 2626 2775; baseline 0.003 -3"><span class='ocrx_word' id='word_1_272' title='bbox 1672 2719 1824 2772; x_wconf 85' lang='lat' dir='ltr'><strong>xm.</strong></span> <span class='ocrx_word' id='word_1_273' title='bbox 1856 2739 1876 2772; x_wconf 83' lang='lat'>1</span> <span class='ocrx_word' id='word_1_274' title='bbox 1890 2758 1903 2773; x_wconf 93' lang='lat'><strong>.</strong></span> <span class='ocrx_word' id='word_1_275' title='bbox 1927 2723 2269 2773; x_wconf 77' lang='lat' dir='ltr'><strong>Meditatt‘oue.</strong></span> <span class='ocrx_word' id='word_1_276' title='bbox 2289 2722 2556 2774; x_wconf 85' lang='lat' dir='ltr'><strong>Exercitio</strong></span> <span class='ocrx_word' id='word_1_277' title='bbox 2572 2724 2626 2775; x_wconf 87' lang='lat' dir='ltr'><strong>in</strong></span> 
     </span>
     <span class='ocr_line' id='line_1_44' title="bbox 1602 2800 2623 2873; baseline 0 -20"><span class='ocrx_word' id='word_1_278' title='bbox 1602 2818 1791 2871; x_wconf 82' lang='lat' dir='ltr'><strong>campo</strong></span> <span class='ocrx_word' id='word_1_279' title='bbox 1805 2838 1820 2863; x_wconf 88' lang='lat'>,</span> <span class='ocrx_word' id='word_1_280' title='bbox 1840 2804 2039 2873; x_wconf 72' lang='grc' dir='ltr'><strong>μιλέτῃ.</strong></span> <span class='ocrx_word' id='word_1_281' title='bbox 2055 2800 2154 2852; x_wconf 80' lang='lat' dir='ltr'><strong>En.</strong></span> <span class='ocrx_word' id='word_1_282' title='bbox 2169 2830 2240 2839; x_wconf 90' lang='lat'><strong>-—</strong></span> <span class='ocrx_word' id='word_1_283' title='bbox 2252 2802 2429 2852; x_wconf 81' lang='lat' dir='ltr'><strong>Libero</strong></span> <span class='ocrx_word' id='word_1_284' title='bbox 2445 2806 2623 2853; x_wconf 76' lang='lat' dir='ltr'><strong>Marte.</strong></span> 
     </span>
     <span class='ocr_line' id='line_1_45' title="bbox 1602 2878 2624 2947; baseline 0.002 -16"><span class='ocrx_word' id='word_1_285' title='bbox 1602 2881 1677 2932; x_wconf 89' lang='lat' dir='ltr'><strong>Ut</strong></span> <span class='ocrx_word' id='word_1_286' title='bbox 1700 2900 1844 2947; x_wconf 68' lang='lat' dir='ltr'><strong>atquo</strong></span> <span class='ocrx_word' id='word_1_287' title='bbox 1869 2884 2049 2931; x_wconf 77' lang='lat' dir='ltr'><strong>Marte.</strong></span> <span class='ocrx_word' id='word_1_288' title='bbox 2091 2878 2346 2931; x_wconf 82' lang='lat' dir='ltr'><strong>Liberum</strong></span> <span class='ocrx_word' id='word_1_289' title='bbox 2385 2892 2502 2933; x_wconf 81' lang='lat' dir='ltr'><strong>erat</strong></span> <span class='ocrx_word' id='word_1_290' title='bbox 2543 2882 2592 2933; x_wconf 85' lang='lat' dir='ltr'><strong>ei</strong></span> <span class='ocrx_word' id='word_1_291' title='bbox 2609 2918 2624 2944; x_wconf 89' lang='lat'><strong>,</strong></span> 
     </span>
     <span class='ocr_line' id='line_1_46' title="bbox 1599 2959 2626 3031; baseline -0.001 -18"><span class='ocrx_word' id='word_1_292' title='bbox 1599 2959 1851 3013; x_wconf 73' lang='lat' dir='ltr'><strong>adversus</strong></span> <span class='ocrx_word' id='word_1_293' title='bbox 1870 2976 2028 3030; x_wconf 83' lang='lat' dir='ltr'><strong>quem</strong></span> <span class='ocrx_word' id='word_1_294' title='bbox 2040 2959 2316 3031; x_wconf 79' lang='lat' dir='ltr'><strong>pugnabat</strong></span> <span class='ocrx_word' id='word_1_295' title='bbox 2334 2959 2394 3012; x_wconf 88' lang='lat' dir='ltr'><strong>in</strong></span> <span class='ocrx_word' id='word_1_296' title='bbox 2414 2960 2502 3012; x_wconf 85' lang='lat' dir='ltr'><strong>illa</strong></span> <span class='ocrx_word' id='word_1_297' title='bbox 2521 2978 2626 3012; x_wconf 86' lang='lat' dir='ltr'><strong>me-</strong></span> 
     </span>
     <span class='ocr_line' id='line_1_47' title="bbox 1599 3038 2625 3110; baseline 0.001 -19"><span class='ocrx_word' id='word_1_298' title='bbox 1599 3038 1856 3092; x_wconf 80' lang='lat' dir='ltr'><strong>ditatione</strong></span> <span class='ocrx_word' id='word_1_299' title='bbox 1894 3038 2175 3110; x_wconf 83' lang='lat' dir='ltr'><strong>campestri</strong></span> <span class='ocrx_word' id='word_1_300' title='bbox 2207 3038 2506 3109; x_wconf 69' lang='lat' dir='ltr'><strong>Trnjnhm,</strong></span> <span class='ocrx_word' id='word_1_301' title='bbox 2546 3058 2625 3092; x_wconf 86' lang='lat' dir='ltr'><strong>re-</strong></span> 
     </span>
     <span class='ocr_line' id='line_1_48' title="bbox 1597 3116 2622 3190; baseline 0.006 -22"><span class='ocrx_word' id='word_1_302' title='bbox 1597 3136 1864 3190; x_wconf 79' lang='lat' dir='ltr'><strong>pugnare,</strong></span> <span class='ocrx_word' id='word_1_303' title='bbox 1891 3116 2031 3169; x_wconf 88' lang='lat' dir='ltr'><strong>ultro</strong></span> <span class='ocrx_word' id='word_1_304' title='bbox 2060 3117 2217 3171; x_wconf 86' lang='lat' dir='ltr'><strong>ferire</strong></span> <span class='ocrx_word' id='word_1_305' title='bbox 2238 3156 2254 3181; x_wconf 86' lang='lat'><strong>,</strong></span> <span class='ocrx_word' id='word_1_306' title='bbox 2289 3118 2519 3189; x_wconf 85' lang='lat' dir='ltr'><strong>dejicere</strong></span> <span class='ocrx_word' id='word_1_307' title='bbox 2535 3160 2552 3187; x_wconf 88' lang='lat'>,</span> <span class='ocrx_word' id='word_1_308' title='bbox 2578 3120 2622 3175; x_wconf 73' lang='lat' dir='ltr'><strong>si</strong></span> 
     </span>
     <span class='ocr_line' id='line_1_49' title="bbox 1596 3196 2622 3270; baseline -0.001 -19"><span class='ocrx_word' id='word_1_309' title='bbox 1596 3211 1805 3270; x_wconf 72' lang='lat' dir='ltr'><strong>posset,</strong></span> <span class='ocrx_word' id='word_1_310' title='bbox 1833 3196 2002 3269; x_wconf 81' lang='lat' dir='ltr'><strong>gradu</strong></span> <span class='ocrx_word' id='word_1_311' title='bbox 2021 3233 2037 3261; x_wconf 89' lang='lat'><strong>,</strong></span> <span class='ocrx_word' id='word_1_312' title='bbox 2069 3208 2171 3251; x_wconf 89' lang='lat' dir='ltr'><strong>etc.</strong></span> <span class='ocrx_word' id='word_1_313' title='bbox 2205 3197 2274 3251; x_wconf 88' lang='lat' dir='ltr'><strong>G.</strong></span> <span class='ocrx_word' id='word_1_314' title='bbox 2295 3202 2622 3251; x_wconf 72' lang='grc' dir='ltr'><strong>--Οωυιὶηω</strong></span> 
     </span>
     <span class='ocr_line' id='line_1_50' title="bbox 1595 3274 2621 3342; baseline 0.002 -13"><span class='ocrx_word' id='word_1_315' title='bbox 1595 3281 1817 3330; x_wconf 77' lang='lat' dir='ltr'><strong>vibrat-es</strong></span> <span class='ocrx_word' id='word_1_316' title='bbox 1835 3315 1852 3342; x_wconf 88' lang='lat'>,</span> <span class='ocrx_word' id='word_1_317' title='bbox 1875 3274 2002 3328; x_wconf 86' lang='lat' dir='ltr'><strong>Vid.</strong></span> <span class='ocrx_word' id='word_1_318' title='bbox 2040 3277 2074 3328; x_wconf 83' lang='lat' dir='ltr'><strong>J</strong></span> <span class='ocrx_word' id='word_1_319' title='bbox 2079 3316 2092 3329; x_wconf 94' lang='lat'><strong>.</strong></span> <span class='ocrx_word' id='word_1_320' title='bbox 2113 3278 2179 3327; x_wconf 77' lang='lat' dir='ltr'><strong>A,</strong></span> <span class='ocrx_word' id='word_1_321' title='bbox 2207 3277 2498 3330; x_wconf 76' lang='lat' dir='ltr'><strong>Ernestius.</strong></span> <span class='ocrx_word' id='word_1_322' title='bbox 2532 3282 2621 3330; x_wconf 86' lang='lat' dir='ltr'><strong>Co-</strong></span> 
     </span>
     <span class='ocr_line' id='line_1_51' title="bbox 1596 3357 2622 3429; baseline 0.001 -21"><span class='ocrx_word' id='word_1_323' title='bbox 1596 3360 1771 3418; x_wconf 76' lang='lat' dir='ltr'><strong>minus,</strong></span> <span class='ocrx_word' id='word_1_324' title='bbox 1793 3366 2099 3427; x_wconf 80' lang='lat' dir='ltr'><strong>corruptum</strong></span> <span class='ocrx_word' id='word_1_325' title='bbox 2118 3368 2270 3428; x_wconf 87' lang='lat' dir='ltr'><strong>puto.</strong></span> <span class='ocrx_word' id='word_1_326' title='bbox 2292 3357 2490 3429; x_wconf 72' lang='lat' dir='ltr'><strong>Legem</strong></span> <span class='ocrx_word' id='word_1_327' title='bbox 2508 3362 2622 3415; x_wconf 61' lang='lat' dir='ltr'><strong>eini-</strong></span> 
     </span>
     <span class='ocr_line' id='line_1_52' title="bbox 1594 3434 2621 3509; baseline 0.004 -24"><span class='ocrx_word' id='word_1_328' title='bbox 1594 3455 1704 3488; x_wconf 72' lang='grc' dir='ltr'><strong>πω.</strong></span> <span class='ocrx_word' id='word_1_329' title='bbox 1732 3434 1933 3489; x_wconf 75' lang='lat' dir='ltr'><strong>Ultima</strong></span> <span class='ocrx_word' id='word_1_330' title='bbox 1961 3435 2103 3489; x_wconf 82' lang='lat' dir='ltr'><strong>vocis</strong></span> <span class='ocrx_word' id='word_1_331' title='bbox 2123 3454 2423 3509; x_wconf 67' lang='lat' dir='ltr'><strong>praegressae</strong></span> <span class='ocrx_word' id='word_1_332' title='bbox 2447 3436 2621 3491; x_wconf 68' lang='lat' dir='ltr'><strong>adhae-</strong></span> 
     </span>
     <span class='ocr_line' id='line_1_53' title="bbox 1593 3513 2620 3589; baseline 0 -21"><span class='ocrx_word' id='word_1_333' title='bbox 1593 3533 1716 3568; x_wconf 82' lang='lat' dir='ltr'><strong>rens</strong></span> <span class='ocrx_word' id='word_1_334' title='bbox 1727 3515 1976 3587; x_wconf 66' lang='lat' dir='ltr'><strong>sequenti</strong></span> <span class='ocrx_word' id='word_1_335' title='bbox 1999 3513 2208 3569; x_wconf 74' lang='lat' dir='ltr'><strong>videtur</strong></span> <span class='ocrx_word' id='word_1_336' title='bbox 2233 3520 2451 3568; x_wconf 74' lang='lat' dir='ltr'><strong>cominus</strong></span> <span class='ocrx_word' id='word_1_337' title='bbox 2469 3536 2620 3589; x_wconf 85' lang='lat' dir='ltr'><strong>pepe-</strong></span> 
     </span>
     <span class='ocr_line' id='line_1_54' title="bbox 1592 3595 2618 3649; baseline 0.002 -2"><span class='ocrx_word' id='word_1_338' title='bbox 1592 3595 1742 3649; x_wconf 71' lang='lat' dir='ltr'><strong>risse.</strong></span> <span class='ocrx_word' id='word_1_339' title='bbox 1757 3595 1812 3649; x_wconf 91' lang='lat' dir='ltr'><strong>S.</strong></span> <span class='ocrx_word' id='word_1_340' title='bbox 1829 3626 1894 3635; x_wconf 89' lang='lat'><strong>-—</strong></span> <span class='ocrx_word' id='word_1_341' title='bbox 1903 3598 2130 3647; x_wconf 84' lang='lat' dir='ltr'><strong>Cominus</strong></span> <span class='ocrx_word' id='word_1_342' title='bbox 2142 3598 2381 3648; x_wconf 73' lang='lat' dir='ltr'><strong>vibraret.</strong></span> <span class='ocrx_word' id='word_1_343' title='bbox 2393 3596 2618 3649; x_wconf 77' lang='lat' dir='ltr'><strong>Praefem</strong></span> 
     </span>
     <span class='ocr_line' id='line_1_55' title="bbox 1595 3675 2616 3730; baseline 0.004 -4"><span class='ocrx_word' id='word_1_344' title='bbox 1595 3678 1798 3727; x_wconf 61' lang='lat' dir='ltr'><strong>tibrum</strong></span> <span class='ocrx_word' id='word_1_345' title='bbox 1818 3694 1942 3728; x_wconf 88' lang='lat' dir='ltr'><strong>cum</strong></span> <span class='ocrx_word' id='word_1_346' title='bbox 1965 3675 2263 3729; x_wconf 76' lang='lat' dir='ltr'><strong>Schwarzio</strong></span> <span class='ocrx_word' id='word_1_347' title='bbox 2283 3693 2297 3728; x_wconf 90' lang='lat'>:</span> <span class='ocrx_word' id='word_1_348' title='bbox 2321 3696 2430 3729; x_wconf 82' lang='lat' dir='ltr'><strong>non</strong></span> <span class='ocrx_word' id='word_1_349' title='bbox 2459 3676 2616 3730; x_wconf 87' lang='lat' dir='ltr'><strong>modo</strong></span> 
     </span>
     <span class='ocr_line' id='line_1_56' title="bbox 1595 3754 2616 3826; baseline 0.002 -20"><span class='ocrx_word' id='word_1_350' title='bbox 1595 3766 1808 3826; x_wconf 86' lang='lat' dir='ltr'><strong>propter</strong></span> <span class='ocrx_word' id='word_1_351' title='bbox 1832 3754 2196 3807; x_wconf 80' lang='lat' dir='ltr'><strong>auctoritatem</strong></span> <span class='ocrx_word' id='word_1_352' title='bbox 2206 3755 2474 3825; x_wconf 14' lang='lat' dir='ltr'><strong>*librorum</strong></span> <span class='ocrx_word' id='word_1_353' title='bbox 2489 3793 2506 3819; x_wconf 90' lang='lat'><strong>,</strong></span> <span class='ocrx_word' id='word_1_354' title='bbox 2525 3756 2616 3808; x_wconf 83' lang='lat' dir='ltr'><strong>sed</strong></span> 
     </span>
     <span class='ocr_line' id='line_1_57' title="bbox 1592 3833 2616 3905; baseline 0 -19"><span class='ocrx_word' id='word_1_355' title='bbox 1592 3834 1752 3887; x_wconf 79' lang='lat' dir='ltr'><strong>etiam</strong></span> <span class='ocrx_word' id='word_1_356' title='bbox 1772 3872 1788 3898; x_wconf 90' lang='lat'>‚</span> <span class='ocrx_word' id='word_1_357' title='bbox 1830 3835 1956 3905; x_wconf 80' lang='lat' dir='ltr'><strong>quia</strong></span> <span class='ocrx_word' id='word_1_358' title='bbox 1995 3836 2216 3888; x_wconf 79' lang='lat' dir='ltr'><strong>verbum</strong></span> <span class='ocrx_word' id='word_1_359' title='bbox 2249 3834 2354 3887; x_wconf 87' lang='lat' dir='ltr'><strong>hoc</strong></span> <span class='ocrx_word' id='word_1_360' title='bbox 2395 3849 2473 3888; x_wconf 73' lang='lat' dir='ltr'><strong>est</strong></span> <span class='ocrx_word' id='word_1_361' title='bbox 2506 3833 2616 3887; x_wconf 82' lang='lat' dir='ltr'><strong>effi-</strong></span> 
     </span>
     <span class='ocr_line' id='line_1_58' title="bbox 1591 3912 2611 3985; baseline -0.001 -19"><span class='ocrx_word' id='word_1_362' title='bbox 1591 3912 1785 3966; x_wconf 78' lang='lat' dir='ltr'><strong>cacius.</strong></span> <span class='ocrx_word' id='word_1_363' title='bbox 1823 3914 1935 3968; x_wconf 89' lang='lat' dir='ltr'><strong>Nec</strong></span> <span class='ocrx_word' id='word_1_364' title='bbox 1973 3925 2147 3968; x_wconf 85' lang='lat' dir='ltr'><strong>tamen</strong></span> <span class='ocrx_word' id='word_1_365' title='bbox 2182 3925 2460 3985; x_wconf 81' lang='lat' dir='ltr'><strong>propterea</strong></span> <span class='ocrx_word' id='word_1_366' title='bbox 2495 3932 2611 3967; x_wconf 88' lang='lat' dir='ltr'><strong>cum</strong></span> 
     </span>
     <span class='ocr_line' id='line_1_59' title="bbox 1588 3992 2612 4065; baseline 0.002 -20"><span class='ocrx_word' id='word_1_367' title='bbox 1588 3992 1768 4065; x_wconf 75' lang='lat' dir='ltr'><strong>Lipsio</strong></span> <span class='ocrx_word' id='word_1_368' title='bbox 1785 3992 1840 4045; x_wconf 86' lang='lat' dir='ltr'><strong>in</strong></span> <span class='ocrx_word' id='word_1_369' title='bbox 1859 3994 2026 4046; x_wconf 87' lang='lat' dir='ltr'><strong>altero</strong></span> <span class='ocrx_word' id='word_1_370' title='bbox 2044 3994 2213 4065; x_wconf 87' lang='lat' dir='ltr'><strong>legam</strong></span> <span class='ocrx_word' id='word_1_371' title='bbox 2239 4010 2252 4044; x_wconf 76' lang='grc' dir='ltr'><strong>ε</strong></span> <span class='ocrx_word' id='word_1_372' title='bbox 2282 4012 2414 4043; x_wconf 73' lang='lat' dir='ltr'><strong>tuane</strong></span> <span class='ocrx_word' id='word_1_373' title='bbox 2431 3992 2612 4047; x_wconf 78' lang='lat' dir='ltr'><strong>librata</strong></span> 
     </span>
     <span class='ocr_line' id='line_1_60' title="bbox 1586 4072 2610 4139; baseline 0.001 -18"><span class='ocrx_word' id='word_1_374' title='bbox 1586 4075 1863 4139; x_wconf 57' lang='lat' dir='ltr'><strong>susciperes.</strong></span> <span class='ocrx_word' id='word_1_375' title='bbox 1885 4074 2020 4126; x_wconf 82' lang='lat' dir='ltr'><strong>Nam</strong></span> <span class='ocrx_word' id='word_1_376' title='bbox 2043 4091 2141 4125; x_wconf 87' lang='lat' dir='ltr'><strong>nec</strong></span> <span class='ocrx_word' id='word_1_377' title='bbox 2159 4072 2512 4126; x_wconf 74' lang='lat' dir='ltr'><strong>necessarium</strong></span> <span class='ocrx_word' id='word_1_378' title='bbox 2539 4084 2610 4125; x_wconf 78' lang='lat' dir='ltr'><strong>est</strong></span> 
     </span>
     <span class='ocr_line' id='line_1_61' title="bbox 1587 4148 2603 4222; baseline 0.001 -21"><span class='ocrx_word' id='word_1_379' title='bbox 1587 4148 1724 4203; x_wconf 84' lang='lat' dir='ltr'><strong>idem</strong></span> <span class='ocrx_word' id='word_1_380' title='bbox 1763 4151 1816 4202; x_wconf 89' lang='lat' dir='ltr'><strong>in</strong></span> <span class='ocrx_word' id='word_1_381' title='bbox 1852 4162 2076 4222; x_wconf 86' lang='lat' dir='ltr'><strong>utroque</strong></span> <span class='ocrx_word' id='word_1_382' title='bbox 2113 4152 2334 4206; x_wconf 81' lang='lat' dir='ltr'><strong>verbum</strong></span> <span class='ocrx_word' id='word_1_383' title='bbox 2378 4168 2524 4213; x_wconf 72' lang='lat' dir='ltr'><strong>esse,</strong></span> <span class='ocrx_word' id='word_1_384' title='bbox 2555 4162 2603 4203; x_wconf 86' lang='lat' dir='ltr'><strong>et</strong></span> 
     </span>
    </p>
   </div>
  </div>
 </body>
</html>
