2857 4690
521 337 660 428 438
1032 339 1480 408 NOTITIA
1527 339 2108 446 L-llTERARlA

522 501 803 572 gomena
844 477 926 546 de
960 493 1231 548 auctore
1272 493 1339 550 et
1376 479 1480 548 his
1497 531 1518 565 ‚
1557 480 1668 573 qui
1711 503 1861 548 eum
1897 477 2336 565 illustrarunt,
2372 484 2636 574 premi·

524 587 643 654 sit:
682 585 959 680 repetita
998 599 1096 654 est
1142 582 1377 672 1686,
1416 599 1484 654 et
1524 608 1676 654 cum
1718 587 1960 679 Paneg.
2012 583 2231 680 1695.
2275 587 2640 656 Thomasio

520 692 833 761 successit
866 689 1081 784 Chph.
1122 693 1450 762 cellarius
1461 745 1485 778 ‚
1513 693 1626 786 qui
1651 691 2632 766 Boxhornio-——Elsevirianam

523 797 693 893 Epp.
741 811 808 866 et
854 798 1093 891 Pane-g.
1149 799 1475 868 recensuit
1496 851 1515 882 ,
1565 821 1848 891 suosque
1901 797 2206 868 studiosis
2246 797 2640 892 profuturos

523 903 1048 972 Commentarios
1094 902 1375 989 addidit,
1416 905 1746 997 vitamque
1783 903 1970 973 Plinii
2005 902 2438 998 probabiliter
2475 907 2642 974 scri·

525 1010 655 1101 psit
712 1003 931 1102 1693.
984 1011 1236 1078 Recusa
1286 1024 1387 1079 est
1431 1009 1530 1078 ed.
1576 1009 1718 1078 haec
1772 1031 2010 1104 1700,
2061 1033 2245 1105 1711
2297 1023 2366 1078 et
2417 1033 2638 1105 1721.

526 1114 819 1202 Quartus
871 1113 1083 1184 editor
1120 1117 1291 1210 Epp.
1334 1130 1401 1186 et
1447 1118 1686 1209 Paneg.
1732 1118 2084 1186 Britannus
2128 1115 2252 1184 Th.
2304 1119 2596 1184 Heame
2613 1169 2638 1202 ,

517 1220 707 1313 isque
760 1243 947 1288 novae
1002 1222 1409 1290 oxomensis
1457 1237 1690 1291 auctor
1712 1274 1731 1309 ‚
1777 1219 2122 1291 lectionem
2163 1220 2642 1290 Elsevirianam

527 1325 746 1395 denuo
788 1349 943 1394 cum
982 1325 1191 1396 tribus
1206 1329 1394 1396 MSS.
1430 1341 1600 1400 caett.
1643 1327 1923 1406 contulit
1937 1379 1954 1409 ‚
1993 1329 2326 1420 vitamque
2369 1325 2564 1396 Plinii
2603 1351 2644 1394 a

523 1434 560 1500 J
564 1456 627 1499 ο.
663 1432 977 1500 Massono
1004 1434 1317 1528 scriptam
1352 1434 1694 1527 praemisit,
1723 1457 1868 1528 quae
1901 1433 2054 1502 dein
2085 1435 2358 1505 seorsim
2385 1435 2646 1504 auctior

526 1536 702 1608 edita
728 1551 843 1608 est.
875 1538 1111 1609 Caeteri
1138 1538 1285 1609 edd.
1317 1553 1390 1608 ut
1416 1543 1478 1607 J.
1499 1542 1571 1608 F.
1600 1540 2080 1626 Wemnekzm,
2111 1541 2224 1633 qui
2249 1539 2336 1608 ad
2366 1538 2646 1610 modum

529 1641 806 1718 Minellii
843 1645 1063 1738 pueris
1109 1659 1299 1714 notas
1340 1646 1600 1739 scripsit
1617 1697 1638 1730 ‚
1675 1660 1743 1714 et
1783 1648 1975 1741 Casp.
2011 1647 2474 1738 Gom-eming,
2517 1669 2646 1714 no-

528 1766 747 1822 tarum
778 1751 1003 1820 Germ.
1040 1751 1341 1845 scriptor,
1372 1749 1607 1846 aliique
1649 1749 1900 1821 laudari
1943 1775 2079 1824 non
2115 1765 2474 1822 merentur.

636 1861 1107 1951 Panegyricus
1141 1856 1337 1928 Plinii
1375 1883 1432 1927 c.
1478 1882 1541 1925 n.
1589 1859 1783 1926 Varr.
1831 1857 1914 1926 ad
1957 1857 2328 1953 exemplum
2371 1856 2648 1926 Frzlrclz-

532 1967 771 2034 manni
806 1985 859 2041 S.
900 1966 1345 2058 Beraeggert,
1388 1962 1504 2032 sed
1543 1965 1713 2032 notis
1740 1965 1934 2032 Dom.
1974 1963 2232 2034 Baadic'
2265 1977 2540 2050 auctu5‚
2571 1987 2650 2030 ex

531 2069 710 2139 offic.
736 2069 1115 2140 Hacltiana
1145 2067 1574 2164 Lugdunensi
1619 2066 1810 2165 1675
1851 2069 2126 2164 prodiit,
2163 2069 2654 2140 Veenhusianae

532 2178 704 2270 Epp.
754 2201 811 2244 c.
844 2199 911 2244 n.
955 2200 1127 2245 varr.
1165 2173 1520 2269 jungenda.
1562 2176 1872 2270 Lipsiana
1909 2174 2103 2247 lectio
2143 2178 2340 2247 etiam
2387 2177 2458 2244 in
2501 2175 2650 2244 edd.

537 2283 622 2352 G.
658 2283 735 2352 C.
766 2281 1225 2374 Kcrclzmajeri
1270 2280 1497 2376 1689,
1525 2282 1600 2352 A.
1631 2279 1758 2351 Ch.
1791 2282 2030 2361 Roclaz
2063 2279 2285 2378 1695,
2323 2295 2396 2351 et
2425 2280 2650 2379 Chph.

541 2386 805 2471 Behrit,
837 2386 921 2457 ad
948 2386 1423 2479 conjiciendum
1458 2386 1854 2475 audacioris,
1883 2404 2112 2483 regnat
2153 2414 2176 2459 1
2199 2412 2348 2483 700
2377 2413 2522 2482 sqq.
2548 2429 2654 2440 —

542 2493 1018 2585 Panegyricum
1070 2491 1259 2561 Plinii
1310 2516 1464 2561 cum
1523 2496 1770 2565 coeteris
1803 2498 2090 2588 Pancgg.
2144 2496 2226 2564 ad
2281 2495 2384 2565 ed.
2447 2498 2650 2565 Paris.

554 2593 750 2684 1643,
781 2620 1154 2689 expressoS,
1188 2622 1341 2666 cum
1374 2613 1697 2693 apparatu
1719 2599 1928 2670 multo
1955 2599 2283 2677 dedicavit
2315 2598 2656 2698 Delphino

540 2708 677 2774 Jac.
711 2700 797 2771 de
824 2704 931 2771 La
966 2706 1243 2789 Baune,
1285 2703 1403 2776 scd
1443 2706 1668 2775 critica
1708 2709 1960 2775 ratione
2008 2706 2394 2793 destitutus3
2433 2711 2656 2803 itaque

546 2811 685 2903 ejus
721 2806 1043 2881 columnae
1084 2808 1334 2878 consuli
1371 2833 1507 2878 non
1545 2826 1897 2880 merentur.
1936 2810 2200 2881 Redditi
2235 2827 2460 2883 tamen
2504 2813 2656 2883 inde

546 2930 701 2985 sunt
744 2915 1131 3008 Panegyrici
1181 2929 1319 2983 tam
1372 2915 1456 2983 ab
1497 2914 1726 3009 Anglis
1765 2918 2010 2987 Oxonii
2063 2916 2252 3013 1677
2301 2933 2370 2986 et
2423 2918 2656 3005 1686,

543 3046 737 3117 quam
796 3024 865 3090 in
923 3022 1186 3089 Batavis
1237 3018 1506 3089 Amstel.
1573 3044 1598 3089 1
1618 3044 1754 3116 701
1799 3073 1818 3108 ,
1880 3037 1948 3091 et
1997 3024 2066 3091 in
2119 3022 2310 3091 Italia
2356 3026 2658 3095 venetiis

560 3152 585 3198 1
605 3127 751 3223 728
780 3152 800 3215 ;
840 3124 1031 3193 Plinii
1071 3124 1180 3195 ille
1218 3127 1490 3195 seorsim
1533 3140 1600 3195 et
1640 3128 1812 3196 notis
1859 3152 2030 3197 varr.
2073 3130 2328 3197 auctior
2369 3132 2656 3199 Londini

558 3257 583 3302 1
603 3257 642 3328 7
664 3232 771 3303 16.
806 3231 1116 3300 Universi
1153 3230 1239 3299 ad
1268 3230 1600 3325 exemplar
1634 3233 1980 3303 Duacense
2031 3232 2219 3330 1595
2259 3239 2472 3305 recusi
2507 3252 2658 3305 sunt

542 3340 818 3409 Viennae
859 3340 1076 3407 Austr.
1132 3360 1155 3404 1
1172 3334 1345 3430 694.
1388 3339 1736 3431 Superavit
1775 3362 2004 3408 omnes
2041 3340 2162 3409 has
2197 3342 2502 3434 priorum
2539 3368 2658 3411 cu-

402 3480 417 3493 κ
547 3468 655 3515 ras
696 3445 1027 3517 Cellarius
1064 3466 1199 3510 non
1242 3441 1456 3511 solum
1491 3442 1876 3514 emendator
1909 3444 2330 3515 Elsevirianae
2359 3447 2658 3516 Boxhor-

547 3553 757 3619 nianae
796 3549 960 3618 Plin.
1007 3550 1249 3642 Paneg.
1304 3546 1498 3644 1693
1517 3598 1538 3631 ‚
1579 3572 1776 3643 quam
1807 3566 2234 3645 sequerentur
2267 3555 2468 3621 etiam
2499 3556 2537 3621 J
2543 3606 2558 3621 .
2591 3558 2658 3621 F.

554 3660 656 3725 W
646 3656 999 3725 emt-eckius
1017 3668 1083 3721 et
1098 3654 1295 3747 Casp.
1324 3654 1770 3749 Gottsclzling,
1791 3656 1904 3725 sed
1921 3671 1988 3726 et
2007 3658 2312 3753 princeps
2337 3684 2532 3728 novoe
2553 3684 2662 3727 re-

555 3762 876 3831 censionis
914 3774 1301 3829 caeterorum
1350 3762 1644 3829 omnium
1679 3762 2232 3858 Panegyricorum
2267 3788 2375 3833 an.
2430 3790 2453 3834 1
2473 3762 2662 3859 7033

552 3890 685 3959 quo
725 3890 899 3937 anno
926 3866 1125 3935 etiam
1149 3866 1217 3934 in
1235 3864 1470 3961 Anglia
1488 3867 1610 3936 Th.
1631 3870 1912 3939 Heame
1932 3868 2284 3939 editionem
2311 3869 2664 3941 Elseviria·

554 3990 705 4043 nam
725 3971 1110 4065 Panegyrici
1130 3969 1294 4041 Plin.
1328 3986 1397 4041 et
1416 3974 1588 4067 Epp.
1621 3973 2166 4045 varietate'trium
2190 3978 2378 4047 MSS.
2411 3978 2664 4047 auctio-
