<?xml version="1.0" encoding="UTF-8"?>
<!DOCTYPE html PUBLIC "-//W3C//DTD XHTML 1.0 Transitional//EN"
    "http://www.w3.org/TR/xhtml1/DTD/xhtml1-transitional.dtd">
<html xmlns="http://www.w3.org/1999/xhtml" xml:lang="en" lang="en">
 <head>
  <title>
</title>
<meta http-equiv="Content-Type" content="text/html;charset=utf-8" />
  <meta name='ocr-system' content='tesseract 3.04.00' />
  <meta name='ocr-capabilities' content='ocr_page ocr_carea ocr_par ocr_line ocrx_word'/>
</head>
<body>
  <div class='ocr_page' id='page_1' title='image "./cpliniisecundie00schgoog_0087.png"; bbox 0 0 2857 4690; ppageno 0'>
   <div class='ocr_carea' id='block_1_1' title="bbox 417 332 1929 425">
    <p class='ocr_par' dir='ltr' id='par_1_1' title="bbox 417 332 1929 425">
     <span class='ocr_line' id='line_1_1' title="bbox 417 332 1929 425; baseline -0.005 -21"><span class='ocrx_word' id='word_1_1' title='bbox 417 336 508 425; x_wconf 79' lang='lat'><strong>78</strong></span> <span class='ocrx_word' id='word_1_2' title='bbox 1025 336 1106 403; x_wconf 86' lang='lat' dir='ltr'><strong>c.</strong></span> <span class='ocrx_word' id='word_1_3' title='bbox 1159 332 1500 401; x_wconf 81' lang='lat' dir='ltr'><strong>PLINII</strong></span> <span class='ocrx_word' id='word_1_4' title='bbox 1552 332 1741 401; x_wconf 76' lang='lat' dir='ltr'><strong>Lm.</strong></span> <span class='ocrx_word' id='word_1_5' title='bbox 1794 332 1929 399; x_wconf 78' lang='lat' dir='ltr'><strong>lx.</strong></span> 
     </span>
    </p>
   </div>
   <div class='ocr_carea' id='block_1_2' title="bbox 413 451 2555 661">
    <p class='ocr_par' dir='ltr' id='par_1_2' title="bbox 413 451 2555 661">
     <span class='ocr_line' id='line_1_2' title="bbox 413 451 2555 553; baseline -0.003 -28"><span class='ocrx_word' id='word_1_6' title='bbox 413 456 666 553; x_wconf 83' lang='lat' dir='ltr'>rogabo</span> <span class='ocrx_word' id='word_1_7' title='bbox 686 510 706 539; x_wconf 88' lang='lat'><strong>‚</strong></span> <span class='ocrx_word' id='word_1_8' title='bbox 745 458 987 525; x_wconf 86' lang='lat' dir='ltr'><strong>iterum</strong></span> <span class='ocrx_word' id='word_1_9' title='bbox 1013 456 1386 550; x_wconf 80' lang='lat' dir='ltr'><strong>impetrabo</strong></span> <span class='ocrx_word' id='word_1_10' title='bbox 1415 481 1432 523; x_wconf 92' lang='lat'>:</span> <span class='ocrx_word' id='word_1_11' title='bbox 1472 454 1557 524; x_wconf 87' lang='lat' dir='ltr'><strong>sit</strong></span> <span class='ocrx_word' id='word_1_12' title='bbox 1584 452 1787 523; x_wconf 90' lang='lat' dir='ltr'><strong>modo</strong></span> <span class='ocrx_word' id='word_1_13' title='bbox 1812 451 1974 536; x_wconf 87' lang='lat' dir='ltr'><strong>tale,</strong></span> <span class='ocrx_word' id='word_1_14' title='bbox 2006 466 2081 520; x_wconf 89' lang='lat' dir='ltr'><strong>ut</strong></span> <span class='ocrx_word' id='word_1_15' title='bbox 2118 474 2355 544; x_wconf 85' lang='lat' dir='ltr'><strong>rogare</strong></span> <span class='ocrx_word' id='word_1_16' title='bbox 2398 474 2513 519; x_wconf 90' lang='lat' dir='ltr'><strong>me</strong></span> <span class='ocrx_word' id='word_1_17' title='bbox 2534 504 2555 537; x_wconf 93' lang='lat'><strong>,</strong></span> 
     </span>
     <span class='ocr_line' id='line_1_3' title="bbox 415 564 1441 661; baseline 0.001 -27"><span class='ocrx_word' id='word_1_18' title='bbox 415 583 491 636; x_wconf 92' lang='lat' dir='ltr'><strong>ut</strong></span> <span class='ocrx_word' id='word_1_19' title='bbox 522 582 834 661; x_wconf 66' lang='lat' dir='ltr'><strong>praestare</strong></span> <span class='ocrx_word' id='word_1_20' title='bbox 874 581 938 635; x_wconf 88' lang='lat' dir='ltr'><strong>te</strong></span> <span class='ocrx_word' id='word_1_21' title='bbox 976 564 1226 635; x_wconf 88' lang='lat' dir='ltr'><strong>deceat.</strong></span> <span class='ocrx_word' id='word_1_22' title='bbox 1254 564 1441 635; x_wconf 83' lang='lat' dir='ltr'><strong>Vale.</strong></span> 
     </span>
    </p>
   </div>
   <div class='ocr_carea' id='block_1_3' title="bbox 412 741 2559 977">
    <p class='ocr_par' dir='ltr' id='par_1_3' title="bbox 412 741 2559 977">
     <span class='ocr_line' id='line_1_4' title="bbox 413 741 2559 818; baseline -0.002 -19"><span class='ocrx_word' id='word_1_23' title='bbox 413 768 511 801; x_wconf 78' lang='lat' dir='ltr'><strong>non</strong></span> <span class='ocrx_word' id='word_1_24' title='bbox 535 752 688 809; x_wconf 79' lang='lat' dir='ltr'><strong>idem,</strong></span> <span class='ocrx_word' id='word_1_25' title='bbox 721 766 908 818; x_wconf 85' lang='lat' dir='ltr'>nempe</span> <span class='ocrx_word' id='word_1_26' title='bbox 927 745 1066 800; x_wconf 90' lang='lat' dir='ltr'><strong>dico.</strong></span> <span class='ocrx_word' id='word_1_27' title='bbox 1088 746 1192 801; x_wconf 78' lang='lat' dir='ltr'><strong>sed</strong></span> <span class='ocrx_word' id='word_1_28' title='bbox 1210 765 1308 799; x_wconf 89' lang='lat' dir='ltr'><strong>nec</strong></span> <span class='ocrx_word' id='word_1_29' title='bbox 1333 744 1434 799; x_wconf 79' lang='lat' dir='ltr'><strong>dif-</strong></span> <span class='ocrx_word' id='word_1_30' title='bbox 1532 746 1572 799; x_wconf 70' lang='lat' dir='ltr'><strong>si</strong></span> <span class='ocrx_word' id='word_1_31' title='bbox 1590 747 1644 797; x_wconf 87' lang='lat' dir='ltr'><strong>in</strong></span> <span class='ocrx_word' id='word_1_32' title='bbox 1664 744 1802 797; x_wconf 90' lang='lat' dir='ltr'><strong>libro</strong></span> <span class='ocrx_word' id='word_1_33' title='bbox 1822 744 2086 797; x_wconf 80' lang='lat' dir='ltr'><strong>inveniam</strong></span> <span class='ocrx_word' id='word_1_34' title='bbox 2101 780 2116 807; x_wconf 89' lang='lat'><strong>,</strong></span> <span class='ocrx_word' id='word_1_35' title='bbox 2134 741 2267 795; x_wconf 88' lang='lat' dir='ltr'><strong>illud</strong></span> <span class='ocrx_word' id='word_1_36' title='bbox 2283 780 2299 805; x_wconf 88' lang='lat'><strong>,</strong></span> <span class='ocrx_word' id='word_1_37' title='bbox 2325 741 2473 815; x_wconf 84' lang='lat' dir='ltr'><strong>quod</strong></span> <span class='ocrx_word' id='word_1_38' title='bbox 2494 742 2559 795; x_wconf 84' lang='lat' dir='ltr'><strong>in</strong></span> 
     </span>
     <span class='ocr_line' id='line_1_5' title="bbox 413 822 2559 895; baseline -0.003 -17"><span class='ocrx_word' id='word_1_39' title='bbox 413 827 586 890; x_wconf 59' lang='lat' dir='ltr'><strong>fiteon</strong></span> <span class='ocrx_word' id='word_1_40' title='bbox 609 826 736 879; x_wconf 83' lang='lat' dir='ltr'><strong>mihi</strong></span> <span class='ocrx_word' id='word_1_41' title='bbox 757 828 914 879; x_wconf 87' lang='lat' dir='ltr'><strong>etiam</strong></span> <span class='ocrx_word' id='word_1_42' title='bbox 933 824 990 877; x_wconf 84' lang='lat' dir='ltr'><strong>in</strong></span> <span class='ocrx_word' id='word_1_43' title='bbox 1009 837 1240 879; x_wconf 80' lang='lat' dir='ltr'><strong>mentem</strong></span> <span class='ocrx_word' id='word_1_44' title='bbox 1262 826 1431 878; x_wconf 83' lang='lat' dir='ltr'><strong>venis-</strong></span> <span class='ocrx_word' id='word_1_45' title='bbox 1530 824 1813 879; x_wconf 78' lang='lat' dir='ltr'><strong>Schaeffero</strong></span> <span class='ocrx_word' id='word_1_46' title='bbox 1823 824 2086 895; x_wconf 84' lang='lat' dir='ltr'><strong>improbat</strong></span> <span class='ocrx_word' id='word_1_47' title='bbox 2094 822 2325 887; x_wconf 73' lang='lat' dir='ltr'><strong>Curtius,</strong></span> <span class='ocrx_word' id='word_1_48' title='bbox 2344 824 2437 873; x_wconf 72' lang='lat' dir='ltr'><strong>cibi</strong></span> <span class='ocrx_word' id='word_1_49' title='bbox 2448 842 2559 873; x_wconf 81' lang='lat' dir='ltr'><strong>non</strong></span> 
     </span>
     <span class='ocr_line' id='line_1_6' title="bbox 412 902 1748 977; baseline -0.003 -18"><span class='ocrx_word' id='word_1_50' title='bbox 412 925 468 959; x_wconf 74' lang='lat' dir='ltr'><strong>se</strong></span> <span class='ocrx_word' id='word_1_51' title='bbox 486 943 503 970; x_wconf 89' lang='lat'><strong>,</strong></span> <span class='ocrx_word' id='word_1_52' title='bbox 539 919 590 959; x_wconf 89' lang='lat' dir='ltr'><strong>et</strong></span> <span class='ocrx_word' id='word_1_53' title='bbox 629 924 738 959; x_wconf 80' lang='lat' dir='ltr'><strong>non</strong></span> <span class='ocrx_word' id='word_1_54' title='bbox 765 904 1130 958; x_wconf 79' lang='lat' dir='ltr'><strong>dubitaturum</strong></span> <span class='ocrx_word' id='word_1_55' title='bbox 1163 903 1398 977; x_wconf 82' lang='lat' dir='ltr'><strong>recipere</strong></span> <span class='ocrx_word' id='word_1_56' title='bbox 1416 946 1433 973; x_wconf 91' lang='lat'><strong>,</strong></span> <span class='ocrx_word' id='word_1_57' title='bbox 1531 908 1661 956; x_wconf 79' lang='lat' dir='ltr'><strong>item.</strong></span> <span class='ocrx_word' id='word_1_58' title='bbox 1680 902 1748 956; x_wconf 89' lang='lat' dir='ltr'><strong>G.</strong></span> 
     </span>
    </p>
   </div>
   <div class='ocr_carea' id='block_1_4' title="bbox 413 1088 2563 1127">
    <p class='ocr_par' dir='ltr' id='par_1_4' title="bbox 413 1088 2563 1127">
     <span class='ocr_line' id='line_1_7' title="bbox 413 1088 2563 1127; baseline -0.003 -1"><span class='ocrx_word' id='word_1_59' title='bbox 413 1088 588 1127; x_wconf 29' lang='lat' dir='ltr'><strong>usti-§fl</strong></span> <span class='ocrx_word' id='word_1_60' title='bbox 598 1106 1023 1127; x_wconf 57' lang='lat' dir='ltr'><strong>mmm</strong></span> <span class='ocrx_word' id='word_1_61' title='bbox 1303 1106 1570 1125; x_wconf 54' lang='lat' dir='ltr'><strong>mmm</strong></span> <span class='ocrx_word' id='word_1_62' title='bbox 1578 1106 1848 1125; x_wconf 58' lang='lat' dir='ltr'><strong>mmm</strong></span> <span class='ocrx_word' id='word_1_63' title='bbox 1854 1102 2563 1123; x_wconf 46' lang='lat' dir='ltr'><strong>mus-&amp;mmmeQfi</strong></span> 
     </span>
    </p>
   </div>
   <div class='ocr_carea' id='block_1_5' title="bbox 1028 1107 1302 1126">
    <p class='ocr_par' dir='ltr' id='par_1_5' title="bbox 1028 1107 1302 1126">
     <span class='ocr_line' id='line_1_8' title="bbox 1028 1107 1302 1126; baseline 0 3564"><span class='ocrx_word' id='word_1_64' title='bbox 1028 1107 1302 1126; x_wconf 95' lang='lat' dir='ltr'><strong> </strong></span> 
     </span>
    </p>
   </div>
   <div class='ocr_carea' id='block_1_6' title="bbox 1305 1292 1643 1380">
    <p class='ocr_par' dir='ltr' id='par_1_6' title="bbox 1305 1292 1643 1380">
     <span class='ocr_line' id='line_1_9' title="bbox 1305 1292 1643 1380; baseline -0.003 -1"><span class='ocrx_word' id='word_1_65' title='bbox 1305 1292 1643 1380; x_wconf 88' lang='lat' dir='ltr'><strong>XXII.</strong></span> 
     </span>
    </p>
   </div>
   <div class='ocr_carea' id='block_1_7' title="bbox 501 1506 2481 1675">
    <p class='ocr_par' dir='ltr' id='par_1_7' title="bbox 501 1506 2481 1675">
     <span class='ocr_line' id='line_1_10' title="bbox 501 1506 2481 1597; baseline 0.001 -18"><span class='ocrx_word' id='word_1_66' title='bbox 501 1520 756 1579; x_wconf 77' lang='lat' dir='ltr'>Passieni</span> <span class='ocrx_word' id='word_1_67' title='bbox 783 1520 1122 1597; x_wconf 73' lang='lat' dir='ltr'><strong>aegritudine</strong></span> <span class='ocrx_word' id='word_1_68' title='bbox 1152 1519 1344 1591; x_wconf 87' lang='lat' dir='ltr'><strong>dolet,</strong></span> <span class='ocrx_word' id='word_1_69' title='bbox 1371 1518 1611 1596; x_wconf 85' lang='lat' dir='ltr'><strong>ejusque</strong></span> <span class='ocrx_word' id='word_1_70' title='bbox 1637 1506 1849 1595; x_wconf 79' lang='lat' dir='ltr'><strong>geims,</strong></span> <span class='ocrx_word' id='word_1_71' title='bbox 1879 1536 2069 1577; x_wconf 79' lang='lat' dir='ltr'><strong>mores</strong></span> <span class='ocrx_word' id='word_1_72' title='bbox 2098 1530 2159 1577; x_wconf 87' lang='lat' dir='ltr'><strong>et</strong></span> <span class='ocrx_word' id='word_1_73' title='bbox 2182 1520 2481 1597; x_wconf 79' lang='lat' dir='ltr'><strong>ingenium</strong></span> 
     </span>
     <span class='ocr_line' id='line_1_11' title="bbox 1377 1615 1595 1675; baseline 0 -2"><span class='ocrx_word' id='word_1_74' title='bbox 1377 1615 1595 1675; x_wconf 84' lang='lat' dir='ltr'><strong>laudat.</strong></span> 
     </span>
    </p>
   </div>
   <div class='ocr_carea' id='block_1_8' title="bbox 1767 1806 1798 1838">
    <p class='ocr_par' dir='ltr' id='par_1_8' title="bbox 1767 1806 1798 1838">
     <span class='ocr_line' id='line_1_12' title="bbox 1767 1806 1798 1838; baseline 0 -9"><span class='ocrx_word' id='word_1_75' title='bbox 1767 1806 1798 1838; x_wconf 66' lang='grc' dir='ltr'><strong>η,</strong></span> 
     </span>
    </p>
   </div>
   <div class='ocr_carea' id='block_1_9' title="bbox 853 1828 2110 1879">
    <p class='ocr_par' dir='ltr' id='par_1_9' title="bbox 853 1828 2110 1879">
     <span class='ocr_line' id='line_1_13' title="bbox 853 1828 2110 1879; baseline -0.002 -4"><span class='ocrx_word' id='word_1_76' title='bbox 853 1829 916 1875; x_wconf 88' lang='lat' dir='ltr'><strong>C.</strong></span> <span class='ocrx_word' id='word_1_77' title='bbox 969 1828 1333 1877; x_wconf 80' lang='lat' dir='ltr'>PLINIUS</span> <span class='ocrx_word' id='word_1_78' title='bbox 1383 1828 1716 1875; x_wconf 81' lang='lat' dir='ltr'>SEVERO</span> <span class='ocrx_word' id='word_1_79' title='bbox 1848 1829 2005 1876; x_wconf 88' lang='lat' dir='ltr'><strong>SUO</strong></span> <span class='ocrx_word' id='word_1_80' title='bbox 2056 1828 2110 1879; x_wconf 84' lang='lat' dir='ltr'><strong>S.</strong></span> 
     </span>
    </p>
   </div>
   <div class='ocr_carea' id='block_1_10' title="bbox 349 2004 2609 3317">
    <p class='ocr_par' dir='ltr' id='par_1_10' title="bbox 415 2004 2609 2548">
     <span class='ocr_line' id='line_1_14' title="bbox 509 2004 2563 2099; baseline 0 -19"><span class='ocrx_word' id='word_1_81' title='bbox 509 2013 786 2081; x_wconf 58' lang='lat' dir='ltr'><strong>Mamm</strong></span> <span class='ocrx_word' id='word_1_82' title='bbox 813 2034 924 2077; x_wconf 91' lang='lat' dir='ltr'><strong>me</strong></span> <span class='ocrx_word' id='word_1_83' title='bbox 947 2006 1367 2077; x_wconf 85' lang='lat' dir='ltr'><strong>solicitudine</strong></span> <span class='ocrx_word' id='word_1_84' title='bbox 1391 2006 1635 2077; x_wconf 83' lang='lat' dir='ltr'><strong>adfecit</strong></span> <span class='ocrx_word' id='word_1_85' title='bbox 1660 2008 1951 2077; x_wconf 87' lang='lat' dir='ltr'><strong>Passieni</strong></span> <span class='ocrx_word' id='word_1_86' title='bbox 1974 2006 2183 2078; x_wconf 83' lang='lat' dir='ltr'><strong>Paulli</strong></span> <span class='ocrx_word' id='word_1_87' title='bbox 2215 2004 2563 2099; x_wconf 82' lang='lat' dir='ltr'><strong>valetud0,</strong></span> 
     </span>
     <span class='ocr_line' id='line_1_15' title="bbox 415 2115 2564 2214; baseline -0.001 -24"><span class='ocrx_word' id='word_1_88' title='bbox 415 2136 478 2189; x_wconf 84' lang='lat' dir='ltr'><strong>et</strong></span> <span class='ocrx_word' id='word_1_89' title='bbox 506 2121 778 2214; x_wconf 91' lang='lat' dir='ltr'><strong>quidem</strong></span> <span class='ocrx_word' id='word_1_90' title='bbox 810 2118 1124 2213; x_wconf 84' lang='lat' dir='ltr'><strong>plurimis</strong></span> <span class='ocrx_word' id='word_1_91' title='bbox 1147 2118 1660 2211; x_wconf 87' lang='lat' dir='ltr'><strong>justissimisque</strong></span> <span class='ocrx_word' id='word_1_92' title='bbox 1688 2115 1771 2186; x_wconf 89' lang='lat' dir='ltr'><strong>de</strong></span> <span class='ocrx_word' id='word_1_93' title='bbox 1800 2118 2069 2187; x_wconf 87' lang='lat' dir='ltr'><strong>caussis.</strong></span> <span class='ocrx_word' id='word_1_94' title='bbox 2097 2118 2225 2187; x_wconf 90' lang='lat' dir='ltr'><strong>Vir</strong></span> <span class='ocrx_word' id='word_1_95' title='bbox 2250 2134 2351 2187; x_wconf 87' lang='lat' dir='ltr'><strong>est</strong></span> <span class='ocrx_word' id='word_1_96' title='bbox 2380 2120 2564 2214; x_wconf 86' lang='lat' dir='ltr'><strong>opti·</strong></span> 
     </span>
     <span class='ocr_line' id='line_1_16' title="bbox 415 2228 2563 2323; baseline -0.002 -21"><span class='ocrx_word' id='word_1_97' title='bbox 415 2258 595 2316; x_wconf 79' lang='lat' dir='ltr'><strong>mu5‚</strong></span> <span class='ocrx_word' id='word_1_98' title='bbox 614 2230 1121 2301; x_wconf 86' lang='lat' dir='ltr'><strong>honestissimus</strong></span> <span class='ocrx_word' id='word_1_99' title='bbox 1136 2282 1156 2311; x_wconf 83' lang='lat'><strong>,</strong></span> <span class='ocrx_word' id='word_1_100' title='bbox 1184 2228 1396 2297; x_wconf 85' lang='lat' dir='ltr'><strong>nostri</strong></span> <span class='ocrx_word' id='word_1_101' title='bbox 1425 2228 1952 2316; x_wconf 83' lang='lat' dir='ltr'><strong>amantissimus;</strong></span> <span class='ocrx_word' id='word_1_102' title='bbox 1974 2244 2294 2323; x_wconf 84' lang='lat' dir='ltr'><strong>praeterea</strong></span> <span class='ocrx_word' id='word_1_103' title='bbox 2318 2232 2385 2297; x_wconf 88' lang='lat' dir='ltr'><strong>in</strong></span> <span class='ocrx_word' id='word_1_104' title='bbox 2414 2229 2563 2299; x_wconf 90' lang='lat' dir='ltr'><strong>lite-</strong></span> 
     </span>
     <span class='ocr_line' id='line_1_17' title="bbox 421 2336 2609 2434; baseline -0.004 -21"><span class='ocrx_word' id='word_1_105' title='bbox 421 2344 511 2412; x_wconf 83' lang='lat' dir='ltr'><strong>ris</strong></span> <span class='ocrx_word' id='word_1_106' title='bbox 574 2359 828 2412; x_wconf 84' lang='lat' dir='ltr'><strong>veteres</strong></span> <span class='ocrx_word' id='word_1_107' title='bbox 889 2338 1270 2416; x_wconf 80' lang='lat' dir='ltr'><strong>aemulatur,</strong></span> <span class='ocrx_word' id='word_1_108' title='bbox 1322 2337 1668 2432; x_wconf 88' lang='lat' dir='ltr'><strong>exprimit,</strong></span> <span class='ocrx_word' id='word_1_109' title='bbox 1718 2336 1984 2409; x_wconf 86' lang='lat' dir='ltr'><strong>reddit:</strong></span> <span class='ocrx_word' id='word_1_110' title='bbox 2020 2340 2451 2434; x_wconf 86' lang='lat' dir='ltr'><strong>Propertium</strong></span> <span class='ocrx_word' id='word_1_111' title='bbox 2494 2339 2609 2410; x_wconf 87' lang='lat' dir='ltr'><strong>in.</strong></span> 
     </span>
     <span class='ocr_line' id='line_1_18' title="bbox 415 2447 2567 2548; baseline -0.001 -25"><span class='ocrx_word' id='word_1_112' title='bbox 415 2455 683 2548; x_wconf 85' lang='lat' dir='ltr'><strong>primis,</strong></span> <span class='ocrx_word' id='word_1_113' title='bbox 717 2477 756 2520; x_wconf 88' lang='lat' dir='ltr'><strong>a</strong></span> <span class='ocrx_word' id='word_1_114' title='bbox 793 2477 928 2544; x_wconf 89' lang='lat' dir='ltr'><strong>quo</strong></span> <span class='ocrx_word' id='word_1_115' title='bbox 965 2473 1176 2543; x_wconf 85' lang='lat' dir='ltr'><strong>genus</strong></span> <span class='ocrx_word' id='word_1_116' title='bbox 1210 2448 1398 2516; x_wconf 89' lang='lat' dir='ltr'><strong>ducit</strong></span> <span class='ocrx_word' id='word_1_117' title='bbox 1420 2501 1440 2533; x_wconf 93' lang='lat'><strong>,</strong></span> <span class='ocrx_word' id='word_1_118' title='bbox 1472 2471 1630 2516; x_wconf 82' lang='lat' dir='ltr'><strong>vera</strong></span> <span class='ocrx_word' id='word_1_119' title='bbox 1659 2447 1955 2532; x_wconf 89' lang='lat' dir='ltr'><strong>soboles,</strong></span> <span class='ocrx_word' id='word_1_120' title='bbox 1983 2473 2198 2544; x_wconf 89' lang='lat' dir='ltr'><strong>eoque</strong></span> <span class='ocrx_word' id='word_1_121' title='bbox 2230 2450 2567 2520; x_wconf 86' lang='lat' dir='ltr'><strong>simillima</strong></span> 
     </span>
    </p>

    <p class='ocr_par' dir='ltr' id='par_1_11' title="bbox 349 2557 2557 3212">
     <span class='ocr_line' id='line_1_19' title="bbox 349 2557 2557 2658; baseline -0.001 -26"><span class='ocrx_word' id='word_1_122' title='bbox 349 2599 374 2632; x_wconf 82' lang='lat'>2</span> <span class='ocrx_word' id='word_1_123' title='bbox 415 2563 544 2650; x_wconf 91' lang='lat' dir='ltr'><strong>illi,</strong></span> <span class='ocrx_word' id='word_1_124' title='bbox 575 2567 645 2632; x_wconf 88' lang='lat' dir='ltr'><strong>in</strong></span> <span class='ocrx_word' id='word_1_125' title='bbox 681 2586 817 2658; x_wconf 91' lang='lat' dir='ltr'><strong>quo</strong></span> <span class='ocrx_word' id='word_1_126' title='bbox 848 2557 956 2629; x_wconf 91' lang='lat' dir='ltr'><strong>ille</strong></span> <span class='ocrx_word' id='word_1_127' title='bbox 987 2559 1380 2652; x_wconf 80' lang='lat' dir='ltr'><strong>praecipuuS.</strong></span> <span class='ocrx_word' id='word_1_128' title='bbox 1415 2559 1485 2626; x_wconf 90' lang='lat' dir='ltr'><strong>Si</strong></span> <span class='ocrx_word' id='word_1_129' title='bbox 1530 2557 1751 2652; x_wconf 85' lang='lat' dir='ltr'><strong>elegos</strong></span> <span class='ocrx_word' id='word_1_130' title='bbox 1785 2559 1927 2652; x_wconf 89' lang='lat' dir='ltr'><strong>ejus</strong></span> <span class='ocrx_word' id='word_1_131' title='bbox 1960 2561 2028 2628; x_wconf 89' lang='lat' dir='ltr'><strong>in</strong></span> <span class='ocrx_word' id='word_1_132' title='bbox 2066 2585 2339 2630; x_wconf 86' lang='lat' dir='ltr'><strong>manum</strong></span> <span class='ocrx_word' id='word_1_133' title='bbox 2376 2585 2557 2629; x_wconf 88' lang='lat' dir='ltr'><strong>sum-</strong></span> 
     </span>
     <span class='ocr_line' id='line_1_20' title="bbox 416 2665 2553 2768; baseline -0.001 -25"><span class='ocrx_word' id='word_1_134' title='bbox 416 2675 610 2759; x_wconf 84' lang='lat' dir='ltr'><strong>seris,</strong></span> <span class='ocrx_word' id='word_1_135' title='bbox 650 2671 826 2768; x_wconf 85' lang='lat' dir='ltr'><strong>leges</strong></span> <span class='ocrx_word' id='word_1_136' title='bbox 878 2694 1049 2764; x_wconf 79' lang='lat' dir='ltr'><strong>opus</strong></span> <span class='ocrx_word' id='word_1_137' title='bbox 1087 2683 1374 2756; x_wconf 85' lang='lat' dir='ltr'><strong>tersum,</strong></span> <span class='ocrx_word' id='word_1_138' title='bbox 1415 2665 1651 2755; x_wconf 90' lang='lat' dir='ltr'><strong>molle,</strong></span> <span class='ocrx_word' id='word_1_139' title='bbox 1685 2669 2099 2762; x_wconf 89' lang='lat' dir='ltr'><strong>jucundum,</strong></span> <span class='ocrx_word' id='word_1_140' title='bbox 2142 2686 2209 2739; x_wconf 90' lang='lat' dir='ltr'><strong>et</strong></span> <span class='ocrx_word' id='word_1_141' title='bbox 2251 2669 2449 2764; x_wconf 84' lang='lat' dir='ltr'><strong>plane</strong></span> <span class='ocrx_word' id='word_1_142' title='bbox 2484 2673 2553 2740; x_wconf 87' lang='lat' dir='ltr'><strong>in</strong></span> 
     </span>
     <span class='ocr_line' id='line_1_21' title="bbox 416 2779 2553 2880; baseline -0.001 -26"><span class='ocrx_word' id='word_1_143' title='bbox 416 2781 748 2880; x_wconf 87' lang='lat' dir='ltr'><strong>Propertii</strong></span> <span class='ocrx_word' id='word_1_144' title='bbox 801 2781 1001 2849; x_wconf 87' lang='lat' dir='ltr'><strong>domo</strong></span> <span class='ocrx_word' id='word_1_145' title='bbox 1055 2779 1399 2873; x_wconf 86' lang='lat' dir='ltr'><strong>scriptum.</strong></span> <span class='ocrx_word' id='word_1_146' title='bbox 1446 2779 1683 2874; x_wconf 89' lang='lat' dir='ltr'><strong>Nuper</strong></span> <span class='ocrx_word' id='word_1_147' title='bbox 1737 2779 1823 2848; x_wconf 90' lang='lat' dir='ltr'><strong>ad</strong></span> <span class='ocrx_word' id='word_1_148' title='bbox 1880 2779 2081 2874; x_wconf 87' lang='lat' dir='ltr'><strong>lyrica</strong></span> <span class='ocrx_word' id='word_1_149' title='bbox 2138 2781 2437 2868; x_wconf 88' lang='lat' dir='ltr'><strong>deflexit,</strong></span> <span class='ocrx_word' id='word_1_150' title='bbox 2484 2785 2553 2852; x_wconf 89' lang='lat' dir='ltr'><strong>in</strong></span> 
     </span>
     <span class='ocr_line' id='line_1_22' title="bbox 417 2887 2550 2990; baseline -0 -27"><span class='ocrx_word' id='word_1_151' title='bbox 417 2894 661 2990; x_wconf 87' lang='lat' dir='ltr'><strong>quibus</strong></span> <span class='ocrx_word' id='word_1_152' title='bbox 698 2893 790 2960; x_wconf 86' lang='lat' dir='ltr'><strong>ita</strong></span> <span class='ocrx_word' id='word_1_153' title='bbox 832 2890 1230 2978; x_wconf 85' lang='lat' dir='ltr'><strong>Horatium,</strong></span> <span class='ocrx_word' id='word_1_154' title='bbox 1267 2903 1341 2957; x_wconf 90' lang='lat' dir='ltr'><strong>ut</strong></span> <span class='ocrx_word' id='word_1_155' title='bbox 1381 2890 1453 2957; x_wconf 90' lang='lat' dir='ltr'><strong>in</strong></span> <span class='ocrx_word' id='word_1_156' title='bbox 1500 2887 1627 2958; x_wconf 91' lang='lat' dir='ltr'><strong>illis</strong></span> <span class='ocrx_word' id='word_1_157' title='bbox 1680 2888 1865 2958; x_wconf 90' lang='lat' dir='ltr'><strong>illum</strong></span> <span class='ocrx_word' id='word_1_158' title='bbox 1909 2889 2225 2976; x_wconf 84' lang='lat' dir='ltr'><strong>alterum,</strong></span> <span class='ocrx_word' id='word_1_159' title='bbox 2267 2891 2550 2990; x_wconf 86' lang='lat' dir='ltr'><strong>effingit.</strong></span> 
     </span>
     <span class='ocr_line' id='line_1_23' title="bbox 416 2998 2552 3100; baseline -0.001 -25"><span class='ocrx_word' id='word_1_160' title='bbox 416 3007 654 3092; x_wconf 89' lang='lat' dir='ltr'><strong>Putes,</strong></span> <span class='ocrx_word' id='word_1_161' title='bbox 683 3005 736 3072; x_wconf 91' lang='lat' dir='ltr'><strong>si</strong></span> <span class='ocrx_word' id='word_1_162' title='bbox 767 3001 928 3096; x_wconf 87' lang='lat' dir='ltr'><strong>quid</strong></span> <span class='ocrx_word' id='word_1_163' title='bbox 968 3001 1035 3068; x_wconf 91' lang='lat' dir='ltr'><strong>in</strong></span> <span class='ocrx_word' id='word_1_164' title='bbox 1079 2999 1313 3068; x_wconf 89' lang='lat' dir='ltr'><strong>studiis</strong></span> <span class='ocrx_word' id='word_1_165' title='bbox 1345 3001 1661 3096; x_wconf 87' lang='lat' dir='ltr'><strong>cognatio</strong></span> <span class='ocrx_word' id='word_1_166' title='bbox 1698 2998 1904 3088; x_wconf 85' lang='lat' dir='ltr'><strong>valet,</strong></span> <span class='ocrx_word' id='word_1_167' title='bbox 1942 3016 2008 3070; x_wconf 87' lang='lat' dir='ltr'><strong>et</strong></span> <span class='ocrx_word' id='word_1_168' title='bbox 2036 3003 2238 3098; x_wconf 87' lang='lat' dir='ltr'><strong>hujus</strong></span> <span class='ocrx_word' id='word_1_169' title='bbox 2270 3005 2552 3100; x_wconf 89' lang='lat' dir='ltr'><strong>propin-</strong></span> 
     </span>
     <span class='ocr_line' id='line_1_24' title="bbox 417 3109 2553 3212; baseline 0 -29"><span class='ocrx_word' id='word_1_170' title='bbox 417 3141 646 3212; x_wconf 88' lang='lat' dir='ltr'><strong>quum.</strong></span> <span class='ocrx_word' id='word_1_171' title='bbox 698 3116 948 3207; x_wconf 86' lang='lat' dir='ltr'><strong>Magna</strong></span> <span class='ocrx_word' id='word_1_172' title='bbox 1001 3111 1322 3197; x_wconf 62' lang='lat' dir='ltr'><strong>varicum,</strong></span> <span class='ocrx_word' id='word_1_173' title='bbox 1360 3135 1604 3205; x_wconf 81' lang='lat' dir='ltr'><strong>magna</strong></span> <span class='ocrx_word' id='word_1_174' title='bbox 1647 3109 2000 3180; x_wconf 87' lang='lat' dir='ltr'><strong>mobilitas.</strong></span> <span class='ocrx_word' id='word_1_175' title='bbox 2041 3115 2277 3192; x_wconf 76' lang='lat' dir='ltr'><strong>Amat,</strong></span> <span class='ocrx_word' id='word_1_176' title='bbox 2316 3127 2390 3182; x_wconf 90' lang='lat' dir='ltr'><strong>ut</strong></span> <span class='ocrx_word' id='word_1_177' title='bbox 2435 3115 2553 3209; x_wconf 88' lang='lat' dir='ltr'><strong>qui</strong></span> 
     </span>
    </p>

    <p class='ocr_par' dir='ltr' id='par_1_12' title="bbox 354 3219 2551 3317">
     <span class='ocr_line' id='line_1_25' title="bbox 354 3219 2551 3317; baseline -0 -23"><span class='ocrx_word' id='word_1_178' title='bbox 354 3312 359 3317; x_wconf 22' lang='lat'>⁸</span> <span class='ocrx_word' id='word_1_179' title='bbox 415 3225 795 3309; x_wconf 79' lang='lat' dir='ltr'><strong>verissime3</strong></span> <span class='ocrx_word' id='word_1_180' title='bbox 835 3219 1053 3308; x_wconf 89' lang='lat' dir='ltr'><strong>dolet,</strong></span> <span class='ocrx_word' id='word_1_181' title='bbox 1100 3237 1174 3290; x_wconf 91' lang='lat' dir='ltr'><strong>ut</strong></span> <span class='ocrx_word' id='word_1_182' title='bbox 1210 3223 1325 3316; x_wconf 89' lang='lat' dir='ltr'><strong>qui</strong></span> <span class='ocrx_word' id='word_1_183' title='bbox 1367 3221 1980 3315; x_wconf 78' lang='lat' dir='ltr'><strong>impatientissime3</strong></span> <span class='ocrx_word' id='word_1_184' title='bbox 2026 3219 2285 3308; x_wconf 84' lang='lat' dir='ltr'><strong>laudat,</strong></span> <span class='ocrx_word' id='word_1_185' title='bbox 2326 3237 2402 3291; x_wconf 87' lang='lat' dir='ltr'><strong>ut</strong></span> <span class='ocrx_word' id='word_1_186' title='bbox 2433 3228 2551 3316; x_wconf 89' lang='lat' dir='ltr'><strong>qui</strong></span> 
     </span>
    </p>
   </div>
   <div class='ocr_carea' id='block_1_11' title="bbox 412 3401 2555 3799">
    <p class='ocr_par' dir='ltr' id='par_1_13' title="bbox 412 3401 2555 3799">
     <span class='ocr_line' id='line_1_26' title="bbox 489 3401 2555 3476; baseline -0.001 -14"><span class='ocrx_word' id='word_1_187' title='bbox 489 3407 787 3462; x_wconf 65' lang='lat' dir='ltr'><strong>XXII-‘De</strong></span> <span class='ocrx_word' id='word_1_188' title='bbox 803 3410 971 3457; x_wconf 73' lang='lat' dir='ltr'><strong>Severo</strong></span> <span class='ocrx_word' id='word_1_189' title='bbox 989 3405 1097 3458; x_wconf 84' lang='lat' dir='ltr'><strong>vid.</strong></span> <span class='ocrx_word' id='word_1_190' title='bbox 1119 3403 1190 3458; x_wconf 76' lang='lat' dir='ltr'><strong>ad</strong></span> <span class='ocrx_word' id='word_1_191' title='bbox 1211 3405 1258 3469; x_wconf 90' lang='lat' dir='ltr'><strong>l,</strong></span> <span class='ocrx_word' id='word_1_192' title='bbox 1285 3405 1433 3476; x_wconf 78' lang='lat' dir='ltr'><strong>epist.</strong></span> <span class='ocrx_word' id='word_1_193' title='bbox 1478 3405 1481 3408; x_wconf 75' lang='grc'><strong><em>’</em></strong></span> <span class='ocrx_word' id='word_1_194' title='bbox 1534 3403 1673 3473; x_wconf 82' lang='lat' dir='ltr'><strong>cepit</strong></span> <span class='ocrx_word' id='word_1_195' title='bbox 1695 3401 1949 3456; x_wconf 78' lang='lat' dir='ltr'><strong>Cellarius</strong></span> <span class='ocrx_word' id='word_1_196' title='bbox 1968 3440 1983 3464; x_wconf 87' lang='lat'><strong>,</strong></span> <span class='ocrx_word' id='word_1_197' title='bbox 2010 3402 2230 3474; x_wconf 67' lang='lat' dir='ltr'><strong>prefero</strong></span> <span class='ocrx_word' id='word_1_198' title='bbox 2260 3403 2357 3476; x_wconf 69' lang='lat' dir='ltr'><strong>ipsi</strong></span> <span class='ocrx_word' id='word_1_199' title='bbox 2386 3403 2555 3460; x_wconf 83' lang='lat' dir='ltr'><strong>Medi·</strong></span> 
     </span>
     <span class='ocr_line' id='line_1_27' title="bbox 423 3483 2553 3553; baseline 0 -13"><span class='ocrx_word' id='word_1_200' title='bbox 423 3509 507 3544; x_wconf 65' lang='grc' dir='ltr'><strong>υ.</strong></span> <span class='ocrx_word' id='word_1_201' title='bbox 527 3487 634 3539; x_wconf 80' lang='lat' dir='ltr'><strong>En.</strong></span> <span class='ocrx_word' id='word_1_202' title='bbox 1534 3499 1639 3534; x_wconf 61' lang='grc' dir='ltr'><strong>σου</strong></span> <span class='ocrx_word' id='word_1_203' title='bbox 1654 3521 1670 3546; x_wconf 88' lang='grc'><strong>,</strong></span> <span class='ocrx_word' id='word_1_204' title='bbox 1694 3483 2017 3553; x_wconf 65' lang='grc' dir='ltr'><strong>ςθῒηςίρωεε</strong></span> <span class='ocrx_word' id='word_1_205' title='bbox 2038 3500 2058 3532; x_wconf 85' lang='grc'><strong>.·</strong></span> <span class='ocrx_word' id='word_1_206' title='bbox 2090 3485 2137 3534; x_wconf 72' lang='grc' dir='ltr'><strong>εἰ</strong></span> <span class='ocrx_word' id='word_1_207' title='bbox 2152 3486 2280 3550; x_wconf 80' lang='lat' dir='ltr'><strong>qm‘d</strong></span> <span class='ocrx_word' id='word_1_208' title='bbox 2300 3489 2351 3536; x_wconf 78' lang='lat' dir='ltr'><strong>in</strong></span> <span class='ocrx_word' id='word_1_209' title='bbox 2376 3490 2553 3542; x_wconf 68' lang='lat' dir='ltr'><strong>studiis</strong></span> 
     </span>
     <span class='ocr_line' id='line_1_28' title="bbox 495 3563 2549 3634; baseline -0.002 -14"><span class='ocrx_word' id='word_1_210' title='bbox 495 3583 542 3620; x_wconf 77' lang='grc' dir='ltr'><strong>ι.</strong></span> <span class='ocrx_word' id='word_1_211' title='bbox 572 3570 748 3634; x_wconf 66' lang='lat' dir='ltr'><strong>Inque</strong></span> <span class='ocrx_word' id='word_1_212' title='bbox 775 3567 856 3614; x_wconf 73' lang='lat' dir='ltr'><strong>me</strong></span> <span class='ocrx_word' id='word_1_213' title='bbox 873 3568 1162 3634; x_wconf 61' lang='lat' dir='ltr'><strong>precipuus.</strong></span> <span class='ocrx_word' id='word_1_214' title='bbox 1181 3563 1242 3615; x_wconf 86' lang='lat' dir='ltr'><strong>Iu</strong></span> <span class='ocrx_word' id='word_1_215' title='bbox 1263 3581 1327 3616; x_wconf 83' lang='lat' dir='ltr'><strong>eo</strong></span> <span class='ocrx_word' id='word_1_216' title='bbox 1351 3581 1437 3634; x_wconf 77' lang='lat' dir='ltr'><strong>ge-</strong></span> <span class='ocrx_word' id='word_1_217' title='bbox 1534 3566 1763 3631; x_wconf 71' lang='lat' dir='ltr'><strong>eognatio</strong></span> <span class='ocrx_word' id='word_1_218' title='bbox 1792 3565 1960 3622; x_wconf 58' lang='lat' dir='ltr'><strong>valen·</strong></span> <span class='ocrx_word' id='word_1_219' title='bbox 1992 3575 2042 3612; x_wconf 79' lang='lat' dir='ltr'><strong>ec</strong></span> <span class='ocrx_word' id='word_1_220' title='bbox 2066 3563 2207 3632; x_wconf 70' lang='lat' dir='ltr'><strong>hujus</strong></span> <span class='ocrx_word' id='word_1_221' title='bbox 2228 3569 2549 3634; x_wconf 58' lang='lat' dir='ltr'><strong>propinquas.</strong></span> 
     </span>
     <span class='ocr_line' id='line_1_29' title="bbox 412 3638 2553 3716; baseline 0 -17"><span class='ocrx_word' id='word_1_222' title='bbox 412 3663 544 3700; x_wconf 71' lang='lat' dir='ltr'><strong>nere</strong></span> <span class='ocrx_word' id='word_1_223' title='bbox 559 3642 854 3698; x_wconf 66' lang='lat' dir='ltr'><strong>simillimus</strong></span> <span class='ocrx_word' id='word_1_224' title='bbox 867 3656 943 3698; x_wconf 71' lang='lat' dir='ltr'><strong>est</strong></span> <span class='ocrx_word' id='word_1_225' title='bbox 957 3643 1228 3716; x_wconf 74' lang='lat' dir='ltr'><strong>Propertio</strong></span> <span class='ocrx_word' id='word_1_226' title='bbox 1241 3642 1437 3695; x_wconf 78' lang='lat' dir='ltr'><strong>Passie-</strong></span> <span class='ocrx_word' id='word_1_227' title='bbox 1535 3641 1668 3693; x_wconf 80' lang='lat' dir='ltr'><strong>Nam</strong></span> <span class='ocrx_word' id='word_1_228' title='bbox 1692 3639 1835 3694; x_wconf 74' lang='lat' dir='ltr'><strong>malo</strong></span> <span class='ocrx_word' id='word_1_229' title='bbox 1860 3638 1999 3692; x_wconf 81' lang='lat' dir='ltr'><strong>illud</strong></span> <span class='ocrx_word' id='word_1_230' title='bbox 2026 3643 2224 3712; x_wconf 58' lang='lat' dir='ltr'><strong>effingit</strong></span> <span class='ocrx_word' id='word_1_231' title='bbox 2243 3643 2481 3699; x_wconf 70' lang='lat' dir='ltr'><strong>absolute</strong></span> <span class='ocrx_word' id='word_1_232' title='bbox 2500 3659 2553 3700; x_wconf 77' lang='lat' dir='ltr'><strong>et</strong></span> 
     </span>
     <span class='ocr_line' id='line_1_30' title="bbox 413 3717 2553 3799; baseline -0.001 -19"><span class='ocrx_word' id='word_1_233' title='bbox 413 3725 520 3780; x_wconf 72' lang='lat' dir='ltr'><strong>&#39;zius</strong></span> <span class='ocrx_word' id='word_1_234' title='bbox 531 3726 586 3779; x_wconf 88' lang='lat' dir='ltr'><strong>in</strong></span> <span class='ocrx_word' id='word_1_235' title='bbox 599 3741 707 3796; x_wconf 83' lang='lat' dir='ltr'><strong>qno</strong></span> <span class='ocrx_word' id='word_1_236' title='bbox 723 3723 810 3777; x_wconf 80' lang='lat' dir='ltr'><strong>ine</strong></span> <span class='ocrx_word' id='word_1_237' title='bbox 827 3736 904 3776; x_wconf 74' lang='lat' dir='ltr'><strong>est</strong></span> <span class='ocrx_word' id='word_1_238' title='bbox 917 3725 1232 3796; x_wconf 66' lang='lat' dir='ltr'><strong>precipuus,</strong></span> <span class='ocrx_word' id='word_1_239' title='bbox 1247 3733 1437 3792; x_wconf 79' lang='lat' dir='ltr'><strong>nempe</strong></span> <span class='ocrx_word' id='word_1_240' title='bbox 1532 3719 1841 3792; x_wconf 68' lang='lat' dir='ltr'><strong>simpliciter</strong></span> <span class='ocrx_word' id='word_1_241' title='bbox 1860 3717 1966 3773; x_wconf 86' lang='lat' dir='ltr'><strong>dici</strong></span> <span class='ocrx_word' id='word_1_242' title='bbox 1980 3757 1993 3783; x_wconf 87' lang='lat'><strong>,</strong></span> <span class='ocrx_word' id='word_1_243' title='bbox 2006 3735 2151 3789; x_wconf 74' lang='lat' dir='ltr'><strong>putes</strong></span> <span class='ocrx_word' id='word_1_244' title='bbox 2170 3733 2343 3776; x_wconf 78' lang='lat' dir='ltr'><strong>autem</strong></span> <span class='ocrx_word' id='word_1_245' title='bbox 2368 3723 2553 3799; x_wconf 81' lang='lat' dir='ltr'><strong>adjun-</strong></span> 
     </span>
    </p>
   </div>
   <div class='ocr_carea' id='block_1_12' title="bbox 417 3797 2553 4034">
    <p class='ocr_par' dir='ltr' id='par_1_14' title="bbox 417 3797 2553 4034">
     <span class='ocr_line' id='line_1_31' title="bbox 417 3797 2551 3877; baseline -0.001 -19"><span class='ocrx_word' id='word_1_246' title='bbox 417 3807 474 3858; x_wconf 82' lang='lat' dir='ltr'><strong>in</strong></span> <span class='ocrx_word' id='word_1_247' title='bbox 491 3805 676 3877; x_wconf 75' lang='lat' dir='ltr'><strong>elegia.</strong></span> <span class='ocrx_word' id='word_1_248' title='bbox 691 3803 760 3857; x_wconf 82' lang='lat' dir='ltr'><strong>G.</strong></span> <span class='ocrx_word' id='word_1_249' title='bbox 1532 3801 1580 3870; x_wconf 73' lang='lat' dir='ltr'><strong>gi</strong></span> <span class='ocrx_word' id='word_1_250' title='bbox 1624 3797 1693 3852; x_wconf 76' lang='lat' dir='ltr'><strong>nd</strong></span> <span class='ocrx_word' id='word_1_251' title='bbox 1736 3797 1889 3852; x_wconf 78' lang='lat' dir='ltr'><strong>illum</strong></span> <span class='ocrx_word' id='word_1_252' title='bbox 1928 3799 2101 3853; x_wconf 75' lang='lat' dir='ltr'><strong>lusum</strong></span> <span class='ocrx_word' id='word_1_253' title='bbox 2138 3799 2209 3854; x_wconf 88' lang='lat' dir='ltr'><strong>de</strong></span> <span class='ocrx_word' id='word_1_254' title='bbox 2236 3807 2551 3872; x_wconf 72' lang='lat' dir='ltr'><strong>propinquo,-</strong></span> 
     </span>
     <span class='ocr_line' id='line_1_32' title="bbox 493 3875 2553 3955; baseline -0 -17"><span class='ocrx_word' id='word_1_255' title='bbox 493 3905 542 3938; x_wconf 62' lang='grc' dir='ltr'><strong>π.</strong></span> <span class='ocrx_word' id='word_1_256' title='bbox 567 3889 790 3937; x_wconf 66' lang='lat' dir='ltr'><strong>Mum.</strong></span> <span class='ocrx_word' id='word_1_257' title='bbox 819 3880 1030 3935; x_wconf 68' lang='lat' dir='ltr'><strong>Cottius</strong></span> <span class='ocrx_word' id='word_1_258' title='bbox 1053 3887 1106 3930; x_wconf 86' lang='lat' dir='ltr'><strong>et</strong></span> <span class='ocrx_word' id='word_1_259' title='bbox 1131 3875 1420 3950; x_wconf 73' lang='lat' dir='ltr'><strong>Gierigim:</strong></span> <span class='ocrx_word' id='word_1_260' title='bbox 1530 3895 1693 3950; x_wconf 74' lang='lat' dir='ltr'><strong>quam</strong></span> <span class='ocrx_word' id='word_1_261' title='bbox 1712 3891 1897 3934; x_wconf 81' lang='lat' dir='ltr'><strong>contra</strong></span> <span class='ocrx_word' id='word_1_262' title='bbox 1914 3881 2138 3934; x_wconf 72' lang='lat' dir='ltr'><strong>verbum</strong></span> <span class='ocrx_word' id='word_1_263' title='bbox 2146 3897 2289 3950; x_wconf 76' lang='lat' dir='ltr'><strong>putes</strong></span> <span class='ocrx_word' id='word_1_264' title='bbox 2307 3881 2463 3955; x_wconf 76' lang='lat' dir='ltr'><strong>adjici</strong></span> <span class='ocrx_word' id='word_1_265' title='bbox 2482 3881 2553 3937; x_wconf 79' lang='lat' dir='ltr'><strong>ad</strong></span> 
     </span>
     <span class='ocr_line' id='line_1_33' title="bbox 420 3956 2550 4034; baseline -0.002 -16"><span class='ocrx_word' id='word_1_266' title='bbox 420 3985 608 4018; x_wconf 76' lang='lat' dir='ltr'><strong>manus.</strong></span> <span class='ocrx_word' id='word_1_267' title='bbox 635 3964 718 4019; x_wconf 90' lang='lat' dir='ltr'><strong>Sic</strong></span> <span class='ocrx_word' id='word_1_268' title='bbox 738 3959 867 4015; x_wconf 69' lang='lat' dir='ltr'><strong>solet</strong></span> <span class='ocrx_word' id='word_1_269' title='bbox 891 3957 1108 4010; x_wconf 83' lang='lat' dir='ltr'><strong>Plinius.</strong></span> <span class='ocrx_word' id='word_1_270' title='bbox 1131 3956 1185 4009; x_wconf 86' lang='lat' dir='ltr'><strong>S.</strong></span> <span class='ocrx_word' id='word_1_271' title='bbox 1530 3957 1589 4010; x_wconf 76' lang='lat' dir='ltr'><strong>id</strong></span> <span class='ocrx_word' id='word_1_272' title='bbox 1608 3995 1623 4022; x_wconf 88' lang='lat'>‚</span> <span class='ocrx_word' id='word_1_273' title='bbox 1664 3959 1813 4030; x_wconf 83' lang='lat' dir='ltr'><strong>quod</strong></span> <span class='ocrx_word' id='word_1_274' title='bbox 1859 3961 2167 4034; x_wconf 71' lang='lat' dir='ltr'><strong>simpliciter</strong></span> <span class='ocrx_word' id='word_1_275' title='bbox 2208 3979 2391 4016; x_wconf 79' lang='lat' dir='ltr'><strong>verum</strong></span> <span class='ocrx_word' id='word_1_276' title='bbox 2432 3975 2511 4016; x_wconf 73' lang='lat' dir='ltr'><strong>est</strong></span> <span class='ocrx_word' id='word_1_277' title='bbox 2534 4002 2550 4028; x_wconf 89' lang='lat'><strong>,</strong></span> 
     </span>
    </p>
   </div>
   <div class='ocr_carea' id='block_1_13' title="bbox 419 4036 2549 4202">
    <p class='ocr_par' dir='ltr' id='par_1_15' title="bbox 419 4036 2549 4202">
     <span class='ocr_line' id='line_1_34' title="bbox 489 4036 2549 4116; baseline 0.004 -28"><span class='ocrx_word' id='word_1_278' title='bbox 489 4045 782 4116; x_wconf 63' lang='lat' dir='ltr'><strong>...Effingia</strong></span> <span class='ocrx_word' id='word_1_279' title='bbox 797 4043 956 4090; x_wconf 80' lang='lat' dir='ltr'><strong>Putes.</strong></span> <span class='ocrx_word' id='word_1_280' title='bbox 969 4036 1122 4089; x_wconf 71' lang='lat' dir='ltr'><strong>Hanc</strong></span> <span class='ocrx_word' id='word_1_281' title='bbox 1137 4036 1435 4102; x_wconf 80' lang='lat' dir='ltr'><strong>lectionem,</strong></span> <span class='ocrx_word' id='word_1_282' title='bbox 1528 4039 1919 4094; x_wconf 72' lang='lat' dir='ltr'><strong>excusationem</strong></span> <span class='ocrx_word' id='word_1_283' title='bbox 1938 4041 2143 4094; x_wconf 79' lang='lat' dir='ltr'><strong>nullam</strong></span> <span class='ocrx_word' id='word_1_284' title='bbox 2171 4041 2241 4095; x_wconf 79' lang='lat' dir='ltr'><strong>ad</strong></span> <span class='ocrx_word' id='word_1_285' title='bbox 2267 4041 2549 4114; x_wconf 68' lang='lat' dir='ltr'><strong>figuratum</strong></span> 
     </span>
     <span class='ocr_line' id='line_1_35' title="bbox 419 4115 2545 4202; baseline -0 -25"><span class='ocrx_word' id='word_1_286' title='bbox 419 4142 580 4202; x_wconf 72' lang='lat' dir='ltr'><strong>quam</strong></span> <span class='ocrx_word' id='word_1_287' title='bbox 593 4115 1338 4190; x_wconf 68' lang='lat' dir='ltr'><strong>anoxhomio&#39;rhomnioque</strong></span> <span class='ocrx_word' id='word_1_288' title='bbox 1349 4134 1435 4173; x_wconf 69' lang='lat' dir='ltr'><strong>ac·</strong></span> <span class='ocrx_word' id='word_1_289' title='bbox 1533 4116 1601 4172; x_wconf 86' lang='lat' dir='ltr'><strong>de</strong></span> <span class='ocrx_word' id='word_1_290' title='bbox 1614 4122 1895 4190; x_wconf 65' lang='lat' dir='ltr'><strong>propinquo</strong></span> <span class='ocrx_word' id='word_1_291' title='bbox 1920 4137 2217 4180; x_wconf 68' lang='lat' dir='ltr'><strong>sermonem</strong></span> <span class='ocrx_word' id='word_1_292' title='bbox 2240 4122 2453 4194; x_wconf 73' lang='lat' dir='ltr'><strong>apponi.</strong></span> <span class='ocrx_word' id='word_1_293' title='bbox 2476 4121 2545 4178; x_wconf 82' lang='lat' dir='ltr'><strong>G.</strong></span> 
     </span>
    </p>
   </div>
  </div>
 </body>
</html>
