2857 4690
993 368 1563 439 EXCURSUS
1620 374 1669 439 Ι.
2262 401 2390 448 221

245 495 480 580 batur,
507 495 652 587 jam
691 492 848 563 inde
885 516 924 560 a
959 485 1294 587 principio
1331 494 1591 562 vanitas
1628 494 2019 583 hominum,
2048 499 2403 596 saeculique

245 605 662 700 perversitas
715 604 1110 698 intercepit.⁴
1141 604 1406 672 Etenim
1454 619 1521 672 et
1568 606 1999 677 recitantium
2045 607 2404 702 plurimos,

247 715 650 810 posthabita
685 713 1094 808 judiciorum
1143 714 1422 783 veritate
1444 767 1465 798 ,
1504 715 1601 784 nil
1638 717 1765 785 nisi
1800 717 2007 787 fronti
2035 744 2168 790 suae
2197 721 2405 792 hede-

247 851 403 895 ram
453 825 757 920 undique
813 823 1196 919 decerptam
1247 823 1563 921 colligere
1616 827 1949 898 studuisse
1972 883 1992 917 ,
2044 847 2113 899 et
2156 833 2273 927 qui
2318 834 2407 903 ad

251 934 674 1005 audiendum
714 934 818 1004 vel
860 935 989 1029 ipsi
1029 933 1465 1005 convolarent
1484 991 1505 1022 ,
1546 937 1650 1006 vel
1687 940 2139 1030 traherentur,
2168 967 2407 1014 eorum

253 1043 426 1114 alios
464 1069 706 1140 parum
736 1044 998 1138 judicio
1027 1044 1347 1133 valuisse,
1383 1045 1549 1118 alios
1586 1050 1787 1118 variis
1824 1067 1907 1120 ex
1942 1050 2191 1123 caussis
2230 1069 2409 1125 totos

257 1159 330 1225 in
361 1154 705 1226 laudando
738 1154 940 1226 fuisse
975 1157 1374 1251 accepimus.
1409 1159 1699 1229 Debitor
1728 1163 1909 1247 aeriS,
1940 1164 2068 1233 nisi
2106 1166 2409 1236 tristibus

257 1265 584 1338 Calendis
627 1265 1002 1336 mercedem
1053 1281 1170 1336 aut
1217 1292 1533 1340 nummos
1576 1270 1755 1341 unde
1796 1273 1979 1344 unde
2026 1279 2409 1364 extricaret,

259 1403 532 1448 amaros
561 1377 911 1448 creditoris
941 1377 1148 1448 libros
1169 1395 1484 1472 porrecto
1497 1381 1739 1477 jugulo
1764 1385 1999 1454 audire
2016 1389 2408 1483 cogebatur,

259 1494 502 1559 Horat.
541 1493 614 1574 I,
649 1491 784 1559 Sat.
827 1488 904 1576 3,
948 1488 1061 1587 87.
1099 1489 1236 1559 Ubi
1281 1515 1443 1560 vero
1480 1508 1681 1586 poeta
1712 1493 1897 1564 dives
1935 1512 2002 1566 et
2032 1513 2271 1592 potens
2308 1526 2409 1570 re-

259 1601 552 1685 citabat,
593 1613 738 1668 tum
781 1599 1122 1669 auditores
1163 1625 1302 1669 uno
1343 1625 1496 1687 ore,
1539 1602 1888 1674 Pulchre!
1928 1605 2139 1678 bene!
2184 1610 2407 1681 recte!

259 1710 558 1810 clamare
598 1708 1068 1796 audiebantur,
1107 1709 1463 1805 pallescere
1501 1737 1703 1807 super
1738 1714 1873 1799 his,
1914 1716 2117 1786 etiam
2160 1719 2409 1789 stillare

263 1823 500 1892 amicis
535 1848 620 1890 ex
654 1820 863 1892 oculis
901 1847 1157 1910 rorem,
1201 1822 1435 1910 salire,
1470 1824 1756 1894 tundere
1793 1826 1965 1921 pede
2001 1842 2288 1918 terram,
2328 1833 2407 1900 A.

265 1937 336 2003 Ρ.
373 1938 520 2031 419
556 1960 696 2030 sqq.
736 1937 893 2003 No'n
930 1935 1180 2004 mirum
1215 1935 1423 2029 igitur
1458 1949 1585 2023 est,
1626 1937 2045 2030 gravioribus
2080 1941 2242 2009 viris
2276 1924 2411 2010 dis-

264 2044 580 2138 plicuisse
620 2044 797 2115 hanc
837 2045 1160 2115 recitandi
1215 2046 1580 2133 rationem,
1626 2069 1873 2140 eosque
1914 2071 2039 2117 nec
2095 2049 2273 2143 ipsos
2322 2050 2409 2119 ad

267 2155 686 2225 recitandum
713 2154 1100 2238 inclinasse,
1127 2179 1252 2224 nec
1275 2154 1467 2225 facile
1492 2154 1637 2224 aliis
1663 2155 1949 2226 affuisse.
1996 2159 2189 2248 Quos
2234 2161 2409 2229 inter

267 2267 396 2336 fuit
437 2281 508 2335 et
547 2269 921 2336 Horatius:
956 2267 1014 2334 is
1053 2267 1232 2334 enim
1273 2290 1411 2334 non
1448 2266 1771 2336 recitabat
1808 2273 1952 2338 nisi
1978 2274 2221 2338 amicis
2240 2323 2259 2355 ,
2301 2269 2407 2339 id-

269 2402 402 2471 que
423 2395 730 2461 coactus,
745 2400 885 2447 non
903 2376 1136 2477 ubiuis,
1168 2396 1487 2448 coramve
1511 2377 1937 2471 quibuslibet,
1967 2382 1998 2448 1
2024 2382 2162 2449 Sat.
2188 2382 2255 2465 4,
2290 2378 2404 2476 73.

273 2514 492 2585 neque
536 2488 871 2559 nobilium
910 2493 1310 2584 scriptorum
1349 2504 1495 2557 erat
1528 2488 1811 2558 auditor·
1850 2507 1923 2559 et
1962 2490 2163 2575 ultor,
2206 2493 2237 2558 Ι
2274 2494 2401 2585 Ep.

285 2626 400 2697 19,
447 2598 564 2695 39.
605 2599 772 2685 Sed,
815 2614 894 2668 ut
931 2597 1150 2667 solent
1182 2598 1489 2668 homines
1525 2598 1795 2693 judiciis
1830 2599 2177 2689 dissidere,
2218 2617 2413 2670 erant

275 2714 510 2799 etiam,
566 2710 812 2803 quibus
871 2710 1294 2778 recitationes
1335 2733 1750 2804 magnopere
1806 2711 2287 2802 probarentur3
2340 2713 2411 2779 in

275 2820 520 2915 quibus
557 2844 806 2889 nomen
836 2843 1034 2887 suum
1063 2818 1397 2913 professus
1427 2833 1527 2888 est
1559 2819 1761 2887 etiam
1797 2818 2101 2891 Ovidius.
2136 2825 2202 2890 Is
2230 2823 2409 2890 enim

275 2956 484 3026 quum
531 2930 716 3000 exsul
755 2932 932 2999 inter
967 2931 1176 2998 Getas
1219 2930 1515 3024 graviter
1551 2927 1842 3015 doleret,
1880 2954 2021 3000 non
2071 2955 2244 3016 esse,
2300 2936 2419 3001 cui

277 3046 594 3112 carmina
632 3064 762 3111 sua
805 3046 1066 3123 recitet,
1111 3056 1240 3110 aut
1253 3093 1274 3126 ,
1313 3046 1383 3109 si
1415 3045 1681 3124 recitet,
1734 3039 1931 3130 cujus
1978 3043 2415 3111 intellecturis

279 3153 558 3223 aun'bus
585 3169 848 3234 uentum·
873 3174 1012 3221 non
1033 3156 1322 3222 recitare
1342 3174 1450 3233 se,
1478 3149 1839 3242 nisiflavzs
1862 3154 2170 3235 Corallis,
2196 3176 2413 3245 quas-

279 3288 405 3357 que
443 3261 632 3332 alias
659 3279 894 3358 gentes
922 3259 1256 3331 barbarus
1290 3264 1475 3330 Ister
1503 3260 1789 3347 habeat,
1830 3286 2131 3331 caussam
2166 3260 2415 3334 doloris

281 3372 535 3443 addidit
557 3372 736 3441 hanc
770 3396 786 3439 ε
827 3376 1124 3443 Excitat
1151 3372 1435 3441 audz'tor
1453 3372 1787 3459 studium,
1824 3371 2253 3467 laudataque
2280 3380 2416 3445 vir-

281 3500 390 3555 tus
401 3484 696 3568 Crescit,
723 3500 790 3552 et
817 3491 1214 3552 immensum
1225 3483 1458 3578 gloria
1476 3484 1715 3553 calcar
1732 3482 1965 3565 habet,
1985 3507 2067 3551 ex
2084 3488 2281 3553 Pont.
2296 3487 2416 3564 IV,

285 3618 352 3677 α,
404 3592 714 3679 343111‚
769 3593 972 3662 Trist.
1042 3594 1158 3677 14,
1210 3590 1625 3687 3931V,.2‚
1675 3591 1789 3689 89.
1838 3591 1969 3662 Sed
2025 3617 2109 3663 ne
2152 3593 2418 3663 levioris

281 3704 480 3801 hujus
519 3717 740 3798 poetae
775 3703 1244 3772 auctoritatem
1282 3726 1701 3796 premamus,
1732 3704 1875 3798 ipse
1906 3704 2304 3800 Augustus,
2344 3720 2417 3773 ut

283 3816 575 3911 ingenia,
605 3816 697 3882 ita
723 3830 790 3883 et
821 3815 1250 3884 recitationes
1267 3812 1455 3885 fovit.
1483 3818 1877 3885 Recitantes
1904 3812 2193 3913 bem'gne
2216 3834 2289 3886 et
2288 3840 2423 3911 pa-

281 3934 524 3997 tiencer
555 3925 859 3995 azuz'ivit:
895 3950 1020 3995 nee
1059 3943 1329 3995 tantum
1357 3932 1666 3995 earmina
1704 3940 1777 3997 et
1800 3926 2131 4029 historias
2146 3982 2165 4013 ,
2198 3928 2327 3997 sed
2356 3948 2425 3998 et

281 4044 636 4109 omn'ones
657 4054 725 4105 et
745 4036 1087 4131 dialogos,
1114 4038 1394 4106 Sueton.
1411 4040 1585 4131 Aug.
1606 4036 1718 4133 89.
1747 4037 1931 4107 Idem
1947 4063 1986 4107 e
2010 4038 2277 4134 scriptis
2290 4040 2425 4107 suis

279 4150 616 4223 nonnulla
645 4155 712 4217 in
729 4146 1380 4241 coetufiztnzlzkzritcm
1409 4146 1605 4219 velut
1631 4155 1703 4219 in
1734 4146 2081 4220 auditorio
2095 4155 2419 4221 recitavit.
