2857 4690
463 293 471 306 .
544 351 688 433 338
1116 362 1193 429 C.
1246 353 1585 430 PLINII
1633 355 2098 433 SECUNDI

477 513 511 564 ε
544 485 658 554 sed
699 483 897 554 iidem
946 484 1249 554 homines
1287 482 1742 554 consulatibus
1786 484 2281 556 reddebantur:
2323 503 2512 558 tanta
2545 491 2669 560 tibi

540 593 997 666 benefaciendi
1016 597 1145 682 vis,
1173 609 1248 666 ut
1268 593 1685 688 indulgentia
1711 609 1827 664 tua
1849 597 2272 666 necessitates
2297 597 2670 670 aemuletur.

540 705 750 777 Modo
784 720 1135 800 praetextas
1162 719 1518 792 exuerant3
1551 720 1928 776 resumant:
1963 706 2165 776 modo
2188 707 2454 778 lictores
2483 711 2672 780 abire

530 816 903 910 jusserant3
947 831 1294 886 revocent:
1322 815 1524 885 modo
1550 814 1960 910 gratulantes
1990 819 2188 888 amici
2223 837 2671 907 recesserant3

467 973 501 1023 9
536 910 1409 1028 revertantur.ffiominisne
1444 927 1624 996 istud
1654 927 1998 1022 ingenium
2019 927 2162 999 est?
2205 931 2500 1001 hominis
2539 959 2670 1028 po·-

536 1036 785 1130 testas?
834 1061 1155 1108 renovare
1193 1037 1474 1133 gaudia,
1518 1035 1972 1132 redintegrare
2023 1036 2318 1109 laetitiam
2348 1093 2367 1128 ,
2411 1040 2669 1111 nullam

532 1149 827 1242 requiem
856 1146 1413 1244 gratulationibus
1449 1146 1642 1233 dare,
1681 1170 1900 1241 neque
1930 1145 2059 1215 alia
2095 1148 2476 1242 repetendis
2505 1173 2666 1220 con-

433 1305 497 1344 10
532 1255 855 1329 sulatibus
882 1257 1227 1328 intervalla
1253 1256 1674 1354 permittere,
1702 1255 1832 1324 nisi
1853 1254 2014 1324 dum
2043 1256 2416 1328 finiuntur?
2435 1259 2668 1328 Facias

530 1369 653 1438 ista
690 1392 985 1463 semper,
1012 1393 1137 1438 nec
1163 1391 1461 1462 unquam
1489 1367 1560 1435 in
1605 1366 1735 1435 hoc
1770 1387 1974 1460 opere
2009 1380 2126 1435 aut
2159 1368 2426 1438 animus
2456 1383 2616 1438 tuus
2643 1423 2664 1460 ‚

528 1492 645 1547 aut
692 1478 961 1548 fortuna
1008 1476 1327 1548 lassetur:
1368 1477 1486 1545 des
1525 1499 1730 1572 quam
1772 1474 2080 1570 plurimis
2127 1477 2358 1547 tertios
2407 1503 2658 1549 consu-

526 1587 733 1674 latus»,
757 1603 855 1677 et,
872 1613 1082 1683 quum
1104 1587 1409 1684 plurimis
1433 1588 1664 1657 tertios
1687 1584 2071 1656 consulatus
2092 1585 2373 1676 dederis,
2397 1613 2660 1686 semper

528 1712 753 1766 tamen
787 1698 1045 1793 plures,
1082 1697 1329 1792 quibus
1360 1695 1602 1768 debeas
1645 1697 1839 1782 dare,
1886 1698 2241 1792 supersint.

622 1815 833 1882 LXII.
854 1813 1177 1883 Omnium
1197 1811 1470 1906 quidem
1506 1809 1988 1878 beneficiorum
2006 1861 2025 1896 ,
2060 1835 2208 1906 quae
2247 1813 2660 1884 merentibus

528 1924 952 2010 tribuuntur,
995 1946 1132 1992 non
1186 1921 1270 1991 ad
1311 1923 1493 2016 ipsos
1537 1919 1857 2014 gaudium
1900 1920 2111 2015 magis
2137 1973 2156 2004 ‚
2197 1945 2398 2017 quam
2439 1923 2528 1991 ad
2573 1924 2656 1992 si·

524 2031 715 2102 miles
762 2031 1132 2101 redundat:
1182 2031 1518 2125 praecipue
1563 2045 1784 2098 tame-n
1831 2054 1913 2098 ex
1962 2029 2209 2100 horum
2259 2030 2620 2102 consulatu
2643 2087 2664 2123 ‚

526 2169 665 2212 non
701 2141 785 2212 ad
832 2157 1091 2236 partem
1136 2139 1427 2234 aliquam
1465 2152 1769 2226 senatus,
1807 2137 1922 2206 sed
1971 2137 2056 2207 ad
2091 2153 2307 2208 totum
2353 2155 2664 2210 senatum

511 2267 714 2340 ‘tanta
741 2251 967 2322 laetitia
996 2250 1298 2345 pervenit
1319 2303 1339 2336 ‚
1369 2263 1446 2320 ut
1473 2247 1783 2318 eumdem
1809 2247 2134 2317 honorem
2165 2273 2396 2318 omnes
2427 2248 2560 2318 sibi
2595 2265 2666 2318 et

460 2414 489 2447 2
524 2364 782 2435 dedisse
802 2377 871 2432 et
900 2362 1227 2456 accepisse
1261 2359 1660 2429 videantur:
1695 2382 1936 2453 nempe
1959 2359 2142 2427 enim
2167 2358 2239 2427 hi
2267 2372 2458 2447 sunt,
2485 2385 2660 2454 quos

526 2486 795 2545 senatus
823 2524 844 2559 ‚
876 2494 1083 2565 quum
1122 2466 1405 2564 publicis
1450 2468 1827 2565 sumptibus
1877 2468 2256 2539 minuendis
2323 2470 2659 2563 optimum

526 2701 619 2775 qui
652 2699 797 2754 solus
826 2716 981 2771 opem
1012 2696 1063 2751 ei
1090 2694 1226 2750 ferre
1250 2694 1434 2770 possit.
1477 2694 1541 2748 E.
1632 2704 1751 2747 ctus
1773 2691 1888 2746 sine
1917 2692 2010 2745 illo
2045 2691 2322 2747 mendacio
2347 2695 2530 2750 locum
2567 2698 2660 2752 h..

596 2784 651 2836 8.
674 2780 989 2848 Indzdgentia
1003 2790 1092 2827 tua
1110 2778 1431 2827 necessitates.
1454 2776 1544 2828 In-
1635 2774 1761 2827 bere
1783 2790 1894 2825 non
1923 2772 2236 2844 potuissent.
2259 2772 2324 2826 E.

526 2858 796 2931 dulgentia
836 2869 928 2912 tna
951 2894 966 2920 ‚
1014 2856 1149 2909 bene
1190 2852 1431 2908 merendi
1473 2852 1543 2907 de

524 2940 661 2995 bene
684 2936 885 2991 meritis
902 2933 1163 3008 cupiditas
1181 2972 1198 2999 ,
1217 2952 1280 2987 ea
1300 2945 1514 3006 prestat
1524 2972 1542 2999 ‚

524 3038 643 3092 qno
670 3018 803 3073 alias
840 3017 1173 3088 imperabant
1213 3014 1544 3068 necessitates

524 3098 767 3171 publice.
795 3096 975 3150 Lectio
1000 3114 1031 3149 e
1054 3095 1335 3149 parisiensi
1360 3092 1544 3148 codice

526 3196 559 3231 a
574 3175 873 3231 Schwarzio
882 3174 1116 3229 restituta
1124 3172 1245 3227 ,Alii
1260 3174 1546 3229 immutant

524 3258 602 3310 sic
624 3294 641 3320 ,
688 3260 1041 3327 indulgentiam
1092 3268 1231 3305 tuam
1283 3256 1542 3307 necessitas

522 3334 796 3381 emautur.
822 3328 894 3383 G.

596 3428 650 3479 9.
664 3412 869 3461 Nullam
890 3410 1103 3475 requiem
1112 3406 1540 3475 gratulationibus.

524 3480 609 3535 Sic
624 3498 689 3533 ex
704 3480 851 3534 MSS.
868 3476 1211 3533 Schwarzius.
1226 3474 1313 3527 Al.
1330 3478 1542 3527 nullam·

520 3580 620 3629 que
634 3564 848 3628 νοφιίεηι
860 3560 1209 3627 gratulationis
1224 3560 1349 3607 dare
1358 3592 1377 3617 ,
1406 3573 1542 3627 qnos

524 3638 761 3711 sequitur
782 3637 1113 3689 Arntzenins.
1146 3634 1215 3689 G.
1233 3666 1305 3679 --
1324 3640 1454 3687 Dum
1468 3640 1540 3707 fi-

496 3760 503 3767 .
524 3722 746 3771 nitantur.
772 3716 988 3767 Annum
1026 3726 1203 3768 tamen
1222 3750 1240 3778 ,
1270 3714 1498 3787 amplius
1521 3752 1538 3779 ,

523 3795 870 3849 intercessisse
886 3832 903 3858 ,
930 3816 962 3849 e
995 3794 1141 3848 fastis
1166 3806 1403 3867 apparet.
1433 3796 1541 3849 oh-

524 3874 751 3929 servavit
782 3877 899 3948 Jam
932 3874 1141 3948 lipsius
1157 3913 1174 3940 ,
1212 3873 1325 3928 hnc
1362 3884 1540 3931 orato-

524 3953 604 4007 rie
630 3953 797 4024 magis
815 3992 831 4017 ,
866 3972 1027 4026 quam
1069 3973 1194 4007 vere
1226 3952 1353 4007 dici.
1377 3953 1447 4007 G.
1466 3985 1538 3995 —

524 4030 575 4083 N
574 4048 723 4103 empe
736 4031 837 4085 iu-
850 4032 1273 4105 exaggerationes
1286 4071 1303 4099 ,
1324 4032 1341 4086 i
1344 4034 1401 4087 lli
1418 4050 1538 4093 ora·

520 4111 683 4165 tionis
718 4112 1029 4167 luxuriantis
1070 4109 1245 4169 fluxus
1276 4126 1330 4169 et
1357 4114 1537 4170 anfra-

1699 2852 1870 2904 an.
1901 2870 1949 2905 1.
1980 2856 2143 2917 Quam
2167 2854 2245 2903 ad
2275 2856 2478 2906 sinnius.
2507 2856 2655 2921 Quos

1629 2930 1826 2984 alacres
1867 2928 1993 2985 facit
2024 2931 2278 2985 nimirum
2305 2950 2425 3004 spes
2461 2934 2655 2989 similia

1627 3008 1987 3081 consequendi
2009 3048 2027 3077 ‚
2051 3028 2220 3081 qnnm
2248 3010 2470 3066 videant
2485 3050 2504 3077 ‚
2545 3032 2652 3067 non

1625 3089 1931 3143 bominibus
1957 3089 2218 3156 honores,
2248 3090 2344 3144 sed
2375 3090 2560 3145 virtuti
2589 3112 2652 3148 ac

1625 3168 1826 3223 meritis
1844 3207 1860 3232 ,
1885 3167 2026 3222 dari.
2045 3168 2116 3223 G.

1699 3266 1750 3301 a.
1771 3252 1956 3315 Nmpe
1973 3251 2122 3301 enim.
2145 3249 2311 3322 Epist.
2333 3250 2418 3301 111
2437 3286 2456 3314 ,
2477 3254 2542 3303 16
2561 3288 2578 3316 ,
2598 3252 2649 3305 8.

1626 3332 1814 3395 Nempe
1851 3330 2003 3378 enim.
2025 3364 2040 3378 .
2061 3331 2256 3379 daturi
2277 3332 2392 3380 estis
2410 3367 2429 3390 ,
2459 3341 2569 3383 etc.
2593 3332 2650 3385 S·

1625 3434 1697 3447 ——
1711 3410 1988 3474 Sumpeibus
1995 3409 2288 3461 mbtumdt’s.
2302 3408 2422 3461 Jam
2434 3426 2467 3461 a
2477 3408 2653 3463 Nerva

1625 3482 1730 3537 hoc
1767 3484 2048 3556 collegium
2079 3486 2380 3541 institutum
2407 3486 2650 3557 videtur,

1623 3562 1922 3617 reci-cando
1939 3600 1956 3627 ,
1991 3582 2108 3637 qun
2141 3583 2174 3618 a
2213 3566 2524 3621 Domitiano
2563 3586 2651 3621 ex-

1625 3640 1816 3697 hausta
1853 3643 2028 3697 fuerat
2047 3681 2064 3707 ,
2095 3644 2400 3717 reipublice
2441 3662 2647 3701 mussa.

1627 3722 1674 3773 E
1699 3721 1870 3775 Dione
1893 3722 2198 3795 xiphilinus
2219 3722 2284 3777 L.
2317 3724 2405 3777 68.
2431 3742 2489 3797 p.
2525 3744 2646 3795 770,

1627 3798 1674 3853 Β
1700 3820 1716 3855 :
1753 3802 1944 3865 Πολλὰς
1987 3805 2075 3875 μὲν
2113 3806 2284 3866 θυσίας
2305 3842 2324 3869 ‚
2353 3806 2552 3868 ’πολλὰς
2589 3804 2648 3861 δὲ

1629 3879 2135 3954 ἱπποδρομίας,ἅλλσ.ς
2145 3904 2202 3939 τι
2211 3882 2346 3945 τινὰς
2365 3887 2648 3951 “affine-t(-

1624 3969 1760 4029 λυσι,
1774 3965 2046 4017 συστέλλων
2065 3966 2128 4025 ὥς
2147 3960 2240 4018 οἶόν
2257 3983 2312 4017 τι
2325 3963 2397 4016 τὰ
2415 3959 2647 4023 δαπανή-

1625 4060 1788 4111 ματα.
1815 4042 2042 4109 Quinque
2055 4044 2199 4093 viros
2219 4043 2501 4093 mundis
2517 4062 2643 4095 sant·

1621 4121 1788 4187 ptibm
1795 4121 2001 4189 jndicio
2021 4136 2224 4173 nume
2246 4122 2536 4175 meierum
2561 4140 2644 4175 vo-
