2857 4690
496 305 630 377 136
1130 311 1208 378 C.
1256 311 1600 381 PLINII
1649 311 1842 382 LIB.
1897 313 1980 381 X.

1156 704 1534 793 xxvfl.
1600 705 1960 826 (XVII)

1102 955 1556 1005 TRAJANUS
1609 955 1916 1006 vulno
1967 959 2020 1006 S.

582 1139 848 1208 Rncmz
888 1139 1288 1208 renuntiasti
1332 1138 1532 1224 mihi,
1574 1141 1882 1210 Secunde
1921 1141 2282 1210 carissime.
2325 1143 2632 1213 Pertinet

484 1247 665 1317 enim
694 1248 780 1318 ad
805 1250 1107 1318 animum
1141 1274 1403 1338 meum,
1437 1248 1618 1345 quali
1650 1253 1890 1346 itinere
1923 1253 1996 1319 in
2025 1251 2442 1345 provinciam
2475 1275 2632 1346 per-

482 1358 735 1429 venias.
786 1357 1165 1429 Prudenter
1201 1375 1427 1429 autem
1465 1362 1819 1430 constituis
1863 1360 2132 1431 interim
2170 1360 2542 1449 navibuS‚
2525 1387 2634 1430 m-

488 1470 687 1539 terim
720 1469 1045 1541 vehiculis
1082 1471 1226 1559 uti,
1266 1487 1473 1565 prout
1507 1471 1654 1542 loca
1690 1474 2046 1542 suaserint.

552 1671 783 1725 XXVII.
820 1670 1502 1726 1.M1‘1a1‘..S.cAlmiSe·
1613 1677 1977 1741 ...per-venias.
2007 1670 2634 1746 Mnjmhoequiddam,

482 1753 642 1802 eunde
679 1753 941 1806 out-usim.
985 1752 1257 1832 Frequens
1298 1751 1405 1806 hoc
1447 1752 1507 1805 in
1603 1769 1767 1824 quam
1792 1752 1968 1824 quod
1965 1752 2164 1806 Plinius
2205 1751 2520 1824 scripserat,
2560 1757 2641 1804 ad

482 1829 699 1902 ijani
735 1830 806 1885 ad
831 1830 1059 1885 Plinium
1088 1833 1354 1904 epistolis.
1378 1851 1504 1886 ma·
1602 1851 1774 1883 curam
1800 1848 1954 1884 tuam.
1982 1831 2247 1904 Cui-amus
2276 1831 2476 1896 multa,
2511 1851 2638 1904 qun

484 1909 687 1984 limque
712 1922 767 1964 et
784 1910 903 1976 hic,
922 1923 984 1966 ut
1000 1914 1283 1968 amantius.
1302 1913 1358 1967 S.
1449 1931 1458 1942 ¹
1599 1921 1776 1966 tamen
1825 1911 1896 1966 ad
1943 1912 2185 1966 animum
2236 1921 2478 1965 nostrum
2522 1930 2638 1965 non

555 1994 846 2044 —Pertinet
868 1995 999 2044 enim
1018 1995 1094 2044 ad
1108 1995 1329 2044 animum
1344 2011 1504 2044 ntem
1599 1993 1890 2064 pertinent.
1917 1991 1976 2045 S.

935 2170 945 2180 .

946 2195 1315 2223 mm

1777 2195 2610 2217 mmmm

1114 2382 1536 2473 xxvm.
1615 2382 2018 2503 (xvtm

530 2611 773 2671 Nuntiat
798 2630 861 2672 se
894 2612 1127 2672 tandem
1154 2614 1217 2671 in
1244 2614 1606 2691 provinciam
1633 2614 1860 2673 venisse
1873 2657 1892 2687 ,
1918 2625 1978 2672 et
2005 2612 2258 2671 rationes
2289 2624 2566 2672 excutere
2580 2656 2600 2685 ,

932 2722 1177 2790 propter
1200 2730 1345 2791 quas
1370 2730 1700 2769 mensorem
1725 2730 1800 2769 ex
1823 2708 1988 2771 Urbe
2013 2709 2178 2789 petit.

940 2920 1004 2968 C.
1059 2920 1414 2969 PLINIUS
1455 2921 1859 2970 TRAIANO
1910 2922 2087 2969 IMP.
2143 2922 2197 2966 S.

595 3102 858 3170 SICUT
905 3095 1409 3169 saluberrimam
1460 3101 1954 3195 navigationem
1979 3153 2001 3188 ,
2048 3100 2376 3185 Domine,
2427 3094 2640 3193 usque

499 3208 842 3304 Ephesum
892 3222 1207 3303 expertus
1229 3262 1250 3296 ,
1310 3208 1403 3275 ita
1453 3210 1610 3279 inde
1640 3263 1661 3300 ‚
1716 3226 2072 3306 postquam
2136 3208 2460 3279 vehiculis
2515 3213 2642 3280 iter

500 3319 717 3391 facere
758 3320 929 3415 coepi
950 3373 971 3407 ‚
1016 3318 1424 3415 gravissimis
1466 3320 1734 3391 aestibus
1751 3374 1772 3407 ‚
1814 3336 2017 3417 atque
2061 3322 2262 3391 etiam
2302 3319 2642 3392 febriculis

434 3462 461 3499 α
500 3445 773 3501 vexatus
792 3485 812 3521 ‚
860 3432 1169 3525 Pergami
1220 3432 1506 3501 substiti.
1559 3434 1852 3523 Rursus,
1897 3458 2105 3528 quum
2149 3433 2534 3501 transissem
2573 3434 2640 3500 in

500 3544 753 3611 orarias
806 3540 1179 3629 naviculam,
1233 3542 1587 3612 contrariis
1642 3545 1854 3612 ventis
1911 3556 2247 3631 retentus,
2295 3540 2642 3636 aliquanto

504 3650 790 3741 tardius,
823 3678 1025 3748 quam
1062 3676 1482 3748 speraveram
1499 3705 1520 3739 ‚
1557 3651 1626 3721 id
1663 3667 1793 3741 est,
1821 3654 1954 3723 XV
1969 3648 2244 3723 Calend.
2270 3650 2604 3722 Octobres
2622 3705 2645 3738 ‚

587 3850 851 3905 XXVIII.
878 3869 930 3905 1.
952 3851 1217 3921 Est-penus.
1252 3850 1529 3905 Desideret
1700 3870 1750 3905 a.
1773 3854 1844 3903 Id
1859 3866 1950 3914 ese,
1975 3856 2080 3904 XV
2096 3854 2297 3903 calend.
2328 3854 2576 3903 Octobres.
2601 3848 2646 3900 E

500 3931 591 3984 hic
602 3951 709 3983 sum
724 3932 1383 4002 expertus—Pergamus,
1400 3931 1530 3984 urbe
1625 3929 1799 4003 glossa
1823 3942 1949 3985 nata
1967 3930 2210 3985 videntur
2226 3931 2277 3984 J.
2300 3932 2366 3983 A.
2383 3929 2644 3983 Emestio.

502 4010 685 4085 Mysia
722 4010 794 4064 ad
834 4010 1053 4064 Caicum
1088 4010 1310 4065 fluvium
1348 4010 1530 4085 paullo
1625 4012 1748 4065 Non
1765 4011 2040 4066 mentior.
2062 4010 2368 4065 Conferenti
2395 4009 2543 4063 enim
2563 4026 2644 4061 se·

503 4089 757 4145 remotior
776 4108 809 4143 a
831 4089 987 4144 mari.
1012 4090 1114 4143 En.
1625 4090 1758 4143 rien
1771 4108 2108 4163 eorumque
2121 4088 2388 4161 Trajanus
2399 4088 2482 4143 hie
2497 4086 2647 4142 Plinii
