2857 4690
943 384 1080 451 DE
1125 386 1202 451 c,
1251 384 1644 453 PLINIO.
2200 388 2337 485 437

181 530 558 594 recensuit
574 577 596 606 ,
627 539 696 592 et
710 530 982 619 passim
1015 522 1411 595 emendavit.
1439 525 1965 595 Amsteloedami
1984 580 2003 611 ‚
2044 554 2139 602 ex
2178 536 2339 628 oſjf—

181 636 382 699 cina
416 622 872 701 Ehem-mna.
2468 643 2477 649 '

325 760 358 805 1
381 733 562 807 665.
601 736 1050 829 Francqficrti
1071 734 1176 805 ad
1197 736 1563 823 Viadmm,
1603 737 1670 808 8.
1706 740 1782 807 C.
1816 735 2005 807 Plinii
2029 736 2339 830 Epistolae

182 866 376 909 cum
425 843 600 911 notis
639 845 842 911 Henr.
881 842 1196 937 Stephani
1230 857 1297 912 et
1323 845 1518 937 Casp.
1555 843 1840 927 Bar-thu,
1878 842 2113 912 additis
2150 840 2339 911 Plinii

185 962 266 1015 et
319 947 616 1017 aliorum
661 949 1093 1042 PanegyriciS.

331 1078 366 1122 1
385 1052 560 1125 668.
605 1056 886 1150 Upsalae
899 1105 922 1140 ,
975 1054 1040 1123 8.
1085 1056 1234 1123 Lat.
1269 1055 1493 1124 Pacati
1524 1056 1843 1149 Drepanii
1866 1055 2305 1150 Panegyricus
2320 1106 2339 1139 ‚

185 1184 378 1227 cum
421 1162 594 1229 notis
626 1164 663 1229 J
665 1186 726 1229 o.
761 1160 1116 1251 Schffri.
1156 1159 1378 1229 Editio
1408 1164 1665 1233 auctior
1688 1176 1885 1255 atque
1910 1160 2333 1231 emendatior.

188 1266 320 1336 Cf.
367 1290 428 1333 a.
480 1290 507 1335 1
521 1263 620 1337 65
639 1290 664 1335 1
681 1318 696 1334 .

335 1370 558 1468 1671.
613 1376 940 1457 Genevoe,
991 1377 1058 1458 4.
1122 1377 1194 1445 C.
1251 1376 1463 1445 Plinii
1509 1376 1981 1470 Epistola-um
2038 1372 2194 1445 libri
2246 1376 2335 1443 X.

193 1477 552 1569 Ejusdem
595 1482 1056 1574 Panegyricus
1091 1480 1396 1572 stcy'ano
1430 1481 1651 1551 diem
1666 1535 1690 1568 ‚
1738 1504 1887 1551 cum
1928 1494 2338 1552 commenta·

193 1589 338 1652 riis
364 1586 471 1652 Jo.
501 1588 756 1655 swan'oe
793 1588 1125 1656 Catanaei.
1155 1586 1495 1678 Acilimcti
1518 1602 1677 1657 sunt
1701 1588 1829 1657 alii
1856 1586 1961 1655 ad
1978 1587 2157 1656 alios
2190 1587 2341 1657 Coe-

193 1712 418 1757 saoes
465 1693 880 1785 Panegyrici
901 1744 924 1778 ,
987 1706 1114 1761 etc.
1178 1692 1473 1762 Genevoe
1492 1745 1515 1778 ,
1572 1692 1944 1788 sumptibus
1998 1692 2338 1763 Samuelis

205 1796 500 1867 Chouet.
543 1798 702 1864 Haec
737 1794 936 1865 editio
977 1797 1150 1866 idem
1192 1822 1461 1891 prorsus
1496 1795 1830 1893 exemplar
1876 1796 2079 1866 refert
2093 1849 2113 1884 ‚
2156 1796 2335 1893 quod

201 1926 250 1969 a
282 1899 506 1971 Paulo
552 1902 890 1997 Stephano
919 1926 977 1971 a.
1019 1900 1203 1972 1601
1255 1928 1571 1972 excusum
1610 1916 1727 1972 est.

339 2005 558 2102 1671.
597 2009 954 2094 Saltum-ii,
1006 2031 1116 2075 ια.
1174 2010 1245 2080 C.
1283 2008 1498 2079 Plinii
1534 2007 1833 2080 Secundi
1870 2002 2337 2102 Panegyricus

215 2113 539 2204 Trojano
563 2113 809 2197 diam,
844 2137 994 2185 cum
1019 2119 1517 2184 commentar-1225
1539 2115 1722 2184 Iusti
1734 2118 1967 2210 Lipsii,
1977 2113 2203 2205 juxta
2222 2136 2341 2206 op·

203 2225 460 2288 cimam
491 2222 596 2288 J0.
627 2222 884 2289 Moretz'
907 2218 1266 2288 editionem
1286 2246 1315 2305 ,-
1337 2221 1591 2289 notulis
1608 2235 1683 2289 et
1701 2218 2173 2289 emendatione
2201 2221 2334 2288 Ta·

204 2326 516 2419 naquilli
540 2325 775 2396 Fabri.
813 2326 1140 2397 Salmurii
1152 2379 1176 2412 ,
1216 2325 1414 2422 apud
1443 2328 1547 2396 J0.
1590 2328 1999 2396 Lesnerium.
2034 2359 2143 2378 --
2175 2326 2333 2394 Haec

205 2431 424 2500 editio
464 2431 626 2501 nihil
671 2431 874 2501 habet
890 2485 911 2518 ‚
947 2432 1072 2500 nisi
1111 2446 1302 2502 notas
1339 2433 1696 2528 Lipsianas.
1748 2435 2013 2503 Nomen
2052 2430 2249 2500 Fabri
2293 2455 2333 2498 a

207 2535 582 2632 bibliopola
625 2562 744 2633 per
777 2536 1003 2608 dolum
1046 2536 1362 2608 additum.

239 2749 522 2816 AETAS
581 2749 692 2816 IV
749 2751 1378 2819 VEENHUSIO
1417 2777 1525 2802 --
1558 2750 2295 2819 THOMASIANA

1017 2957 1547 3054 1669-1703.

345 3163 502 3236 inde
534 3165 1620 3234 CELLARlO—-HEARNIANA
1668 3187 1693 3232 1
1712 3162 2006 3259 703—1
2026 3162 2195 3260 734.

321 3379 406 3445 In
458 3375 562 3444 his
579 3427 600 3462 ‚
641 3377 754 3470 qui
793 3387 1096 3444 auctores
1143 3397 1296 3443 cum
1340 3374 1513 3443 notis
1551 3397 1726 3442 varr.
1782 3375 2107 3468 excerptis
2148 3375 2331 3469 apud

217 3487 508 3552 Batavos
533 3481 971 3569 adornarunt,
997 3503 1224 3574 parem
1252 3477 1443 3548 Plinii
1470 3481 1640 3576 Epp.
1675 3501 1873 3573 quam
1898 3479 2051 3548 dein
2084 3481 2332 3567 Statio,

213 3587 442 3657 attulit
480 3611 750 3682 operam
787 3587 1308 3656 accuratissimus
1349 3584 1565 3654 editor
1589 3589 1626 3654 J
1629 3606 1689 3653 o.
1725 3586 2141 3654 Veenhmim
2168 3589 2325 3654 Bre-

213 3695 498 3778 mensis,
530 3715 864 3786 novasque
903 3693 1100 3762 etiam
1131 3705 1320 3761 notas
1346 3694 1404 3759 J.
1436 3693 1539 3760 Fr.
1573 3693 1896 3760 Gronovii
1926 3692 2175 3761 coeteris
2206 3693 2327 3760 im·

215 3799 484 3868 miscuit
524 3823 540 3865 τ
597 3821 744 3891 quae
783 3797 986 3868 editio
1039 3795 1234 3893 1669
1273 3798 1471 3866 etiam
1514 3799 1891 3867 Hackiana
1934 3797 2021 3866 ab
2060 3795 2325 3868 officina

215 3903 432 3997 Lugd.
472 3905 694 3973 vocari
728 3903 912 3974 solet.
950 3907 1034 3973 In
1065 3904 1421 3975 Germania
1447 3907 1484 3973 J
1486 3929 1583 3973 ac.
1624 3905 2021 3972 Thomu-rius
2050 3903 2327 3976 similem

213 4009 318 4078 ed.
363 4009 682 4104 Lipsiensi
738 4008 930 4104 1675
961 4035 1189 4082 curam
1225 4009 1559 4094 adhibuit,
1592 4011 1785 4103 eique
1820 4009 2075 4078 erudita
2103 4007 2330 4105 prole-
