2857 4690
496 341 637 425 284

1058 344 1133 410 C.
1184 343 1526 412 PLINII
1575 344 2059 415 SECUNDI

492 473 617 540 nisi
654 488 729 541 ut
764 472 919 541 inde
961 476 1223 568 navigia
1280 474 1504 543 inania
1538 490 1604 543 et
1636 500 1846 544 vacua
1883 490 1953 544 et
1991 476 2232 545 similia
2276 478 2630 549 redeunti·

490 582 649 671 bus,
676 583 837 653 hinc
862 582 1063 677 plena
1096 597 1165 653 et
1193 598 1434 653 onusta
1461 598 1528 653 et
1555 584 1778 678 qualia
1812 586 2030 656 solent
2055 587 2283 656 venire
2303 642 2322 675 ‚
2350 590 2632 657 mittan·

490 706 642 781 tur3
674 718 1129 788 conversoque
1148 718 1430 763 munere
1447 696 1684 780 maris,
1716 696 1877 765 hinc
1889 696 2114 791 potius
2128 698 2312 765 venti
2337 697 2630 768 ferentes

424 806 455 859 5
492 820 559 873 et
600 804 819 874 brevis
868 830 1099 876 cursus
1140 819 1481 900 optentur.
1512 807 1801 894 Mirum,
1839 808 2097 896 Caesar,
2133 808 2476 877 videretur
2497 862 2516 893 ‚
2565 810 2624 878 si

491 913 785 984 desidem
830 916 1191 1011 AEgyptum
1248 930 1748 1011 cessantemque
1819 916 2052 988 Nilum
2121 942 2262 986 non
2303 920 2626 989 ’sensisset

490 1025 697 1095 Urbis
724 1049 989 1095 annona
1014 1052 1029 1094 ε
1054 1050 1202 1119 qnae
1231 1026 1363 1095 tuis
1397 1026 1672 1121 opibus,
1717 1042 1834 1097 tua
1869 1052 2027 1098 cura
2073 1052 2288 1122 usque
2325 1027 2484 1099 illuc
2519 1056 2622 1100 re-

490 1133 854 1219 dundavit,
886 1148 964 1204 ut
998 1134 1195 1203 simul
1226 1136 1628 1229 probaretur
1652 1192 1670 1225 ‚
1721 1153 1789 1207 et
1815 1163 1938 1207 nos
1964 1140 2249 1233 AEgypto
2288 1164 2518 1234 posse,
2554 1155 2623 1210 et

422 1246 455 1297 6
490 1242 685 1312 nobis
720 1240 1079 1338 AEgyptum
1116 1268 1344 1313 carere
1379 1271 1518 1314 non
1555 1272 1766 1341 posse.
1809 1250 2054 1318 Actum
2091 1263 2236 1318 erat
2265 1249 2348 1319 de
2374 1250 2620 1320 foecun-

335 1444 345 1456 .
374 1415 377 1417 ,
488 1351 755 1421 dissima
779 1367 999 1447 gente,
1030 1354 1084 1422 si
1112 1352 1321 1424 libera
1336 1352 1600 1425 finisset:
1627 1358 1924 1453 pudebat
1937 1358 2301 1431 sterilitatis
2318 1361 2619 1450 insolitae,

376 1484 384 1493 ·
490 1488 614 1532 nec
650 1464 873 1533 minus
922 1464 1351 1535 erubescebat
1394 1466 1569 1536 fame
1590 1519 1609 1552 ‚
1645 1492 1847 1562 quam
1891 1470 2369 1563 torquebaturr,
2415 1496 2618 1565 quum

490 1575 743 1667 pariter
776 1600 814 1642 a
841 1590 907 1643 te
938 1576 1440 1645 necessitatibus
1469 1578 1613 1671 ejus
1643 1576 2016 1671 pudorique
2049 1578 2454 1648 subventum
2485 1595 2618 1648 est:

424 1740 431 1748 .
490 1686 846 1780 stupebant
888 1684 1195 1780 agricolae
1244 1685 1445 1781 plena
1480 1688 1720 1756 horrea
1740 1741 1760 1771 ‚
1801 1712 1948 1782 quae
1985 1712 2122 1757 non
2165 1690 2293 1783 ipsi
2331 1689 2618 1758 refersis-

490 1810 639 1864 sent
666 1848 686 1882 ,
730 1795 1103 1891 quibusque
1146 1796 1231 1865 de
1270 1797 1524 1892 campis
1573 1796 1683 1865 illa
1730 1797 2046 1867 subvecta
2085 1800 2316 1868 messis
2342 1852 2363 1886 ‚
2402 1822 2620 1893 quave

406 1936 431 1959 ι
492 1908 560 1974 in
591 1909 855 2001 AEgypti
894 1922 1085 2002 parte
1130 1907 1299 1978 alius
1338 1908 1572 1978 amniS.
1603 1912 1704 1977 Ita
1745 1908 2070 1978 beneficio
2119 1925 2238 1979 tuo
2259 1964 2280 1998 ,
2317 1934 2444 1979 nec
2477 1935 2618 1979 ma-

490 2014 673 2110 ligna
708 2015 904 2086 tellus
925 2069 946 2103 ‚
975 2031 1044 2086 et
1060 2017 1454 2119 ‚obsequens
1478 2017 1676 2089 Nilus
1711 2044 1727 2086 τ
1760 2021 2048 2115 AEgypto
2087 2021 2362 2115 quidem
2399 2046 2570 2116 saepe
2599 2074 2618 2110 ,

492 2124 617 2195 sed
648 2124 879 2221 gloriae
906 2142 1147 2197 nostrae
1174 2115 1522 2223 nunquem
1554 2126 1806 2223 largior
1841 2128 2050 2197 fluxit.

558 2383 613 2440 4.
638 2380 1015 2446 Ventiferentes.
1037 2379 1232 2450 virgil.
1248 2383 1369 2432 AEn.
1390 2379 1505 2444 111,

490 2452 610 2524 473.
632 2459 795 2506 time
806 2471 957 2509 mmo
969 2477 1111 2509 mom
1121 2477 1184 2508 ne
1194 2461 1502 2527 quaſsu-enti.

486 2540 791 2592 Graeoorum
804 2539 981 2609 ἄνεμος
999 2541 1157 2611 φοράς.
1174 2537 1508 2592 vid.Wesse·

486 2615 615 2688 ling.
638 2616 708 2670 ad
721 2614 879 2669 Diod.
898 2615 1003 2669 sie.
1022 2629 1061 2668 t.
1082 2617 1111 2668 Ι
1130 2657 1144 2681 ,
1166 2635 1222 2687 p.
1242 2617 1434 2672 685.s.

560 2698 612 2750 5.
633 2700 838 2748 Mirum.
862 2699 1147 2747 wider-etur.
1173 2695 1333 2750 Conf.
1344 2715 1504 2769 supra

486 2775 565 2828 lx
582 2813 599 2838 ,
622 2782 685 2839 43
708 2775 769 2828 it.
792 2776 880 2840 31,
901 2779 953 2827 6.
974 2775 1502 2847 Argumentum-ita,

485 2854 622 2908 Mira
632 2865 683 2907 et
693 2853 940 2908 laudibus
949 2854 1141 2908 nostris
1150 2854 1314 2927 digna
1322 2856 1508 2912 fuisset

486 2934 812 3006 providentia
842 2946 931 2988 tua
948 2974 965 2997 ‚
998 2936 1041 2987 si
1070 2936 1394 2990 sterilitatem
1413 2939 1506 2989 AE-

486 3013 632 3086 gypti
644 3052 661 3078 ,
672 3014 1029 3068 emansionem
1038 3016 1137 3085 (sit
1152 3015 1305 3069 venia
1321 3017 1506 3087 verbo)

485 3089 665 3148 classis
694 3093 1059 3148 Alexandr-ime
1084 3137 1101 3162 ,
1126 3115 1237 3150 non
1261 3096 1506 3150 sensisset

488 3191 699 3228 annona
716 3174 891 3227 Urbis
912 3193 929 3238 ;
970 3176 1013 3226 si
1046 3193 1154 3228 non
1192 3188 1346 3230 aneta
1368 3189 1504 3230 esset

488 3252 612 3307 inde
628 3253 765 3308 illius
782 3253 1001 3308 caritas:
1018 3271 1135 3326 quae
1153 3271 1365 3309 annona
1378 3273 1503 3308 oon-

488 3345 569 3386 tra
577 3353 764 3405 ea,per
772 3332 1505 3406 tuamprovidentiamfimtu·

486 3415 622 3467 vasis
638 3415 784 3486 pleni
798 3413 1116 3468 redundavit
1129 3427 1181 3466 et
1197 3412 1506 3484 superfluxit

489 3511 657 3564 usque
680 3493 738 3546 in
766 3497 1068 3567 AEgyptum.
1096 3494 1231 3548 Satis
1260 3505 1369 3546 erat
1396 3495 1501 3546 Ro-

488 3591 630 3624 mam
656 3591 833 3627 oarere
857 3593 1010 3645 posse
1036 3576 1263 3646 AEgypto
1288 3591 1303 3625 τ
1332 3571 1502 3628 eidem

488 3649 556 3702 de
576 3669 675 3705 suo
692 3652 960 3725 impertiit.
974 3655 1043 3707 G.

561 3730 685 3798 6.fS1·
700 3734 852 3782 libera
854 3735 1055 3802 ficisset.
1063 3732 1117 3786 Si
1134 3751 1243 3786 non
1264 3731 1502 3804 subjecta

489 3807 669 3861 fuisset
696 3809 919 3880 imperio
937 3813 1089 3864 Rom.
1114 3809 1353 3884 adeoque
1374 3829 1498 3883 pro-

486 3885 718 3941 videntia
740 3899 792 3941 et
816 3907 945 3942 curn
968 3889 1151 3962 optimi
1174 3889 1504 3961 imperatoris

490 3966 758 4020 caruisset.
782 3967 845 4020 E.

558 4073 629 4084 ·--
649 4050 925 4115 Quibusque
942 4051 1005 4097 de
1029 4054 1233 4115 campis.
1249 4051 1502 4120 Repeten-

489 4122 617 4176 dum
652 4135 729 4176 est
760 4129 1019 4192 stupebam
1039 4163 1057 4188 ,
1091 4126 1193 4179 hoc
1236 4139 1313 4180 est
1336 4165 1353 4194 ,
1382 4145 1504 4185 cum

1595 2391 1808 2452 stupore
1833 2380 2166 2434 mirabantur
2181 2417 2197 2443 ‚
2211 2391 2266 2434 et
2293 2382 2624 2446 nesciebant,

1596 2462 1768 2528 quibus
1791 2463 1844 2512 d.
1867 2479 1912 2512 ι’.
1938 2497 1955 2524 ,
1977 2471 2076 2513 etc.
2103 2461 2167 2513 E.
2189 2464 2420 2512 -Alae‘us
2441 2465 2616 2513 amnis.

1595 2537 1704 2604 Qui
1739 2539 2057 2593 fertilitatem
2085 2539 2394 2593 induxisset.
2427 2539 2620 2592 Mirum

1595 2618 1907 2672 suavitatem
1923 2619 2084 2673 hebet
2099 2619 2190 2673 hic
2203 2618 2352 2673 locus
2369 2637 2435 2671 ex
2447 2619 2620 2671 obser-

1593 2709 1716 2751 vato
1760 2702 1885 2758 ἤθει.
1908 2698 2144 2771 AEgyptii
2173 2717 2285 2751 non
2315 2716 2346 2750 a
2383 2696 2578 2768 pluviis
2601 2735 2617 2760 ‚

1593 2778 1686 2831 sed
1725 2779 1796 2831 ab
1825 2796 1982 2833 amne
2019 2787 2298 2850 expectant
2335 2777 2618 2829 humorem

1593 2859 1903 2922 satis3unnm
1915 2857 2075 2910 modo
2087 2857 2368 2910 fertilitatis
2377 2873 2619 2909 caussam

1589 2948 1809 2990 norunt.
1843 2937 1969 2989 Haec
2001 2947 2254 2990 venustas
2285 2935 2504 3008 perierit
2521 2976 2538 3001 ,
2576 2935 2618 2987 si

1567 3021 1570 3026 ’
1589 3018 1686 3072 tihi
1699 3015 2012 3090 persuaderi
2035 3035 2068 3067 a
2086 3016 2268 3087 Lipsio
2285 3015 2492 3086 patiare
2510 3051 2527 3079 ,
2543 3014 2620 3066 le-

1589 3095 1822 3169 gendum
1847 3095 2024 3170 potius
2051 3099 2180 3148 alius
2198 3115 2358 3146 annus
2383 3133 2400 3158 ,
2420 3093 2481 3148 id
2506 3103 2582 3147 est
2599 3131 2617 3158 ,

1588 3188 1877 3248 proventus
1898 3213 1914 3240 ,
1959 3175 2161 3228 messis.
2202 3175 2272 3226 Et
2307 3173 2620 3246 persuaderi

1591 3254 1693 3307 sihi
1724 3271 1912 3325 passus
1950 3265 2027 3307 est
2050 3290 2066 3315 ,
2095 3253 2152 3306 in
2181 3252 2414 3326 paritate
2457 3271 2619 3324 prope

1589 3344 1866 3386 auctorum
1892 3333 2226 3386 Arutzenius.
2258 3331 2329 3384 G.

1659 3443 1730 3452 —-·
1775 3417 2049 3480 Obsequent-
2093 3415 2255 3464 Nilus.
2300 3411 2368 3464 In
2411 3422 2618 3463 tantum

1589 3502 1730 3546 certe
1746 3529 1762 3555 ,
1779 3505 1842 3544 ut
1867 3490 2086 3544 allatum
2105 3490 2272 3544 classe
2289 3490 2618 3543 frumentum

1588 3570 1816 3625 adverso
1841 3589 1998 3624 amne
2033 3569 2102 3622 ad
2130 3569 2382 3622 interiore
2407 3567 2620 3640 AEgypti

1587 3649 1902 3722 perferatur.
1957 3649 2454 3722 Inter-punctionem
2504 3658 2620 3718 post

1589 3734 1732 3783 Nilus
1789 3729 2002 3782 sustulit
2047 3729 2391 3784 schwartius.
2439 3726 2510 3780 G.
2547 3755 2618 3766 --

1587 3809 1941 3865 Schwarzium
1951 3821 2204 3881 sequutus
2221 3819 2300 3861 est
2315 3807 2582 3878 Gierigius
2597 3842 2613 3868 ,

1587 3889 1680 3960 qui
1698 3886 1893 3941 edidit:
1910 3904 1962 3940 et
1971 3893 2234 3957 obsequens
2246 3891 2614 3954 NilusAEgnoto

1589 3971 1785 4036 quidem
1803 3989 1932 4037 saepae
1949 4007 1966 4030 ‚
1989 3981 2091 4022 etc.
2116 3969 2222 4021 hoe
2240 3985 2400 4020 sensu
2423 3984 2438 4018 ε
2462 3965 2614 4017 hene·

1591 4048 1714 4100 ficio
1725 4059 1818 4101 tuo
1832 4049 2065 4118 primum
2082 4066 2190 4101 non
2205 4047 2443 4116 maligna
2461 4043 2610 4096 tellus

1586 4127 1684 4180 fuit
1708 4164 1723 4190 ,
1751 4125 1941 4180 deinde
1967 4127 2120 4180 Nilus
2151 4131 2417 4194 obsequens
2439 4163 2455 4188 ,
2479 4123 2610 4180 votis
