2857 4690
505 389 642 436 202
1137 369 1216 436 C.
1265 369 1617 440 PLINII
1664 368 1857 438 LIB.
1912 371 2003 438 X.

1355 739 1761 856 XCIX.

689 991 912 1068 Quaerit
942 991 1017 1052 de
1045 992 1405 1074 contegenda
1436 993 1939 1052 Amastrianorum
1968 993 2243 1071 pestifera
2270 1013 2438 1071 aqua.

940 1201 1001 1247 C·
1051 1199 1408 1248 PLINIUS
1452 1199 1853 1246 TRAIANO
1906 1197 2084 1245 nn».
2136 1200 2191 1245 S.

586 1383 1228 1451 Amas-rnnnomm
1258 1381 1521 1464 civitas,
1542 1381 1835 1449 Domine
1851 1433 1870 1468 ,
1890 1394 1959 1449 et
1986 1379 2253 1476 elegans
2278 1395 2347 1449 et
2365 1395 2635 1462 ornata,

489 1489 693 1559 habet
733 1490 912 1558 inter
957 1492 1295 1586 praecipua
1346 1515 1551 1584 opera
1603 1489 2154 1585 pulcherrimam,
2193 1489 2637 1585 eamdemque

487 1598 950 1696 longissimam
971 1654 990 1688 ‚
1025 1601 1316 1695 plateam
1348 1628 1362 1669 :
1405 1601 1599 1694 cujus
1634 1625 1673 1670 a
1710 1599 1917 1671 latere
1960 1627 2081 1696 per
2108 1603 2400 1695 spatium
2428 1626 2637 1670 omne

486 1712 859 1808 porrigitur
899 1713 1173 1782 nomine
1209 1711 1481 1806 quidem
1524 1711 1811 1800 flumen,
1848 1725 1928 1780 ‘re
1964 1735 2123 1779 vero
2147 1709 2373 1780 cloaca
2408 1709 2633 1780 foedis-

487 1821 698 1891 sima:
743 1847 892 1917 quae
939 1824 1109 1892 sicut
1150 1825 1366 1917 turpis
1420 1836 1488 1891 et
1542 1820 2072 1890 immundissima
2124 1819 2485 1914 adspectu,
2536 1821 2637 1888 ita

419 1951 449 1984 ²
487 1931 797 2025 pestilens
825 1947 928 2001 est
957 1932 1164 2002 odore
1201 1933 1571 2004 teterrimo.
1608 1930 1873 2020 Quibus
1900 1954 1982 1998 ex
2018 1931 2297 2016 caussis,
2328 1954 2471 1998 non
2506 1929 2633 1996 mi-

485 2067 614 2111 nus
636 2041 1046 2112 salubritatis
1073 2067 1275 2138 quam
1300 2042 1559 2112 decoris
1590 2044 1894 2127 interest,
1922 2065 2069 2109 eam
2099 2041 2362 2134 contegi
2396 2067 2412 2108 ε
2445 2039 2633 2134 quod

483 2151 645 2240 flet,
717 2153 771 2221 si
825 2153 1237 2247 permiseris,
1276 2152 1666 2222 curantibus
1708 2152 1934 2238 nobis,
2002 2176 2087 2220 ne
2143 2150 2313 2220 desit
2355 2174 2635 2245 quoque

485 2263 767 2357 pecunia
813 2263 1001 2357 operi
1042 2277 1179 2331 tam
1215 2285 1497 2357 magne,
1530 2287 1734 2357 quam
1770 2263 2162 2332 necessario.

553 2464 750 2519 XCIX.
787 2482 836 2515 r.
863 2468 1292 2515 Amastrianorum
1315 2468 1503 2517 civitas.
1600 2482 1751 2519 mum
1782 2464 1925 2519 dicta
1942 2507 1958 2532 ,
1986 2464 2353 2536 Paphlagonioe
2372 2482 2633 2519 annume-

484 2546 756 2605 Amastris,
789 2542 920 2597 olim
945 2544 1188 2597 Sesamus
1225 2554 1318 2597 aut
1347 2542 1503 2597 Sena·
1600 2558 1747 2599 ratur
1772 2564 1807 2599 a
1830 2544 2003 2599 Plinio
2030 2546 2143 2608 11,
2176 2562 2227 2599 a.
2255 2544 2357 2597 En.

1081 2786 1477 2809 mm

1502 2974 1601 3065 C.

1099 3223 1541 3272 TRAJANUS
1593 3224 1894 3272 PLtNIo
1944 3225 1995 3272 S.

577 3408 928 3475 Ram-roms
967 3417 1102 3491 est,
1149 3404 1244 3473 mi
1283 3404 1595 3475 Secunde·
1626 3394 1999 3487 carissime,
2042 3404 2312 3499 contegi
2368 3428 2623 3499 aquam

477 3517 706 3599 istam,
746 3536 893 3608 quae
917 3536 1039 3609 per
1069 3514 1406 3583 civitatem
1443 3515 2018 3583 Amastrianorum
2050 3514 2201 3582 fluit
2220 3567 2241 3602 ‚
2268 3515 2321 3583 si
2366 3515 2623 3584 intecta

475 3622 848 3695 salubritati
879 3623 1086 3695 obest.
1121 3626 1414 3697 Pecunia
1441 3650 1531 3696 ne
1564 3625 1724 3695 huic
1759 3627 1946 3719 operi
1973 3624 2175 3713 desit„
2211 3638 2621 3697 curaturum

479 3750 546 3805 te
581 3734 948 3807 secundum
989 3736 1404 3833 diligentiam
1446 3752 1631 3805 tuam
1652 3790 1671 3825 ‚
1704 3751 1967 3807 certum
1999 3736 2237 3807 habeo.

1309 3965 1782 3993 *—
