2857 4690
797 406 1330 476 EPISTOLA
1379 408 1605 476 xm.
2174 414 2264 512 67

111 532 252 624 quis
285 529 412 613 sit,
449 528 578 597 sed
606 552 820 623 quam
849 530 1452 615 caussam-habeat.
1476 559 1511 595 n
1539 534 1885 601 Cornutus
1918 560 1932 601 :
1968 538 2267 608 «Datum
2312 564 2375 613 16

111 668 178 711 se
213 667 258 711 a
291 638 702 711 oonsulibus
741 654 1034 710 tutorem
1075 639 1366 710 Helvidii
1409 640 1597 727 filiae,
1636 644 2020 737 petentibus
2058 664 2271 719 matre

113 756 256 847 ejus
289 768 358 821 et
385 753 642 821 vitrico
672 775 898 820 :nunc
926 776 1194 845 quoque
1219 776 1358 820 non
1384 752 1712 823 sustinere
1735 754 2037 827 deserere
2064 757 2272 829 officii

117 866 218 935 sui
245 878 518 958 partes;
543 865 618 931 in
647 888 786 957 quo
811 878 1036 931 tamen
1053 914 1074 947 ,
1099 876 1166 931 et
1191 887 1313 931 suo
1343 861 1561 933 dolori
1590 864 1862 934 modum
1888 866 2271 962 imponere,

117 992 184 1045 et
219 978 650 1071 optimarum
697 974 1099 1043 feminarum
1137 972 1431 1069 perferre
1474 974 2035 1045 modestissimum
2088 979 2271 1051 adse»-

121 1102 356 1155 ctum:
395 1110 570 1179 quas
623 1084 975 1155 contentas
1023 1108 1194 1169 esse,
1238 1084 1603 1155 admonere
1641 1101 1943 1155 senatum
1986 1089 2273 1159 Publicii

121 1198 308 1265 Certi
347 1209 648 1265 cruentae
681 1194 1122 1283 adulationiS,
1152 1210 1217 1263 et
1255 1210 1515 1288 petere,
1549 1196 1603 1264 si
1642 1221 1838 1291 poena
1872 1198 2107 1295 flagitii
2138 1226 2276 1270 ma-

125 1302 544 1375 nifestissimi
585 1302 1003 1388 remittatur,
1035 1319 1198 1374 nota
1233 1308 1441 1374 Certo
1479 1307 1669 1400 quasi
1708 1308 2007 1377 censoria
2044 1311 2273 1379 inura-

127 1432 306 1486 tur.»
359 1419 548 1485 Tum
593 1417 856 1485 Satrius
903 1415 1122 1485 Rufus
1167 1415 1388 1484 medio
1442 1417 1894 1513 ambiguoque
1938 1444 2276 1513 sermone;

127 1532 396 1613 «Puto,
451 1528 718 1622 inquit,
757 1528 1070 1621 injuriam
1117 1524 1360 1595 factam
1407 1526 1713 1613 Publicio
1764 1532 2001 1615 Certo,
2038 1533 2091 1599 si
2137 1558 2276 1603 non

131 1636 508 1733 absolvitur
557 1663 572 1705 :
623 1637 1006 1705 nominatus
1061 1648 1158 1705 est
1210 1636 1295 1704 ab
1346 1638 1578 1705 amicis
1618 1639 1828 1707 Arriae
1869 1654 1934 1707 et
1975 1642 2277 1731 Fanniae,

133 1750 523 1816 nominatus
567 1746 654 1813 ab
697 1747 928 1815 amicis
977 1748 1160 1816 suis:
1215 1771 1338 1815 nec
1392 1746 1710 1815 debemus
1767 1748 2031 1819 solliciti
2073 1777 2212 1821 esse
2258 1778 2273 1822 ε

135 1857 304 1925 idem
333 1858 522 1925 enim
554 1880 716 1941 nos,
746 1857 863 1949 qui
893 1856 1062 1924 bene
1095 1856 1414 1925 sentimus
1445 1856 1531 1923 de
1560 1854 1837 1926 homine
1859 1912 1876 1944 ,
1908 1860 2277 1951 judicaturi

135 1994 362 2036 sumus
403 1992 420 2035 :
465 1967 523 2035 si
562 1966 886 2034 innocens
928 1982 1060 2052 est,
1087 1967 1285 2035 sicuti
1322 1982 1387 2034 et
1427 1991 1661 2061 spem,
1695 1982 1764 2035 et
1798 1968 1975 2037 malo
2004 2025 2021 2055 ,
2064 1970 2279 2043 donec

135 2076 386 2172 aliquid
413 2076 771 2171 probetur,
803 2076 1023 2164 credo,
1053 2076 1359 2171 poteritis
1389 2075 1797 2145 absolvere.»
1814 2080 1973 2148 Haec
2000 2077 2113 2168 illi,
2144 2108 2278 2177 quo

133 2192 418 2285 quisque
481 2186 720 2255 ordine
779 2186 1180 2255 citabantur,
1211 2187 1503 2257 Venitur
1557 2185 1637 2254 ad
1694 2212 1802 2255 me·
1844 2213 1857 2255 :
1896 2214 2277 2285 consurgo:

137 2315 288 2369 utor
315 2300 558 2384 initio,
598 2296 780 2393 quod
817 2300 884 2366 in
913 2298 1085 2367 libro
1114 2312 1210 2366 est
1247 2324 1261 2367 :
1293 2297 1663 2393 respondeo
1696 2298 1993 2396 singulis.
2022 2296 2279 2372 Mirum

137 2437 266 2506 qua
291 2412 716 2496 intentione,
753 2409 992 2503 quibus
1020 2409 1422 2478 clamoribus
1460 2411 1685 2478 omnia
1722 2413 2134 2504 exceperint,
2161 2414 2279 2508 qui

137 2522 338 2590 modo
377 2520 855 2589 reclamabant.
897 2521 1117 2589 Tanta
1155 2521 1505 2588 conversio
1544 2521 1647 2589 vel
1696 2523 1945 2616 negotii
1982 2524 2281 2620 dignita-

141 2649 308 2720 tem,
351 2630 454 2700 vel
506 2645 910 2725 proventum
965 2631 1328 2713 orationis,
1372 2629 1489 2697 vel'
1536 2633 1782 2702 actoris
1836 2637 2281 2704 constantiam

143 2745 556 2838 subsequuta
585 2755 704 2810 est.
739 2741 954 2810 Finio.
996 2741 1244 2834 Incipit
1281 2740 1686 2832 respondere
1705 2743 1993 2811 Veiento
2026 2768 2041 2810 :
2082 2769 2283 2813 nemo

145 2853 901 2948 patiturzobturbatur‚
945 2852 1396 2945 obstrepitur3
1435 2849 1602 2948 adeo
1640 2852 1949 2947 quidem,
1991 2867 2066 2922 ut
2106 2853 2283 2924 dice-

147 2981 240 3034 ret
271 2994 286 3034 ε
319 2969 575 3059 «Rogo
595 3017 614 3050 ,
652 2966 882 3034 Patres
913 2967 992 3034 C.
1023 2987 1110 3032 ne
1135 2987 1244 3032 me
1279 2962 1535 3056 cogatis
1567 2961 1928 3057 implorare
1962 2963 2283 3034 auxilium

149 3181 318 3220 antem
352 3169 598 3218 Ter-usum
624 3165 826 3236 collega
844 3165 942 3216 fuit
967 3165 1024 3216 in
1051 3180 1172 3216 con·

151 3247 318 3299 uhtu
345 3244 506 3298 Plinii
531 3263 544 3296 :
571 3242 681 3295 vid.
697 3243 894 3313 Paneg.
920 3259 1037 3313 cap.
1055 3241 1174 3304 XC,

223 3423 302 3474 ¹7·
327 3411 552 3456 Putem.
575 3404 826 3470 injuriam.
843 3400 1044 3452 Mirum
1062 3417 1172 3452 non

151 3495 255 3548 en,
289 3483 338 3537 si
373 3481 716 3536 obscuritatis
747 3477 950 3552 aliquid
980 3479 1174 3532 habeat

155 3565 254 3618 hnc
271 3565 452 3616 oratio
467 3561 648 3626 savii,
663 3577 834 3633 quum
851 3560 964 3631 ipse
979 3560 1176 3614 Secun-

155 3642 248 3696 dm
265 3645 556 3713 oeh'guan
575 3639 824 3712 appellet.
845 3639 1176 3693 conabimur

155 3741 262 3775 em
285 3720 696 3795 explicatior-em
723 3717 962 3771 reddere.
992 3719 1176 3783 Quum

157 3805 450 3857 muham·
487 3801 558 3854 sit
585 3800 782 3864 Certus
811 3815 922 3850 non
959 3795 1175 3869 quidem

161 3879 556 3950 nPiinio(vid.
599 3880 792 3948 513),
833 3876 1028 3929 sedab
1061 3875 1178 3929 aliis

161 3957 978 4026 {tumisAn-iaeetf'anniae,
997 3955 1180 4011 adver-

161 4043 428 4106 arim,
445 4054 570 4094 tum
589 4037 735 4102 suin
755 4053 854 4088 nee
869 4047 1046 4088 tamen
1057 4054 1181 4114 pro-

159 4121 326 4176 hatum
361 4119 712 4196 quidquam,
745 4115 958 4188 injuria.
973 4115 1049 4168 ini
1079 4116 1179 4181 sit,

163 4203 248 4256 ²56·
235 4203 598 4259 {beabitur-z
635 4197 806 4250 haret
825 4193 963 4248 enim
981 4195 1182 4250 crimen

1267 3181 1376 3216 non
1395 3163 1699 3234 probatum.
1720 3164 1861 3236 Ergo
1884 3165 2095 3218 interim
2120 3167 2290 3221 absol-

1267 3240 1470 3295 vendus
1500 3241 1726 3294 videtur.
1762 3245 1871 3296 Nec
1904 3244 2157 3299 debemus
2190 3265 2288 3298 nos

1267 3333 1535 3376 senatores
1555 3321 1761 3375 solliciti
1778 3339 1889 3374 esse
1902 3361 1918 3386 ‚
1940 3341 2007 3375 ne
2026 3322 2185 3375 semel
2203 3325 2290 3376 ab·

1267 3402 1503 3465 solutus,
1533 3402 1573 3454 si
1596 3403 1735 3454 forte
1761 3419 1959 3454 nocens
1980 3402 2043 3454 sit
2058 3439 2073 3464 ,
2098 3401 2292 3456 deinde

1269 3479 1513 3533 damnari
1552 3499 1661 3532 non
1698 3481 1881 3552 possit.
1918 3481 2033 3533 Hoc
2072 3482 2213 3532 enim
2248 3483 2292 3536 si

1269 3572 1555 3632 appareat,
1586 3577 1683 3612 nos
1701 3597 1716 3624 ‚
1748 3559 1840 3631 qui
1874 3558 2009 3612 bene
2043 3559 2113 3612 de
2130 3561 2291 3614 Certo

1269 3639 1558 3702 sentimus,
1600 3637 1739 3690 idem
1772 3637 1841 3690 de
1878 3637 1973 3689 illo
2001 3638 2293 3711 judicaturi

1273 3735 1477 3782 sumus,
1496 3715 1641 3788 quod
1660 3717 1727 3780 ii,
1746 3717 1839 3788 qui
1856 3729 2139 3772 nocentem
2158 3721 2293 3774 arhi-

1271 3807 1503 3860 trnntur,
1526 3809 1626 3848 eto.
1654 3795 1723 3848 G.

1351 3895 1374 3928 1
1382 3895 1437 3946 9.
1450 3879 1711 3928 Auxilium
1723 3879 2039 3928 tribunorum.
2050 3879 2297 3944 Quorum

1275 3957 1384 4010 vim
1417 3956 1755 4008 meminimus
1790 3971 2146 4028 comparatam
2184 3977 2295 4014 esse

1275 4033 1346 4090 ad
1373 4053 1529 4088 suum
1556 4034 1748 4106 cuique
1774 4036 1969 4089 civium
1999 4039 2087 4108 jus
2114 4051 2297 4092 contra

1279 4114 1384 4169 vim
1415 4115 1663 4186 injustam
1684 4155 1699 4180 ,
1734 4115 2137 4186 magistratuum
2168 4135 2295 4188 pre·

1280 4194 1459 4248 sertim
1480 4193 1819 4264 patriciorum
1834 4233 1852 4260 ,
1872 4194 2149 4248 tuendum.
2170 4197 2237 4250 G.

1921 4276 1993 4346 5.

1275 4490 1296 4520 Ι

2319 1463 2380 1517 ¹7

2324 2790 2387 2840 19
