2857 4690
549 363 686 460 370
1103 362 1180 429 c.
1233 358 1583 427 PLINII
1633 344 2102 420 SECUNDI

545 498 960 588 alienumque
989 507 1312 562 rectorem
1335 544 1352 575 ‚
1397 487 1579 561 velut
1612 500 1804 581 capta
1842 508 2013 553 nave
2035 534 2057 567 ‚
2088 496 2503 577 sequeretur.
2544 507 2679 551 nec

475 615 507 671 ⁴
547 604 961 673 deformitate
983 602 1108 670 ista
1130 598 1358 669 saltem
1393 597 1667 665 flumina
1694 592 2009 663 carebant
2032 604 2231 683 atque
2256 614 2504 659 amnes.
2530 591 2677 657 Da-

545 710 786 779 nubius
833 730 912 775 ac
957 707 1230 775 Rhenus
1276 718 1537 773 tantum
1579 698 1741 770 illud
1786 699 1996 767 nostri
2041 695 2380 767 dedecoris
2422 696 2679 765 vehere

545 814 954 910 gaudebant,
999 836 1136 881 non
1169 812 1424 879 minore
1466 832 1619 877 eum
1662 804 1917 900 pudore
1950 804 2207 897 imperii
2225 856 2246 888 ‚
2298 800 2478 895 quod
2529 801 2677 869 haec

545 925 862 991 Romanae
911 916 1140 1011 aquilae
1160 970 1179 1003 ‚
1215 919 1517 985 Romana
1558 915 1775 1006 signa,
1813 912 2113 979 Romana
2158 908 2443 1001 denique
2491 908 2677 1001 ripa,

481 1040 510 1092 ⁵
549 1052 745 1121 quam
771 1022 949 1119 quod
976 1023 1262 1093 hostium
1285 1032 1819 1117 prospectat-ent:
1846 1016 2135 1087 hostium
2149 1067 2170 1100 ‚
2200 1014 2442 1109 quibus
2462 1014 2675 1083 moris

495 1126 507 1143 ‘
549 1148 688 1218 est,
729 1131 958 1200 eadem
999 1127 1106 1198 illa
1163 1152 1341 1197 nunc
1395 1127 1674 1221 rigentia
1712 1121 1865 1217 gelu
1912 1122 2221 1207 flumina,
2268 1135 2386 1189 aut
2422 1120 2675 1213 campis

551 1237 918 1332 superflua,
962 1259 1138 1303 nunc
1185 1232 1430 1327 liquida
1474 1256 1553 1302 ac
1596 1229 1995 1311 deferentia,
2039 1226 2317 1296 lustrare
2358 1227 2637 1320 navigiis
2656 1282 2675 1313 ‚

482 1358 515 1406 6
553 1343 899 1437 nandoque
935 1364 1262 1434 superare.
1306 1340 1449 1408 Nec
1487 1362 1647 1407 vero
1683 1333 2085 1404 laudaverim
2122 1356 2241 1425 per
2282 1358 2351 1401 se
2390 1354 2672 1425 magno-

551 1474 709 1543 pere
751 1447 1054 1517 duritiem
1097 1446 1393 1540 corporis
1434 1467 1512 1513 ac
1554 1442 1992 1513 lacertorum:
2022 1437 2139 1507 sed
2174 1439 2226 1507 si
2260 1438 2368 1506 his
2400 1436 2673 1505 validior

553 1569 696 1624 toto
741 1576 1020 1649 corpore
1069 1554 1326 1620 animus
1386 1551 1722 1643 imperitet
1740 1601 1760 1636 ,
1802 1571 2001 1641 quem
2056 1568 2193 1613 non
2231 1544 2517 1613 fortunae
2570 1546 2673 1613 in—

553 1659 902 1755 dulgentiae
925 1657 1224 1727 molliant
1241 1712 1259 1744 ‚
1285 1681 1420 1725 non
1452 1658 1657 1750 copiae
1692 1649 2087 1749 principales
2110 1649 2193 1719 ad
2222 1652 2567 1745 segnitiem
2592 1650 2677 1719 lu-

554 1790 843 1859 xumque
885 1764 1361 1858 detorqueant3
1393 1776 1554 1831 tunc
1590 1786 1715 1855 ego
1730 1810 1761 1849 Φ,
1790 1782 1907 1829 seu
1942 1756 2279 1826 montibus
2303 1810 2324 1843 ‚
2357 1782 2477 1827 seu
2514 1758 2671 1825 mari

557 1886 957 1959 exerceatur,
985 1885 1051 1939 et
1081 1869 1302 1939 laetum
1333 1893 1535 1963 opere
1568 1890 1843 1961 corpus»,
1868 1879 1937 1933 et
1962 1864 2317 1933 crescentia
2344 1862 2675 1932 laboribus

487 2004 519 2059 7
559 1978 852 2047 membra
887 1976 1194 2046 mirabor.
1225 1964 1439 2044 Video
1474 1975 1681 2060 enim,
1707 1973 1845 2065 jam
1874 1970 2027 2039 inde
2056 1970 2452 2063 antiquum,
2486 1971 2673 2039 mari·

559 2100 660 2153 tos
700 2083 968 2152 dearum
991 2136 1008 2165 ,
1045 2106 1122 2150 ac
1164 2082 1440 2149 deorum
1473 2078 1711 2148 liberos
1736 2131 1755 2165 ,
1792 2102 1915 2145 nec
1951 2077 2267 2171 dignitate
2296 2078 2671 2170 nuptiarum

628 2306 680 2363 4.
707 2299 1019 2349 Gaudebam.
1033 2295 1244 2348 Inimici
1253 2312 1445 2366 nempe
1458 2310 1573 2347 am-

559 2397 650 2432 nes
664 2416 679 2442 ,
709 2376 966 2430 dedecore
991 2387 1171 2428 nostro
1201 2374 1304 2426 laeti
1317 2413 1334 2435 ‚
1374 2373 1577 2444 poetica

561 2455 876 2526 metonymia
898 2473 994 2525 pro
1015 2454 1226 2506 accolis.
1253 2454 1455 2506 Contra
1480 2469 1577 2522 pu·

559 2533 676 2586 duit
683 2535 943 2584 Romanos
955 2531 1076 2583 talin
1091 2531 1206 2583 fieri
1227 2531 1282 2583 in
1294 2542 1578 2600 conspectu

559 2613 686 2664 hinc
716 2611 948 2662 hostium
970 2647 986 2672 ,
1012 2611 1140 2662 hinc
1179 2610 1262 2661 sui
1303 2609 1575 2662 exercitus.

561 2687 835 2742 Genitivus
872 2691 1084 2740 hostium
1121 2700 1266 2744 retro
1287 2699 1485 2759 spectat
1511 2688 1581 2742 ad

561 2772 702 2836 signa
723 2778 775 2818 et
791 2769 968 2835 ripam.
987 2765 1262 2821 Gudianus
1287 2768 1420 2820 liber
1438 2766 1581 2838 apud

562 2847 912 2902 Schwarzium
935 2883 950 2908 ,
976 2848 1070 2919 qui
1092 2848 1300 2920 supplet
1321 2850 1394 2900 ita
1410 2885 1425 2910 ,
1448 2850 1587 2916 quod

565 2929 772 2978 hostium
791 2929 1032 2978 exercitus
1039 2942 1376 2995 prospectaret
1385 2966 1402 2989 ,
1423 2927 1583 2980 inter·

563 3005 771 3076 polutus
795 3004 1025 3058 videtur.
1062 3005 1130 3059 G.
1158 3037 1230 3046 --
1261 3011 1422 3073 Quam
1451 3009 1588 3074 quod

565 3087 772 3136 hostium
781 3099 1168 3152 pras-peccarem.
1195 3089 1420 3136 Hostiam
1438 3123 1452 3148 ,
1481 3097 1583 3138 etc.

565 3161 890 3234 Corrigenda
906 3175 982 3214 est
999 3164 1346 3234 interpunctio
1361 3163 1426 3216 ed
1436 3205 1447 3216 .
1460 3163 1587 3216 Ges·

567 3244 682 3297 neri
702 3243 778 3296 sic
804 3260 817 3294 :
837 3243 1046 3294 boscium
1061 3257 1461 3309 prospectat-ent.-
1496 3231 1585 3293 lio-

567 3326 712 3374 stium
731 3343 750 3374 .·
775 3333 876 3375 etc.
895 3321 1320 3376 sicschwarzius
1341 3335 1482 3376 recte
1497 3359 1513 3384 ,
1528 3331 1587 3373 ut

571 3401 694 3455 edd.
723 3414 854 3456 vett.
874 3401 1011 3453 Eme.

643 3482 690 3534 5.
719 3483 930 3550 liquida
959 3499 1022 3530 ac
1055 3480 1344 3548 defit-entia.
1375 3479 1589 3545 Liquido

569 3571 909 3632 opponuntur
925 3561 1186 3627 rigentibus
1209 3561 1322 3626 gelu
1331 3579 1352 3618 ;
1371 3560 1590 3625 deseren-

573 3643 646 3692 tia
675 3640 788 3702 his,
812 3655 928 3712 quae
953 3648 1075 3690 sunt
1093 3640 1276 3705 campis
1305 3639 1552 3706 supefflua
1568 3673 1585 3696 ,

573 3735 672 3771 nec
694 3715 919 3788 ferendis
939 3728 1062 3788 apta
1090 3705 1332 3786 nu‘igiie.
1357 3717 1499 3766 Venti
1500 3716 1591 3783 fi-

571 3808 729 3846 'rentes
745 3807 870 3848 sunt
893 3795 1071 3848 XXXI
1090 3833 1107 3860 ‚
1127 3807 1180 3856 4.
1197 3798 1483 3847 Dosmntia
1496 3831 1513 3854 ,
1534 3791 1587 3845 id

577 3887 676 3937 ent,
696 3893 908 3946 campos
921 3915 935 3936 ,
959 3887 1047 3928 aut
1064 3879 1358 3945 defit-rencia
1377 3913 1392 3939 ,
1415 3875 1591 3945 conje-

575 3967 734 4008 cturoe
755 3973 860 4006 non
881 3955 1203 4007 necessaria.
1223 3955 1292 4007 G.
1309 3985 1377 3995 -
1397 3957 1591 4021 Campis·

575 4035 832 4102 superficsa
861 4051 986 4086 cum
1021 4032 1310 4086 Schwarzio
1330 4032 1591 4104 Gicrigius

577 4111 740 4164 edidit
762 4129 776 4163 :
804 4111 874 4163 ita
892 4110 1070 4182 plures
1095 4111 1211 4163 libri
1229 4113 1430 4183 scripti.
1452 4113 1516 4164 Ε.

1732 2293 1784 2343 6.
1812 2296 1932 2341 Toto
1964 2308 2184 2358 cor-pom,
2204 2288 2347 2343 lund
2368 2304 2474 2341 coco
2506 2291 2676 2343 neeric

1662 2389 1823 2442 quam
1862 2370 1967 2422 vim
1990 2407 2005 2434 ‚
2052 2387 2211 2441 quam
2246 2367 2561 2440 elegantiam
2592 2369 2677 2422 hic

1661 2449 1858 2504 habere
1900 2449 2099 2522 possit:
2144 2463 2287 2500 tanta
2323 2449 2369 2502 si
2405 2447 2639 2520 legamus
2658 2487 2673 2512 ‚

1664 2527 1865 2601 aliquid
1886 2527 2077 2581 dixisse
2106 2527 2335 2580 Plinium
2370 2547 2431 2581 se
2462 2529 2671 2601 dignum

1665 2607 1853 2660 aentiO.
1886 2607 1951 2660 G.
1982 2637 2054 2649 --
2084 2609 2409 2676 Indulgentiae
2444 2613 2673 2661 molliam.

1665 2689 1983 2756 Indulgentia
2014 2689 2209 2737 molliat
2240 2703 2363 2740 cum
2392 2687 2675 2742 Schwarrio

1668 2783 1728 2818 ex
1744 2765 1945 2837 aliquot
1964 2765 2170 2837 scriptis
2193 2763 2341 2818 libri·
2364 2765 2512 2819 dedit
2524 2767 2677 2820 Gieri·

1667 2846 1800 2918 gius.
1816 2845 1877 2896 E.
1906 2871 1980 2886 --
2000 2844 2223 2898 Fallitur
2244 2845 2507 2912 Gicrigius
2526 2847 2675 2919 hujus

1666 2925 1895 2979 nominis
1908 2924 2163 2996 pluralem
2178 2943 2465 2978 occurrere
2473 2945 2675 2997 negem.

1668 3005 1745 3057 Ex
1774 3004 2073 3075 Capitolino
2094 3015 2145 3056 et
2174 3004 2413 3058 Ausonio
2443 3005 2675 3059 Fon-celli-

1668 3101 1769 3136 nuc
1796 3083 2046 3135 enotavit.
2068 3084 2122 3137 S.

1739 3181 1793 3233 7.
1824 3165 2047 3214 Mat-iem.
2073 3162 2257 3216 Peleus
2274 3163 2489 3216 Achiuis
2506 3175 2645 3236 pater
2660 3201 2673 3225 ,

1670 3241 1911 3295 Thetidis
1924 3241 2166 3303 maritusz
2180 3243 2443 3313 Cephalus
2453 3245 2675 3306 Aurora}

1671 3319 1989 3395 Hippolytus
2018 3320 2213 3372 Dianae.
2244 3323 2349 3375 En.
2372 3353 2445 3364 —
2468 3327 2670 3374 Liberos.

1670 3399 1937 3453 Theseum
1964 3439 1980 3464 ,
2028 3401 2302 3454 Castorem
2321 3441 2338 3466 ,
2378 3403 2633 3456 Pollucem
2660 3443 2674 3463 ‚

1675 3479 1911 3550 aliosque
1934 3479 2130 3550 plures.
2152 3480 2254 3532 En.

1742 3589 1815 3600 —
1824 3559 2139 3626 Nuptias-mn.
2156 3559 2256 3612 Hic
2268 3559 2451 3613 deme
2466 3561 2671 3613 alterum

1674 3639 1967 3692 membrum
1988 3677 2003 3703 ,
2040 3638 2367 3712 respondens
2392 3643 2587 3692 deonna
2618 3645 2671 3691 11·-

1676 3721 1799 3768 beris
1812 3757 1827 3782 ‚
1854 3737 1907 3770 v.
1944 3737 1997 3788 g.
2034 3739 2124 3770 nec
2148 3721 2338 3788 generis
2352 3723 2634 3787 pne-nantia
2652 3757 2667 3779 ,

1675 3795 1757 3848 vel
1777 3795 1881 3848 tale
1904 3795 2162 3867 quiddam
2188 3839 2203 3864 ,
2226 3809 2369 3850 reete
2400 3797 2671 3870 suspicatur

1676 3875 1881 3944 Lipsius
1896 3913 1911 3938 ,
1939 3876 2033 3946 qui
2064 3877 2219 3929 etiam
2248 3876 2493 3930 obeervut
2507 3913 2523 3938 ,
2546 3875 2668 3948 quod

1677 3953 1731 4004 in
1752 3953 1987 4024 pluribus
2004 3953 2197 4008 libellis
2214 3967 2449 4008 veterum
2476 3954 2637 4009 videas
2656 3993 2669 4016 ‚

1676 4032 1774 4084 sub
1796 4031 1955 4086 finem
1976 4033 2164 4105 saepius
2176 4047 2480 4106 corruptum
2492 4035 2669 4106 aliquid

1676 4129 1805 4164 esse.
1847 4114 2076 4183 Apparet
2112 4112 2267 4166 etiam
2310 4112 2671 4168 Schwarziams
