2857 4690
944 372 1079 439 DE
1135 374 1209 440 c.
1268 375 1661 443 PLINIO.
1968 372 1975 379 ’
2202 380 2349 470 403

209 500 428 567 Luca
463 496 802 568 Holstenio
823 499 1142 595 vulgatis:
1175 505 1288 573 sed
1310 530 1507 600 quam
1525 507 1969 579 Theodericus
2000 514 2355 587 Ruinartus

207 605 284 671 in
323 605 524 673 Actis
564 603 818 675 selectis
847 609 1216 701 Martyrum
1235 664 1254 697 ,
1289 636 1439 706 pag.
1468 613 1567 707 89
1594 664 1615 696 ,
1643 638 1741 708 90
1768 668 1787 700 ,
1828 629 2083 686 tantum
2130 621 2314 692 abest
2337 678 2358 711 ,

205 724 290 777 ut
341 712 426 777 in
470 710 742 781 dubium
787 727 1020 799 vocet,
1073 730 1148 782 ut
1197 718 1551 815 contendat
1606 721 1941 814 egregium
1986 721 2161 791 illum
2216 751 2355 795 esse

203 812 460 883 locum
494 816 577 884 ad
607 817 1060 911 probandum,
1099 836 1397 891 mortuos
1436 848 1627 917 posse
1667 850 1706 894 a
1747 828 1955 920 poenis
1983 880 2003 914 ,
2036 854 2197 921 quas
2238 856 2354 924 pa·

203 922 528 1005 tiuntur,
557 946 676 1015 per
705 924 1002 993 vivorum
1033 950 1262 1018 preces
1292 927 1571 997 liberari.

977 1084 1103 1149 ΙΙΙ.
1143 1086 1621 1179 Panegyricus.

325 1240 444 1305 Ex
489 1239 686 1307 variis
731 1240 1176 1326 orationibus,
1217 1266 1378 1335 quas
1422 1243 1499 1310 in·
1534 1240 2046 1319 demonstrativo
2081 1265 2148 1320 et
2176 1252 2351 1345 judi·-

203 1340 378 1411 ciali
425 1368 666 1437 genere
710 1343 955 1413 Plinius
997 1348 1406 1440 composuit,
1446 1347 1621 1419 solus
1656 1366 1865 1421 exstat
1889 1357 2351 1450 Panegyricus

209 1452 412 1543 Imp.
443 1450 749 1541 Trajano
771 1450 1022 1537 dictus,
1055 1476 1260 1545 quum
1295 1453 1378 1521 ab
1407 1478 1487 1521 eo
1505 1454 1751 1524 Consul
1777 1457 2151 1553 designatus
2182 1478 2352 1533 esset

205 1578 272 1621 a.
305 1556 404 1623 U.
437 1558 514 1625 C.
541 1551 722 1642 856,
751 1580 807 1623 a.
827 1558 902 1624 C.
948 1556 1110 1627 103.
1133 1560 1322 1627 Hanc
1341 1561 1935 1653 praestantissimam
1962 1568 2347 1654 orationem,

209 1660 419 1754 cujus
473 1662 612 1754 ipse
664 1660 769 1728 lib.
833 1659 915 1747 3,
971 1686 1072 1756 ep.
1136 1663 1224 1732 18
1281 1666 1621 1749 meminit,
1675 1666 1758 1735 ad
1804 1694 1923 1737 nos
1976 1676 2347 1764 pervenisse

209 1760 399 1835 bene
452 1781 551 1834 est
574 1821 593 1853 ,
635 1764 738 1834 vel
795 1781 1066 1861 propter
1113 1764 1400 1839 historiae
1454 1771 1909 1863 cognitionem.
1964 1777 2139 1845 Nam
2168 1776 2347 1851 licet

209 1873 553 1965 primores
597 1866 853 1941 tentum
922 1872 1087 1941 duos
1151 1874 1414 1966 Trajani
1468 1899 1674 1943 annos
1726 1879 2023 1971 attingit,
2077 1896 2294 1951 tamen
2322 1938 2343 1972 ,

209 1975 446 2046 Plinio
509 1980 561 2046 si
623 1990 994 2047 careremus
1032 2031 1050 2063 ‚
1111 1980 1302 2047 etiam
1365 1976 1509 2049 illos
1579 2006 1963 2075 cogeremur
2024 1987 2341 2080 majorem

211 2098 484 2177 partem
524 2086 863 2177 ignorare,
905 2108 1107 2177 quum
1145 2098 1212 2153 et
1245 2088 1602 2154 Suetonius
1639 2100 1831 2181 atque
1877 2091 2151 2159 Tacitus
2197 2118 2341 2186 quae

213 2187 304 2258 de
343 2188 462 2259 illo
505 2191 641 2257 sive
677 2192 996 2283 scripsere
1047 2190 1182 2259 sive
1222 2188 1433 2259 moliti
1468 2204 1655 2277 sunt,
1696 2214 2017 2287 nusquam
2055 2211 2341 2285 exstent,

215 2308 287 2363 et
344 2320 494 2390 quae
560 2294 644 2365 de
685 2296 968 2390 Trajano
1009 2294 1387 2390 prodiderat
1431 2299 1568 2375 Dio
1598 2349 1619 2382 ‚
1688 2296 1773 2364 τὰ
1822 2299 1985 2369 κατὰ
2041 2304 2337 2395 Τραϊανὸν

207 2401 358 2492 jam
407 2401 732 2496 Xiphilini
789 2417 852 2469 et
905 2401 1118 2470 suidae
1183 2403 1589 2497 temporibus
1633 2401 1875 2474 fuerint
1938 2403 2299 2495 desiderata
2319 2461 2340 2496 ‚

215 2507 398 2576 sicut
442 2509 696 2602 periere
763 2509 958 2576 etiam
1017 2511 1290 2576 Marius
1349 2511 1702 2578 Maximus
1732 2561 1753 2594 ,
1821 2509 2081 2581 Fabius
2145 2517 2338 2584 Mar-

217 2615 511 2682 cellinm
532 2669 554 2701 ,
612 2615 934 2694 Aurelius
981 2617 1050 2680 V
1045 2619 1190 2682 enis·
1244 2637 1323 2683 ac
1364 2617 1626 2690 Statius
1668 2617 1738 2682 V
1732 2617 1927 2684 alens
1949 2668 1970 2701 ‚
2022 2643 2063 2687 a
2102 2619 2339 2714 quibus

219 2719 538 2788 traditam
609 2719 874 2812 Trajani
953 2721 1154 2789 vitam
1211 2733 1490 2788 testatur
1546 2721 1961 2814 Lampridius
2022 2724 2090 2791 in
2152 2723 2335 2794 Alex.

217 2825 690 2919 Severohcap.
731 2828 852 2919 49.
882 2825 1085 2893 Periit
1115 2827 1312 2893 etiam
1350 2815 1621 2918 poema,
1650 2825 1827 2918 quod
1854 2825 1935 2894 de
1970 2827 2143 2915 bello
2176 2831 2337 2900 Tra*

217 2929 360 3021 jani
423 2932 671 2999 Dacico
729 2931 955 3024 graecis
1003 2929 1302 2998 versibus
1355 2930 1704 3023 scripserat
1756 2933 2078 3000 Caninius
2118 2935 2341 3022 Rufus

225 3047 398 3106 teste
417 3033 855 3123 Plinio‚VIII,
886 3037 934 3120 4
973 3035 1180 3128 Epist.
1211 3036 1329 3102 Est
1367 3057 1525 3101 vero
1554 3035 1747 3101 etiam
1778 3033 1861 3102 ad
1901 3033 2335 3128 eloquentiam

228 3140 586 3210 admodum
619 3139 812 3210 utilis.
843 3142 1018 3209 Nam
1055 3141 1179 3207 etsi
1211 3162 1435 3208 verum
1472 3151 1607 3224 est,
1642 3138 1819 3230 quod
1853 3139 1975 3206 viri
2010 3139 2335 3234 elegantes

222 3245 642 3336 judicarunt,
671 3270 820 3316 eum
861 3245 1054 3314 nimis
1087 3241 1425 3337 indulgere
1464 3243 1757 3337 ingeni0‚
1792 3258 1858 3313 et
1894 3257 2157 3339 captare
2182 3269 2335 3315 acu-

229 3353 414 3420 mina
447 3377 462 3418 :
507 3366 730 3420 tamen
765 3375 900 3420 non
939 3349 1258 3418 hebemus
1301 3345 1499 3416 alium
1538 3346 1811 3418 latinum
1850 3363 2212 3434 oratorem,
2256 3375 2337 3422 ex

230 3481 370 3550 quo
409 3459 653 3526 rectius
693 3457 854 3526 disci
896 3457 1102 3550 possit
1149 3453 1382 3523 modus
1437 3451 1747 3522 laudandi
1788 3456 1964 3523 viros
2012 3477 2285 3550 magnos
2315 3509 2337 3544 ,

233 3559 496 3630 delectu
529 3575 916 3630 eventorum
939 3613 964 3647 ‚
1003 3560 1336 3630 actionum
1352 3613 1372 3646 ‚
1411 3573 1537 3627 etc.
1552 3611 1573 3644 ,
1611 3581 1971 3653 eorumque
2010 3583 2338 3630 exornan-

231 3665 472 3735 dorum
519 3691 640 3760 per
679 3665 862 3736 locos
903 3687 1322 3752 communes,
1347 3664 1735 3752 sententia,
1770 3679 1895 3733 etc.

339 3771 662 3864 Exempla
723 3771 966 3864 scripta
1023 3768 1219 3862 hujus
1288 3769 1673 3862 Panegyrici
1726 3768 2023 3863 quaedam
2079 3793 2341 3848 enarrat

243 3876 662 3946 Clu-amianas
709 3876 918 3946 Gotcl.
959 3874 1390 3946 Schwarzim
1422 3874 1506 3943 ad
1546 3871 1792 3942 calcem
1828 3873 2127 3948 editionis
2160 3904 2341 3970 suae;

239 3979 394 4048 item
431 3981 746 4052 editiones
783 3981 922 4074 ejus
955 4005 1035 4050 ex
1079 3979 1308 4049 ordine
1345 3979 1689 4073 temporis,
1726 3994 1865 4048 tum
1906 4003 2014 4050 eas
2033 4035 2053 4066 ‚
2094 3984 2159 4051 in
2190 3989 2339 4077 qui-

1922 4107 2043 4177 26.
