<?xml version="1.0" encoding="UTF-8"?>
<!DOCTYPE html PUBLIC "-//W3C//DTD XHTML 1.0 Transitional//EN"
    "http://www.w3.org/TR/xhtml1/DTD/xhtml1-transitional.dtd">
<html xmlns="http://www.w3.org/1999/xhtml" xml:lang="en" lang="en">
 <head>
  <title>
</title>
<meta http-equiv="Content-Type" content="text/html;charset=utf-8" />
  <meta name='ocr-system' content='tesseract 3.04.00' />
  <meta name='ocr-capabilities' content='ocr_page ocr_carea ocr_par ocr_line ocrx_word'/>
</head>
<body>
  <div class='ocr_page' id='page_1' title='image "./cpliniisecundie00schgoog_0315.png"; bbox 0 0 2857 4690; ppageno 0'>
   <div class='ocr_carea' id='block_1_1' title="bbox 482 379 623 472">
    <p class='ocr_par' dir='ltr' id='par_1_1' title="bbox 482 379 623 472">
     <span class='ocr_line' id='line_1_1' title="bbox 482 379 623 472; baseline -0.014 -14"><span class='ocrx_word' id='word_1_1' title='bbox 482 379 623 472; x_wconf 74' lang='lat'><strong>304</strong></span> 
     </span>
    </p>
   </div>
   <div class='ocr_carea' id='block_1_2' title="bbox 1048 377 2049 457">
    <p class='ocr_par' dir='ltr' id='par_1_2' title="bbox 1048 377 2049 457">
     <span class='ocr_line' id='line_1_2' title="bbox 1048 377 2049 457; baseline 0.002 -2"><span class='ocrx_word' id='word_1_2' title='bbox 1048 382 1127 455; x_wconf 89' lang='lat' dir='ltr'><strong>C.</strong></span> <span class='ocrx_word' id='word_1_3' title='bbox 1182 377 1522 456; x_wconf 88' lang='lat' dir='ltr'><strong>PLINII</strong></span> <span class='ocrx_word' id='word_1_4' title='bbox 1573 381 2049 457; x_wconf 84' lang='lat' dir='ltr'>SECUNDI</span> 
     </span>
    </p>
   </div>
   <div class='ocr_carea' id='block_1_3' title="bbox 478 506 2638 604">
    <p class='ocr_par' dir='ltr' id='par_1_3' title="bbox 478 506 2638 604">
     <span class='ocr_line' id='line_1_3' title="bbox 478 506 2638 604; baseline 0.002 -25"><span class='ocrx_word' id='word_1_5' title='bbox 478 512 648 580; x_wconf 83' lang='lat' dir='ltr'><strong>vatis</strong></span> <span class='ocrx_word' id='word_1_6' title='bbox 688 507 1119 580; x_wconf 82' lang='lat' dir='ltr'><strong>facultatibus</strong></span> <span class='ocrx_word' id='word_1_7' title='bbox 1150 506 1334 578; x_wconf 82' lang='lat' dir='ltr'><strong>velut</strong></span> <span class='ocrx_word' id='word_1_8' title='bbox 1364 507 1602 578; x_wconf 75' lang='lat' dir='ltr'><strong>hausta</strong></span> <span class='ocrx_word' id='word_1_9' title='bbox 1639 523 1708 578; x_wconf 83' lang='lat' dir='ltr'><strong>et</strong></span> <span class='ocrx_word' id='word_1_10' title='bbox 1739 509 2114 604; x_wconf 79' lang='lat' dir='ltr'><strong>implicata,</strong></span> <span class='ocrx_word' id='word_1_11' title='bbox 2143 525 2327 582; x_wconf 89' lang='lat' dir='ltr'><strong>retro</strong></span> <span class='ocrx_word' id='word_1_12' title='bbox 2361 537 2594 583; x_wconf 87' lang='lat' dir='ltr'><strong>secum</strong></span> <span class='ocrx_word' id='word_1_13' title='bbox 2614 569 2638 602; x_wconf 90' lang='lat'>‚</span> 
     </span>
    </p>
   </div>
   <div class='ocr_carea' id='block_1_4' title="bbox 477 618 2634 828">
    <p class='ocr_par' dir='ltr' id='par_1_4' title="bbox 477 618 2634 828">
     <span class='ocr_line' id='line_1_4' title="bbox 477 618 1616 717; baseline -0.001 -28"><span class='ocrx_word' id='word_1_14' title='bbox 477 618 805 717; x_wconf 89' lang='lat' dir='ltr'><strong>quidquid</strong></span> <span class='ocrx_word' id='word_1_15' title='bbox 840 621 1243 716; x_wconf 81' lang='lat' dir='ltr'><strong>attigerant,</strong></span> <span class='ocrx_word' id='word_1_16' title='bbox 1270 618 1616 688; x_wconf 84' lang='lat' dir='ltr'><strong>referrent.</strong></span> 
     </span>
     <span class='ocr_line' id='line_1_5' title="bbox 572 728 2634 828; baseline 0.001 -28"><span class='ocrx_word' id='word_1_17' title='bbox 572 733 819 802; x_wconf 89' lang='lat' dir='ltr'><strong>XLIV.</strong></span> <span class='ocrx_word' id='word_1_18' title='bbox 852 731 1080 821; x_wconf 83' lang='lat' dir='ltr'><strong>Quam</strong></span> <span class='ocrx_word' id='word_1_19' title='bbox 1119 728 1285 800; x_wconf 88' lang='lat' dir='ltr'><strong>utile</strong></span> <span class='ocrx_word' id='word_1_20' title='bbox 1318 729 1417 799; x_wconf 78' lang='lat' dir='ltr'><strong>es&#39;t</strong></span> <span class='ocrx_word' id='word_1_21' title='bbox 1443 783 1463 818; x_wconf 88' lang='lat'><strong>,</strong></span> <span class='ocrx_word' id='word_1_22' title='bbox 1487 731 1575 800; x_wconf 78' lang='lat' dir='ltr'><strong>ad</strong></span> <span class='ocrx_word' id='word_1_23' title='bbox 1609 755 1808 800; x_wconf 88' lang='lat' dir='ltr'><strong>usum</strong></span> <span class='ocrx_word' id='word_1_24' title='bbox 1845 731 2296 802; x_wconf 86' lang='lat' dir='ltr'><strong>secundorum</strong></span> <span class='ocrx_word' id='word_1_25' title='bbox 2341 759 2465 828; x_wconf 89' lang='lat' dir='ltr'><strong>per</strong></span> <span class='ocrx_word' id='word_1_26' title='bbox 2503 734 2634 804; x_wconf 82' lang='lat' dir='ltr'><strong>ad-</strong></span> 
     </span>
    </p>
   </div>
   <div class='ocr_carea' id='block_1_5' title="bbox 399 838 2640 2272">
    <p class='ocr_par' dir='ltr' id='par_1_5' title="bbox 399 838 2640 2272">
     <span class='ocr_line' id='line_1_6' title="bbox 474 838 2634 936; baseline 0.001 -24"><span class='ocrx_word' id='word_1_27' title='bbox 474 867 663 912; x_wconf 82' lang='lat' dir='ltr'><strong>versa</strong></span> <span class='ocrx_word' id='word_1_28' title='bbox 688 838 975 912; x_wconf 81' lang='lat' dir='ltr'><strong>venisse!</strong></span> <span class='ocrx_word' id='word_1_29' title='bbox 1002 841 1247 912; x_wconf 74' lang='lat' dir='ltr'><strong>Vixisti</strong></span> <span class='ocrx_word' id='word_1_30' title='bbox 1284 841 1637 912; x_wconf 88' lang='lat' dir='ltr'><strong>nobiscum</strong></span> <span class='ocrx_word' id='word_1_31' title='bbox 1659 895 1679 930; x_wconf 86' lang='lat'>‚</span> <span class='ocrx_word' id='word_1_32' title='bbox 1706 841 2122 936; x_wconf 84' lang='lat' dir='ltr'><strong>periclitatus</strong></span> <span class='ocrx_word' id='word_1_33' title='bbox 2158 867 2230 913; x_wconf 89' lang='lat' dir='ltr'><strong>es</strong></span> <span class='ocrx_word' id='word_1_34' title='bbox 2251 897 2274 932; x_wconf 85' lang='lat'><strong>,</strong></span> <span class='ocrx_word' id='word_1_35' title='bbox 2302 845 2634 932; x_wconf 83' lang='lat' dir='ltr'><strong>timuisti,</strong></span> 
     </span>
     <span class='ocr_line' id='line_1_7' title="bbox 472 954 2640 1050; baseline 0.002 -26"><span class='ocrx_word' id='word_1_36' title='bbox 472 979 623 1049; x_wconf 81' lang='lat' dir='ltr'><strong>quae</strong></span> <span class='ocrx_word' id='word_1_37' title='bbox 646 968 811 1024; x_wconf 85' lang='lat' dir='ltr'><strong>tunc</strong></span> <span class='ocrx_word' id='word_1_38' title='bbox 836 968 981 1022; x_wconf 85' lang='lat' dir='ltr'><strong>erat</strong></span> <span class='ocrx_word' id='word_1_39' title='bbox 1008 954 1470 1022; x_wconf 89' lang='lat' dir='ltr'><strong>innocentium</strong></span> <span class='ocrx_word' id='word_1_40' title='bbox 1495 955 1652 1022; x_wconf 87' lang='lat' dir='ltr'><strong>vita.</strong></span> <span class='ocrx_word' id='word_1_41' title='bbox 1679 955 1821 1023; x_wconf 89' lang='lat' dir='ltr'><strong>Scis</strong></span> <span class='ocrx_word' id='word_1_42' title='bbox 1849 968 1917 1022; x_wconf 91' lang='lat' dir='ltr'><strong>et</strong></span> <span class='ocrx_word' id='word_1_43' title='bbox 1947 968 2259 1050; x_wconf 86' lang='lat' dir='ltr'><strong>expertus</strong></span> <span class='ocrx_word' id='word_1_44' title='bbox 2285 979 2386 1041; x_wconf 89' lang='lat' dir='ltr'><strong>es,</strong></span> <span class='ocrx_word' id='word_1_45' title='bbox 2418 981 2640 1050; x_wconf 87' lang='lat' dir='ltr'><strong>quan-</strong></span> 
     </span>
     <span class='ocr_line' id='line_1_8' title="bbox 472 1063 2634 1160; baseline 0.001 -26"><span class='ocrx_word' id='word_1_46' title='bbox 472 1079 706 1160; x_wconf 86' lang='lat' dir='ltr'><strong>topere</strong></span> <span class='ocrx_word' id='word_1_47' title='bbox 747 1063 1169 1134; x_wconf 88' lang='lat' dir='ltr'><strong>detestentur</strong></span> <span class='ocrx_word' id='word_1_48' title='bbox 1201 1063 1412 1134; x_wconf 83' lang='lat' dir='ltr'><strong>malos</strong></span> <span class='ocrx_word' id='word_1_49' title='bbox 1452 1065 1792 1160; x_wconf 85' lang='lat' dir='ltr'><strong>principes</strong></span> <span class='ocrx_word' id='word_1_50' title='bbox 1832 1065 2036 1134; x_wconf 82' lang='lat' dir='ltr'><strong>etiam</strong></span> <span class='ocrx_word' id='word_1_51' title='bbox 2061 1119 2081 1152; x_wconf 90' lang='lat'>‚</span> <span class='ocrx_word' id='word_1_52' title='bbox 2117 1067 2236 1160; x_wconf 90' lang='lat' dir='ltr'><strong>qui</strong></span> <span class='ocrx_word' id='word_1_53' title='bbox 2273 1065 2484 1136; x_wconf 86' lang='lat' dir='ltr'><strong>malos</strong></span> <span class='ocrx_word' id='word_1_54' title='bbox 2523 1066 2634 1136; x_wconf 79' lang='lat' dir='ltr'>fa·-</span> 
     </span>
     <span class='ocr_line' id='line_1_9' title="bbox 471 1174 2634 1271; baseline -0.001 -25"><span class='ocrx_word' id='word_1_55' title='bbox 471 1177 685 1246; x_wconf 84' lang='lat' dir='ltr'><strong>eiunt.</strong></span> <span class='ocrx_word' id='word_1_56' title='bbox 728 1174 1143 1262; x_wconf 84' lang='lat' dir='ltr'><strong>Meministi,</strong></span> <span class='ocrx_word' id='word_1_57' title='bbox 1188 1199 1339 1271; x_wconf 84' lang='lat' dir='ltr'><strong>quae</strong></span> <span class='ocrx_word' id='word_1_58' title='bbox 1382 1190 1619 1270; x_wconf 77' lang='lat' dir='ltr'><strong>optare</strong></span> <span class='ocrx_word' id='word_1_59' title='bbox 1658 1175 2008 1246; x_wconf 86' lang='lat' dir='ltr'><strong>nobiscum</strong></span> <span class='ocrx_word' id='word_1_60' title='bbox 2029 1225 2049 1262; x_wconf 91' lang='lat'><strong><em>‚</em></strong></span> <span class='ocrx_word' id='word_1_61' title='bbox 2083 1199 2244 1271; x_wconf 38' lang='lat' dir='ltr'><strong>,quae</strong></span> <span class='ocrx_word' id='word_1_62' title='bbox 2293 1175 2382 1245; x_wconf 85' lang='lat' dir='ltr'><strong>sis</strong></span> <span class='ocrx_word' id='word_1_63' title='bbox 2430 1178 2634 1271; x_wconf 86' lang='lat' dir='ltr'><strong>queri</strong></span> 
     </span>
     <span class='ocr_line' id='line_1_10' title="bbox 406 1284 2634 1382; baseline -0.001 -23"><span class='ocrx_word' id='word_1_64' title='bbox 406 1325 433 1359; x_wconf 77' lang='lat'>2</span> <span class='ocrx_word' id='word_1_65' title='bbox 472 1287 728 1359; x_wconf 85' lang='lat' dir='ltr'><strong>solitus.</strong></span> <span class='ocrx_word' id='word_1_66' title='bbox 754 1291 929 1358; x_wconf 86' lang='lat' dir='ltr'><strong>Nam</strong></span> <span class='ocrx_word' id='word_1_67' title='bbox 980 1288 1247 1382; x_wconf 82' lang='lat' dir='ltr'><strong>privato</strong></span> <span class='ocrx_word' id='word_1_68' title='bbox 1280 1284 1540 1380; x_wconf 89' lang='lat' dir='ltr'><strong>judicio</strong></span> <span class='ocrx_word' id='word_1_69' title='bbox 1584 1285 1960 1381; x_wconf 86' lang='lat' dir='ltr'><strong>principem</strong></span> <span class='ocrx_word' id='word_1_70' title='bbox 2005 1287 2182 1381; x_wconf 80' lang='lat' dir='ltr'><strong>geris</strong></span> <span class='ocrx_word' id='word_1_71' title='bbox 2209 1338 2230 1374; x_wconf 88' lang='lat'>,</span> <span class='ocrx_word' id='word_1_72' title='bbox 2276 1285 2634 1356; x_wconf 87' lang='lat' dir='ltr'><strong>meliorem</strong></span> 
     </span>
     <span class='ocr_line' id='line_1_11' title="bbox 470 1394 2638 1493; baseline 0 -26"><span class='ocrx_word' id='word_1_73' title='bbox 470 1398 681 1468; x_wconf 88' lang='lat' dir='ltr'><strong>immo</strong></span> <span class='ocrx_word' id='word_1_74' title='bbox 730 1412 800 1467; x_wconf 91' lang='lat' dir='ltr'><strong>te</strong></span> <span class='ocrx_word' id='word_1_75' title='bbox 839 1411 1145 1493; x_wconf 81' lang='lat' dir='ltr'><strong>praestas,</strong></span> <span class='ocrx_word' id='word_1_76' title='bbox 1183 1421 1389 1492; x_wconf 83' lang='lat' dir='ltr'><strong>quam</strong></span> <span class='ocrx_word' id='word_1_77' title='bbox 1433 1396 1557 1465; x_wconf 89' lang='lat' dir='ltr'><strong>tibi</strong></span> <span class='ocrx_word' id='word_1_78' title='bbox 1593 1394 1800 1466; x_wconf 79' lang='lat' dir='ltr'><strong>alium</strong></span> <span class='ocrx_word' id='word_1_79' title='bbox 1841 1395 2226 1492; x_wconf 76' lang='lat' dir='ltr'><strong>precabare.</strong></span> <span class='ocrx_word' id='word_1_80' title='bbox 2249 1399 2492 1491; x_wconf 82' lang='lat' dir='ltr'><strong>Itaque</strong></span> <span class='ocrx_word' id='word_1_81' title='bbox 2529 1399 2638 1468; x_wconf 86' lang='lat' dir='ltr'><strong>sic</strong></span> 
     </span>
     <span class='ocr_line' id='line_1_12' title="bbox 473 1505 2635 1602; baseline 0 -26"><span class='ocrx_word' id='word_1_82' title='bbox 473 1508 715 1578; x_wconf 86' lang='lat' dir='ltr'><strong>imbuti</strong></span> <span class='ocrx_word' id='word_1_83' title='bbox 762 1532 1029 1598; x_wconf 86' lang='lat' dir='ltr'><strong>sumus,</strong></span> <span class='ocrx_word' id='word_1_84' title='bbox 1070 1521 1188 1596; x_wconf 88' lang='lat' dir='ltr'><strong>ut,</strong></span> <span class='ocrx_word' id='word_1_85' title='bbox 1228 1505 1476 1602; x_wconf 90' lang='lat' dir='ltr'><strong>quibus</strong></span> <span class='ocrx_word' id='word_1_86' title='bbox 1531 1521 1677 1576; x_wconf 88' lang='lat' dir='ltr'><strong>erat</strong></span> <span class='ocrx_word' id='word_1_87' title='bbox 1719 1531 1984 1577; x_wconf 74' lang='lat' dir='ltr'><strong>summa</strong></span> <span class='ocrx_word' id='word_1_88' title='bbox 2023 1521 2335 1578; x_wconf 85' lang='lat' dir='ltr'><strong>votorum</strong></span> <span class='ocrx_word' id='word_1_89' title='bbox 2383 1505 2635 1579; x_wconf 84' lang='lat' dir='ltr'><strong>melior</strong></span> 
     </span>
     <span class='ocr_line' id='line_1_13' title="bbox 472 1617 2632 1714; baseline 0.001 -26"><span class='ocrx_word' id='word_1_90' title='bbox 472 1619 759 1714; x_wconf 90' lang='lat' dir='ltr'><strong>pessimo</strong></span> <span class='ocrx_word' id='word_1_91' title='bbox 801 1619 1115 1714; x_wconf 86' lang='lat' dir='ltr'><strong>princeps</strong></span> <span class='ocrx_word' id='word_1_92' title='bbox 1132 1673 1152 1708; x_wconf 88' lang='lat'><strong>,</strong></span> <span class='ocrx_word' id='word_1_93' title='bbox 1177 1617 1319 1713; x_wconf 83' lang='lat' dir='ltr'><strong>jam</strong></span> <span class='ocrx_word' id='word_1_94' title='bbox 1356 1641 1496 1687; x_wconf 88' lang='lat' dir='ltr'><strong>non</strong></span> <span class='ocrx_word' id='word_1_95' title='bbox 1523 1617 1856 1712; x_wconf 87' lang='lat' dir='ltr'><strong>possimus</strong></span> <span class='ocrx_word' id='word_1_96' title='bbox 1892 1619 2022 1689; x_wconf 89' lang='lat' dir='ltr'><strong>nisi</strong></span> <span class='ocrx_word' id='word_1_97' title='bbox 2057 1619 2396 1714; x_wconf 82' lang='lat' dir='ltr'><strong>optimum</strong></span> <span class='ocrx_word' id='word_1_98' title='bbox 2423 1619 2632 1692; x_wconf 86' lang='lat' dir='ltr'><strong>ferre.</strong></span> 
     </span>
     <span class='ocr_line' id='line_1_14' title="bbox 404 1727 2632 1825; baseline 0 -24"><span class='ocrx_word' id='word_1_99' title='bbox 404 1751 435 1808; x_wconf 82' lang='lat'><strong>3</strong></span> <span class='ocrx_word' id='word_1_100' title='bbox 471 1733 691 1802; x_wconf 88' lang='lat' dir='ltr'><strong>Nemo</strong></span> <span class='ocrx_word' id='word_1_101' title='bbox 722 1745 824 1800; x_wconf 91' lang='lat' dir='ltr'><strong>est</strong></span> <span class='ocrx_word' id='word_1_102' title='bbox 855 1755 1017 1825; x_wconf 87' lang='lat' dir='ltr'><strong>ergo</strong></span> <span class='ocrx_word' id='word_1_103' title='bbox 1050 1744 1189 1800; x_wconf 86' lang='lat' dir='ltr'><strong>tam</strong></span> <span class='ocrx_word' id='word_1_104' title='bbox 1216 1729 1352 1816; x_wconf 84' lang='lat' dir='ltr'><strong>tui,</strong></span> <span class='ocrx_word' id='word_1_105' title='bbox 1383 1742 1523 1798; x_wconf 82' lang='lat' dir='ltr'><strong>tam</strong></span> <span class='ocrx_word' id='word_1_106' title='bbox 1555 1727 1834 1825; x_wconf 82' lang='lat' dir='ltr'><strong>ignarus</strong></span> <span class='ocrx_word' id='word_1_107' title='bbox 1871 1731 2012 1818; x_wconf 86' lang='lat' dir='ltr'><strong>sui,</strong></span> <span class='ocrx_word' id='word_1_108' title='bbox 2041 1744 2120 1799; x_wconf 89' lang='lat' dir='ltr'><strong>ut</strong></span> <span class='ocrx_word' id='word_1_109' title='bbox 2162 1729 2385 1800; x_wconf 88' lang='lat' dir='ltr'><strong>locum</strong></span> <span class='ocrx_word' id='word_1_110' title='bbox 2417 1731 2632 1801; x_wconf 83' lang='lat' dir='ltr'><strong>istum</strong></span> 
     </span>
     <span class='ocr_line' id='line_1_15' title="bbox 472 1838 2634 1937; baseline 0 -26"><span class='ocrx_word' id='word_1_111' title='bbox 472 1857 625 1937; x_wconf 88' lang='lat' dir='ltr'><strong>post</strong></span> <span class='ocrx_word' id='word_1_112' title='bbox 660 1857 726 1912; x_wconf 88' lang='lat' dir='ltr'><strong>te</strong></span> <span class='ocrx_word' id='word_1_113' title='bbox 759 1843 1209 1937; x_wconf 75' lang='lat' dir='ltr'><strong>concupiscat.</strong></span> <span class='ocrx_word' id='word_1_114' title='bbox 1233 1838 1522 1911; x_wconf 83' lang='lat' dir='ltr'><strong>Facilius</strong></span> <span class='ocrx_word' id='word_1_115' title='bbox 1549 1855 1652 1910; x_wconf 86' lang='lat' dir='ltr'><strong>est</strong></span> <span class='ocrx_word' id='word_1_116' title='bbox 1669 1893 1690 1927; x_wconf 90' lang='lat'>‚</span> <span class='ocrx_word' id='word_1_117' title='bbox 1721 1855 1800 1910; x_wconf 88' lang='lat' dir='ltr'><strong>ut</strong></span> <span class='ocrx_word' id='word_1_118' title='bbox 1833 1865 1976 1911; x_wconf 89' lang='lat' dir='ltr'><strong>esse</strong></span> <span class='ocrx_word' id='word_1_119' title='bbox 2007 1841 2251 1937; x_wconf 86' lang='lat' dir='ltr'><strong>aliquis</strong></span> <span class='ocrx_word' id='word_1_120' title='bbox 2281 1866 2634 1912; x_wconf 85' lang='lat' dir='ltr'><strong>successor</strong></span> 
     </span>
     <span class='ocr_line' id='line_1_16' title="bbox 399 1949 2632 2048; baseline 0 -26"><span class='ocrx_word' id='word_1_121' title='bbox 399 1968 436 2033; x_wconf 81' lang='grc'>4</span> <span class='ocrx_word' id='word_1_122' title='bbox 472 1967 629 2022; x_wconf 88' lang='lat' dir='ltr'><strong>tuus</strong></span> <span class='ocrx_word' id='word_1_123' title='bbox 679 1953 923 2048; x_wconf 74' lang='lat' dir='ltr'><strong>possit,</strong></span> <span class='ocrx_word' id='word_1_124' title='bbox 964 1977 1169 2048; x_wconf 84' lang='lat' dir='ltr'><strong>quam</strong></span> <span class='ocrx_word' id='word_1_125' title='bbox 1212 1966 1292 2022; x_wconf 90' lang='lat' dir='ltr'><strong>ut</strong></span> <span class='ocrx_word' id='word_1_126' title='bbox 1326 1949 1506 2020; x_wconf 89' lang='lat' dir='ltr'><strong>velit.</strong></span> <span class='ocrx_word' id='word_1_127' title='bbox 1543 1951 1717 2040; x_wconf 83' lang='lat' dir='ltr'><strong>Quis</strong></span> <span class='ocrx_word' id='word_1_128' title='bbox 1751 1954 1935 2022; x_wconf 89' lang='lat' dir='ltr'><strong>enim</strong></span> <span class='ocrx_word' id='word_1_129' title='bbox 1981 1977 2162 2022; x_wconf 81' lang='lat' dir='ltr'><strong>curae</strong></span> <span class='ocrx_word' id='word_1_130' title='bbox 2201 1967 2334 2022; x_wconf 81' lang='lat' dir='ltr'><strong>tuae</strong></span> <span class='ocrx_word' id='word_1_131' title='bbox 2371 1951 2632 2023; x_wconf 87' lang='lat' dir='ltr'><strong>molem</strong></span> 
     </span>
     <span class='ocr_line' id='line_1_17' title="bbox 468 2062 2632 2160; baseline 0 -26"><span class='ocrx_word' id='word_1_132' title='bbox 468 2078 709 2160; x_wconf 89' lang='lat' dir='ltr'><strong>sponte</strong></span> <span class='ocrx_word' id='word_1_133' title='bbox 746 2065 984 2135; x_wconf 85' lang='lat' dir='ltr'><strong>subeat</strong></span> <span class='ocrx_word' id='word_1_134' title='bbox 1012 2063 1044 2134; x_wconf 72' lang='grc' dir='ltr'>Ρ</span> <span class='ocrx_word' id='word_1_135' title='bbox 1074 2065 1227 2159; x_wconf 87' lang='lat' dir='ltr'><strong>quis</strong></span> <span class='ocrx_word' id='word_1_136' title='bbox 1255 2064 1632 2157; x_wconf 83' lang='lat' dir='ltr'><strong>comparari</strong></span> <span class='ocrx_word' id='word_1_137' title='bbox 1673 2062 1800 2133; x_wconf 87' lang='lat' dir='ltr'><strong>tibi</strong></span> <span class='ocrx_word' id='word_1_138' title='bbox 1835 2089 1974 2134; x_wconf 90' lang='lat' dir='ltr'><strong>non</strong></span> <span class='ocrx_word' id='word_1_139' title='bbox 2019 2063 2406 2134; x_wconf 87' lang='lat' dir='ltr'><strong>reformidet</strong></span> <span class='ocrx_word' id='word_1_140' title='bbox 2427 2062 2459 2133; x_wconf 70' lang='grc' dir='ltr'>Ρ</span> <span class='ocrx_word' id='word_1_141' title='bbox 2479 2067 2632 2135; x_wconf 88' lang='lat' dir='ltr'><strong>Ex-</strong></span> 
     </span>
     <span class='ocr_line' id='line_1_18' title="bbox 466 2172 2632 2272; baseline -0 -25"><span class='ocrx_word' id='word_1_142' title='bbox 466 2191 700 2272; x_wconf 87' lang='lat' dir='ltr'><strong>pertus</strong></span> <span class='ocrx_word' id='word_1_143' title='bbox 740 2190 811 2246; x_wconf 89' lang='lat' dir='ltr'><strong>et</strong></span> <span class='ocrx_word' id='word_1_144' title='bbox 861 2177 1007 2271; x_wconf 88' lang='lat' dir='ltr'><strong>ipse</strong></span> <span class='ocrx_word' id='word_1_145' title='bbox 1056 2199 1127 2244; x_wconf 89' lang='lat' dir='ltr'><strong>es</strong></span> <span class='ocrx_word' id='word_1_146' title='bbox 1152 2225 1171 2263; x_wconf 90' lang='lat'>‚</span> <span class='ocrx_word' id='word_1_147' title='bbox 1217 2196 1422 2270; x_wconf 78' lang='lat' dir='ltr'><strong>quam</strong></span> <span class='ocrx_word' id='word_1_148' title='bbox 1471 2173 1559 2242; x_wconf 89' lang='lat' dir='ltr'><strong>sit</strong></span> <span class='ocrx_word' id='word_1_149' title='bbox 1611 2197 1980 2246; x_wconf 87' lang='lat' dir='ltr'><strong>onerosum</strong></span> <span class='ocrx_word' id='word_1_150' title='bbox 2025 2172 2380 2245; x_wconf 86' lang='lat' dir='ltr'><strong>succedere</strong></span> <span class='ocrx_word' id='word_1_151' title='bbox 2435 2173 2632 2246; x_wconf 81' lang='lat' dir='ltr'><strong>bono</strong></span> 
     </span>
    </p>
   </div>
   <div class='ocr_carea' id='block_1_6' title="bbox 471 2354 1500 2429">
    <p class='ocr_par' dir='ltr' id='par_1_6' title="bbox 471 2354 1500 2429">
     <span class='ocr_line' id='line_1_19' title="bbox 471 2354 1500 2429; baseline -0.005 -15"><span class='ocrx_word' id='word_1_152' title='bbox 471 2382 566 2425; x_wconf 90' lang='lat'><strong>10,</strong></span> <span class='ocrx_word' id='word_1_153' title='bbox 589 2365 799 2414; x_wconf 77' lang='lat' dir='ltr'><strong>indicum</strong></span> <span class='ocrx_word' id='word_1_154' title='bbox 821 2363 1023 2429; x_wconf 74' lang='lat' dir='ltr'><strong>potioni</strong></span> <span class='ocrx_word' id='word_1_155' title='bbox 1046 2378 1306 2411; x_wconf 77' lang='lat' dir='ltr'><strong>venenum.</strong></span> <span class='ocrx_word' id='word_1_156' title='bbox 1334 2354 1500 2429; x_wconf 79' lang='lat' dir='ltr'><strong>Apud</strong></span> 
     </span>
    </p>
   </div>
   <div class='ocr_carea' id='block_1_7' title="bbox 1583 2358 2628 2431">
    <p class='ocr_par' dir='ltr' id='par_1_7' title="bbox 1583 2358 2628 2431">
     <span class='ocr_line' id='line_1_20' title="bbox 1583 2358 2628 2431; baseline 0.003 -21"><span class='ocrx_word' id='word_1_157' title='bbox 1583 2358 1830 2423; x_wconf 79' lang='lat' dir='ltr'><strong>tenebas,</strong></span> <span class='ocrx_word' id='word_1_158' title='bbox 1848 2359 2043 2431; x_wconf 69' lang='lat' dir='ltr'><strong>privati</strong></span> <span class='ocrx_word' id='word_1_159' title='bbox 2055 2370 2254 2413; x_wconf 88' lang='lat' dir='ltr'><strong>tenent.</strong></span> <span class='ocrx_word' id='word_1_160' title='bbox 2275 2359 2360 2412; x_wconf 85' lang='lat' dir='ltr'><strong>sic</strong></span> <span class='ocrx_word' id='word_1_161' title='bbox 2376 2370 2498 2431; x_wconf 71' lang='lat' dir='ltr'><strong>cap.</strong></span> <span class='ocrx_word' id='word_1_162' title='bbox 2523 2360 2628 2425; x_wconf 66' lang='lat'><strong>43,</strong></span> 
     </span>
    </p>
   </div>
   <div class='ocr_carea' id='block_1_8' title="bbox 462 2438 2630 2511">
    <p class='ocr_par' dir='ltr' id='par_1_8' title="bbox 462 2438 2630 2511">
     <span class='ocr_line' id='line_1_21' title="bbox 462 2438 2630 2511; baseline -0.001 -18"><span class='ocrx_word' id='word_1_163' title='bbox 462 2442 744 2495; x_wconf 78' lang='lat' dir='ltr'><strong>Horatium</strong></span> <span class='ocrx_word' id='word_1_164' title='bbox 776 2439 925 2493; x_wconf 78' lang='lat' dir='ltr'><strong>hami</strong></span> <span class='ocrx_word' id='word_1_165' title='bbox 960 2438 1211 2493; x_wconf 86' lang='lat' dir='ltr'><strong>dicuntur</strong></span> <span class='ocrx_word' id='word_1_166' title='bbox 1236 2440 1419 2489; x_wconf 80' lang='lat' dir='ltr'><strong>occulti</strong></span> <span class='ocrx_word' id='word_1_167' title='bbox 1445 2446 1500 2489; x_wconf 88' lang='lat' dir='ltr'><strong>et</strong></span> <span class='ocrx_word' id='word_1_168' title='bbox 1567 2438 1846 2506; x_wconf 77' lang='lat' dir='ltr'><strong>facultates</strong></span> <span class='ocrx_word' id='word_1_169' title='bbox 1866 2442 2084 2506; x_wconf 68' lang='lat' dir='ltr'><strong>privata</strong></span> <span class='ocrx_word' id='word_1_170' title='bbox 2111 2456 2210 2511; x_wconf 87' lang='lat' dir='ltr'><strong>pro</strong></span> <span class='ocrx_word' id='word_1_171' title='bbox 2225 2440 2420 2508; x_wconf 66' lang='lat' dir='ltr'><strong>fiscale.</strong></span> <span class='ocrx_word' id='word_1_172' title='bbox 2438 2441 2630 2507; x_wconf 67' lang='lat' dir='ltr'><strong>priva-⁶</strong></span> 
     </span>
    </p>
   </div>
   <div class='ocr_carea' id='block_1_9' title="bbox 456 2516 1498 3629">
    <p class='ocr_par' dir='ltr' id='par_1_9' title="bbox 463 2516 1498 2667">
     <span class='ocr_line' id='line_1_22' title="bbox 463 2516 1498 2590; baseline -0.007 -16"><span class='ocrx_word' id='word_1_173' title='bbox 463 2525 659 2590; x_wconf 80' lang='lat' dir='ltr'><strong>operti,</strong></span> <span class='ocrx_word' id='word_1_174' title='bbox 677 2521 783 2573; x_wconf 86' lang='lat' dir='ltr'><strong>hoc</strong></span> <span class='ocrx_word' id='word_1_175' title='bbox 804 2530 921 2583; x_wconf 87' lang='lat' dir='ltr'><strong>est,</strong></span> <span class='ocrx_word' id='word_1_176' title='bbox 941 2516 1098 2571; x_wconf 90' lang='lat' dir='ltr'><strong>inditi</strong></span> <span class='ocrx_word' id='word_1_177' title='bbox 1115 2534 1264 2571; x_wconf 78' lang='lat' dir='ltr'><strong>escae.</strong></span> <span class='ocrx_word' id='word_1_178' title='bbox 1280 2516 1420 2568; x_wconf 68' lang='lat' dir='ltr'><strong>Elus.</strong></span> <span class='ocrx_word' id='word_1_179' title='bbox 1424 2544 1498 2556; x_wconf 89' lang='lat'><em>-</em></span> 
     </span>
     <span class='ocr_line' id='line_1_23' title="bbox 466 2596 1495 2667; baseline -0.003 -16"><span class='ocrx_word' id='word_1_180' title='bbox 466 2604 611 2652; x_wconf 76' lang='lat' dir='ltr'><strong>Velut</strong></span> <span class='ocrx_word' id='word_1_181' title='bbox 634 2602 817 2651; x_wconf 73' lang='lat' dir='ltr'><strong>hausta</strong></span> <span class='ocrx_word' id='word_1_182' title='bbox 840 2613 891 2649; x_wconf 81' lang='lat' dir='ltr'><strong>et</strong></span> <span class='ocrx_word' id='word_1_183' title='bbox 925 2599 1197 2667; x_wconf 78' lang='lat' dir='ltr'><strong>implicata.</strong></span> <span class='ocrx_word' id='word_1_184' title='bbox 1224 2596 1345 2648; x_wconf 85' lang='lat' dir='ltr'><strong>Duo</strong></span> <span class='ocrx_word' id='word_1_185' title='bbox 1368 2613 1495 2666; x_wconf 72' lang='lat' dir='ltr'><strong>par-</strong></span> 
     </span>
    </p>

    <p class='ocr_par' dir='ltr' id='par_1_10' title="bbox 456 2673 1497 3629">
     <span class='ocr_line' id='line_1_24' title="bbox 460 2673 1497 2749; baseline -0.004 -18"><span class='ocrx_word' id='word_1_186' title='bbox 460 2678 644 2749; x_wconf 82' lang='lat' dir='ltr'><strong>ticipia</strong></span> <span class='ocrx_word' id='word_1_187' title='bbox 656 2673 979 2749; x_wconf 79' lang='lat' dir='ltr'><strong>respondent</strong></span> <span class='ocrx_word' id='word_1_188' title='bbox 990 2676 1295 2729; x_wconf 81' lang='lat' dir='ltr'><strong>nominibus</strong></span> <span class='ocrx_word' id='word_1_189' title='bbox 1304 2692 1497 2748; x_wconf 72' lang='lat' dir='ltr'><strong>praece-</strong></span> 
     </span>
     <span class='ocr_line' id='line_1_25' title="bbox 460 2756 1496 2829; baseline -0.002 -19"><span class='ocrx_word' id='word_1_190' title='bbox 460 2756 726 2811; x_wconf 79' lang='lat' dir='ltr'><strong>dentibus.</strong></span> <span class='ocrx_word' id='word_1_191' title='bbox 770 2762 987 2808; x_wconf 73' lang='lat' dir='ltr'><strong>Munera</strong></span> <span class='ocrx_word' id='word_1_192' title='bbox 1020 2768 1332 2829; x_wconf 77' lang='lat' dir='ltr'><strong>comparata</strong></span> <span class='ocrx_word' id='word_1_193' title='bbox 1370 2766 1496 2809; x_wconf 83' lang='lat' dir='ltr'><strong>sunt</strong></span> 
     </span>
     <span class='ocr_line' id='line_1_26' title="bbox 460 2831 1494 2909; baseline -0.001 -21"><span class='ocrx_word' id='word_1_194' title='bbox 460 2840 621 2889; x_wconf 66' lang='lat' dir='ltr'><strong>kannis</strong></span> <span class='ocrx_word' id='word_1_195' title='bbox 638 2874 655 2901; x_wconf 91' lang='lat'><strong>,</strong></span> <span class='ocrx_word' id='word_1_196' title='bbox 690 2836 869 2909; x_wconf 65' lang='lat' dir='ltr'><strong>itaque</strong></span> <span class='ocrx_word' id='word_1_197' title='bbox 894 2840 1035 2889; x_wconf 76' lang='lat' dir='ltr'><strong>velut</strong></span> <span class='ocrx_word' id='word_1_198' title='bbox 1062 2838 1357 2887; x_wconf 74' lang='lat' dir='ltr'><strong>hauriuntur</strong></span> <span class='ocrx_word' id='word_1_199' title='bbox 1372 2874 1389 2897; x_wconf 92' lang='lat'>,</span> <span class='ocrx_word' id='word_1_200' title='bbox 1437 2831 1494 2887; x_wconf 84' lang='lat' dir='ltr'><strong>id</strong></span> 
     </span>
     <span class='ocr_line' id='line_1_27' title="bbox 459 2915 1494 2987; baseline -0.001 -18"><span class='ocrx_word' id='word_1_201' title='bbox 459 2924 541 2970; x_wconf 85' lang='lat' dir='ltr'><strong>est</strong></span> <span class='ocrx_word' id='word_1_202' title='bbox 558 2953 575 2980; x_wconf 87' lang='lat'>‚</span> <span class='ocrx_word' id='word_1_203' title='bbox 624 2915 949 2970; x_wconf 72' lang='lat' dir='ltr'><strong>devorantur</strong></span> <span class='ocrx_word' id='word_1_204' title='bbox 974 2934 992 2981; x_wconf 68' lang='grc' dir='ltr'>ς</span> <span class='ocrx_word' id='word_1_205' title='bbox 1032 2918 1221 2984; x_wconf 73' lang='lat' dir='ltr'><strong>laqueis</strong></span> <span class='ocrx_word' id='word_1_206' title='bbox 1246 2952 1263 2979; x_wconf 92' lang='lat'><strong>,</strong></span> <span class='ocrx_word' id='word_1_207' title='bbox 1309 2915 1494 2987; x_wconf 81' lang='lat' dir='ltr'><strong>itaque</strong></span> 
     </span>
     <span class='ocr_line' id='line_1_28' title="bbox 458 2995 1496 3067; baseline 0 -18"><span class='ocrx_word' id='word_1_208' title='bbox 458 2999 798 3065; x_wconf 74' lang='lat' dir='ltr'><strong>t&#39;mplieantur,</strong></span> <span class='ocrx_word' id='word_1_209' title='bbox 816 3000 1027 3067; x_wconf 73' lang='lat' dir='ltr'><strong>privaee&#39;s</strong></span> <span class='ocrx_word' id='word_1_210' title='bbox 1024 2998 1375 3067; x_wconf 70' lang='lat' dir='ltr'><strong>facultatibus.</strong></span> <span class='ocrx_word' id='word_1_211' title='bbox 1386 2995 1496 3049; x_wconf 81' lang='lat' dir='ltr'><strong>Pri·</strong></span> 
     </span>
     <span class='ocr_line' id='line_1_29' title="bbox 459 3074 1492 3149; baseline 0 -19"><span class='ocrx_word' id='word_1_212' title='bbox 459 3094 550 3130; x_wconf 87' lang='lat' dir='ltr'><strong>mo</strong></span> <span class='ocrx_word' id='word_1_213' title='bbox 570 3074 707 3128; x_wconf 86' lang='lat' dir='ltr'><strong>illud</strong></span> <span class='ocrx_word' id='word_1_214' title='bbox 724 3079 905 3128; x_wconf 76' lang='lat' dir='ltr'><strong>hausta</strong></span> <span class='ocrx_word' id='word_1_215' title='bbox 927 3076 985 3129; x_wconf 84' lang='lat' dir='ltr'><strong>in</strong></span> <span class='ocrx_word' id='word_1_216' title='bbox 1003 3091 1157 3129; x_wconf 77' lang='lat' dir='ltr'><strong>aucta</strong></span> <span class='ocrx_word' id='word_1_217' title='bbox 1178 3086 1492 3149; x_wconf 73' lang='lat' dir='ltr'><strong>corruptum</strong></span> 
     </span>
     <span class='ocr_line' id='line_1_30' title="bbox 459 3154 1494 3229; baseline 0.002 -21"><span class='ocrx_word' id='word_1_218' title='bbox 459 3156 563 3209; x_wconf 87' lang='lat' dir='ltr'><strong>fuit</strong></span> <span class='ocrx_word' id='word_1_219' title='bbox 585 3195 603 3219; x_wconf 87' lang='lat'><em>,</em></span> <span class='ocrx_word' id='word_1_220' title='bbox 637 3154 785 3229; x_wconf 87' lang='lat' dir='ltr'><strong>quod</strong></span> <span class='ocrx_word' id='word_1_221' title='bbox 826 3156 983 3228; x_wconf 63' lang='lat' dir='ltr'><strong>trqxit</strong></span> <span class='ocrx_word' id='word_1_222' title='bbox 1024 3154 1224 3210; x_wconf 80' lang='lat' dir='ltr'><strong>deinde</strong></span> <span class='ocrx_word' id='word_1_223' title='bbox 1264 3155 1494 3211; x_wconf 80' lang='lat' dir='ltr'><strong>alterum</strong></span> 
     </span>
     <span class='ocr_line' id='line_1_31' title="bbox 459 3234 1494 3307; baseline 0.002 -20"><span class='ocrx_word' id='word_1_224' title='bbox 459 3234 716 3305; x_wconf 70' lang='lat' dir='ltr'><strong>implicata</strong></span> <span class='ocrx_word' id='word_1_225' title='bbox 730 3272 746 3299; x_wconf 90' lang='lat'><strong>,</strong></span> <span class='ocrx_word' id='word_1_226' title='bbox 759 3246 821 3289; x_wconf 84' lang='lat' dir='ltr'><strong>ut</strong></span> <span class='ocrx_word' id='word_1_227' title='bbox 832 3239 1160 3305; x_wconf 60' lang='lat' dir='ltr'><strong>multiplicata</strong></span> <span class='ocrx_word' id='word_1_228' title='bbox 1174 3235 1494 3307; x_wconf 78' lang='lat' dir='ltr'><strong>effingerent</strong></span> 
     </span>
     <span class='ocr_line' id='line_1_32' title="bbox 456 3314 1492 3371; baseline 0.002 -4"><span class='ocrx_word' id='word_1_229' title='bbox 456 3314 583 3369; x_wconf 83' lang='lat' dir='ltr'><strong>inde</strong></span> <span class='ocrx_word' id='word_1_230' title='bbox 594 3314 859 3369; x_wconf 78' lang='lat' dir='ltr'><strong>homines.</strong></span> <span class='ocrx_word' id='word_1_231' title='bbox 876 3315 979 3369; x_wconf 88' lang='lat' dir='ltr'><strong>Hic</strong></span> <span class='ocrx_word' id='word_1_232' title='bbox 1002 3316 1151 3369; x_wconf 80' lang='lat' dir='ltr'><strong>velut</strong></span> <span class='ocrx_word' id='word_1_233' title='bbox 1168 3314 1288 3369; x_wconf 81' lang='lat' dir='ltr'><strong>fons</strong></span> <span class='ocrx_word' id='word_1_234' title='bbox 1308 3316 1492 3371; x_wconf 88' lang='lat' dir='ltr'><strong>multi·</strong></span> 
     </span>
     <span class='ocr_line' id='line_1_33' title="bbox 456 3394 1490 3467; baseline 0.002 -20"><span class='ocrx_word' id='word_1_235' title='bbox 456 3394 612 3467; x_wconf 88' lang='lat' dir='ltr'><strong>plicis</strong></span> <span class='ocrx_word' id='word_1_236' title='bbox 629 3395 769 3450; x_wconf 80' lang='lat' dir='ltr'><strong>circa</strong></span> <span class='ocrx_word' id='word_1_237' title='bbox 798 3396 946 3449; x_wconf 85' lang='lat' dir='ltr'><strong>bunc</strong></span> <span class='ocrx_word' id='word_1_238' title='bbox 970 3396 1151 3450; x_wconf 86' lang='lat' dir='ltr'><strong>locum</strong></span> <span class='ocrx_word' id='word_1_239' title='bbox 1174 3395 1490 3459; x_wconf 62' lang='lat' dir='ltr'><strong>varietatis,</strong></span> 
     </span>
     <span class='ocr_line' id='line_1_34' title="bbox 456 3476 1492 3547; baseline 0 -19"><span class='ocrx_word' id='word_1_240' title='bbox 456 3488 615 3546; x_wconf 61' lang='lat' dir='ltr'><strong>prout</strong></span> <span class='ocrx_word' id='word_1_241' title='bbox 650 3477 965 3531; x_wconf 82' lang='lat' dir='ltr'><strong>alterutrum</strong></span> <span class='ocrx_word' id='word_1_242' title='bbox 990 3476 1079 3530; x_wconf 79' lang='lat' dir='ltr'><strong>vel</strong></span> <span class='ocrx_word' id='word_1_243' title='bbox 1102 3486 1394 3547; x_wconf 81' lang='lat' dir='ltr'><strong>utrumque</strong></span> <span class='ocrx_word' id='word_1_244' title='bbox 1426 3493 1492 3528; x_wconf 87' lang='lat' dir='ltr'><strong>ex</strong></span> 
     </span>
     <span class='ocr_line' id='line_1_35' title="bbox 456 3554 1488 3629; baseline 0.001 -22"><span class='ocrx_word' id='word_1_245' title='bbox 456 3554 560 3609; x_wconf 91' lang='lat' dir='ltr'><strong>hoc</strong></span> <span class='ocrx_word' id='word_1_246' title='bbox 586 3554 801 3627; x_wconf 78' lang='lat' dir='ltr'><strong>gemino</strong></span> <span class='ocrx_word' id='word_1_247' title='bbox 826 3558 942 3629; x_wconf 79' lang='lat' dir='ltr'><strong>pari</strong></span> <span class='ocrx_word' id='word_1_248' title='bbox 967 3558 1251 3611; x_wconf 75' lang='lat' dir='ltr'><strong>verborum</strong></span> <span class='ocrx_word' id='word_1_249' title='bbox 1270 3554 1488 3609; x_wconf 79' lang='lat' dir='ltr'><strong>adsum·-</strong></span> 
     </span>
    </p>
   </div>
   <div class='ocr_carea' id='block_1_10' title="bbox 456 3636 1484 3770">
    <p class='ocr_par' dir='ltr' id='par_1_11' title="bbox 456 3636 1484 3770">
     <span class='ocr_line' id='line_1_36' title="bbox 456 3636 810 3706; baseline 0.008 -19"><span class='ocrx_word' id='word_1_250' title='bbox 456 3646 607 3706; x_wconf 85' lang='lat' dir='ltr'><strong>ptum</strong></span> <span class='ocrx_word' id='word_1_251' title='bbox 627 3649 725 3690; x_wconf 89' lang='lat' dir='ltr'><strong>est.</strong></span> <span class='ocrx_word' id='word_1_252' title='bbox 738 3636 810 3690; x_wconf 88' lang='lat' dir='ltr'><strong>G.</strong></span> 
     </span>
     <span class='ocr_line' id='line_1_37' title="bbox 529 3712 1484 3770; baseline -0.001 -1"><span class='ocrx_word' id='word_1_253' title='bbox 529 3716 727 3770; x_wconf 82' lang='lat' dir='ltr'><strong>XLIV.</strong></span> <span class='ocrx_word' id='word_1_254' title='bbox 756 3736 805 3770; x_wconf 66' lang='grc' dir='ltr'><strong>ι.</strong></span> <span class='ocrx_word' id='word_1_255' title='bbox 825 3720 1047 3769; x_wconf 73' lang='lat' dir='ltr'><strong>Privato.</strong></span> <span class='ocrx_word' id='word_1_256' title='bbox 1066 3712 1321 3767; x_wconf 79' lang='lat' dir='ltr'><strong>Defendit</strong></span> <span class='ocrx_word' id='word_1_257' title='bbox 1339 3714 1390 3767; x_wconf 88' lang='lat' dir='ltr'><strong>J.</strong></span> <span class='ocrx_word' id='word_1_258' title='bbox 1416 3715 1484 3768; x_wconf 79' lang='lat' dir='ltr'><strong>A.</strong></span> 
     </span>
    </p>
   </div>
   <div class='ocr_carea' id='block_1_11' title="bbox 456 3784 1490 4265">
    <p class='ocr_par' dir='ltr' id='par_1_12' title="bbox 456 3784 1490 4106">
     <span class='ocr_line' id='line_1_38' title="bbox 456 3784 1489 3862; baseline 0 -13"><span class='ocrx_word' id='word_1_259' title='bbox 456 3793 747 3851; x_wconf 83' lang='lat' dir='ltr'><strong>Ernestius.</strong></span> <span class='ocrx_word' id='word_1_260' title='bbox 770 3784 1162 3849; x_wconf 76' lang='lat' dir='ltr'><strong>Malim&#39;tamen</strong></span> <span class='ocrx_word' id='word_1_261' title='bbox 1172 3796 1377 3862; x_wconf 74' lang='lat' dir='ltr'><strong>privati.</strong></span> <span class='ocrx_word' id='word_1_262' title='bbox 1395 3794 1489 3849; x_wconf 81' lang='lat' dir='ltr'><strong>so·</strong></span> 
     </span>
     <span class='ocr_line' id='line_1_39' title="bbox 456 3872 1489 3951; baseline -0.001 -22"><span class='ocrx_word' id='word_1_263' title='bbox 456 3878 557 3931; x_wconf 80' lang='lat' dir='ltr'><strong>lius</strong></span> <span class='ocrx_word' id='word_1_264' title='bbox 567 3878 695 3951; x_wconf 78' lang='lat' dir='ltr'><strong>Traj</strong></span> <span class='ocrx_word' id='word_1_265' title='bbox 702 3876 789 3930; x_wconf 77' lang='lat' dir='ltr'><strong>ani</strong></span> <span class='ocrx_word' id='word_1_266' title='bbox 804 3872 995 3948; x_wconf 78' lang='lat' dir='ltr'><strong>privati</strong></span> <span class='ocrx_word' id='word_1_267' title='bbox 1012 3872 1279 3947; x_wconf 81' lang='lat' dir='ltr'><strong>judicium</strong></span> <span class='ocrx_word' id='word_1_268' title='bbox 1294 3872 1489 3945; x_wconf 77' lang='lat' dir='ltr'><strong>respici</strong></span> 
     </span>
     <span class='ocr_line' id='line_1_40' title="bbox 456 3955 1490 4027; baseline -0.004 -16"><span class='ocrx_word' id='word_1_269' title='bbox 456 3958 666 4013; x_wconf 77' lang='lat' dir='ltr'><strong>videtur</strong></span> <span class='ocrx_word' id='word_1_270' title='bbox 695 3974 710 4009; x_wconf 73' lang='grc' dir='ltr'><strong><em>ε</em></strong></span> <span class='ocrx_word' id='word_1_271' title='bbox 738 3972 867 4009; x_wconf 75' lang='lat' dir='ltr'><strong>nam</strong></span> <span class='ocrx_word' id='word_1_272' title='bbox 904 3955 1143 4027; x_wconf 86' lang='lat' dir='ltr'><strong>sequitur</strong></span> <span class='ocrx_word' id='word_1_273' title='bbox 1160 3992 1177 4016; x_wconf 87' lang='lat'><em>,</em></span> <span class='ocrx_word' id='word_1_274' title='bbox 1210 3974 1363 4024; x_wconf 80' lang='lat' dir='ltr'><strong>quam</strong></span> <span class='ocrx_word' id='word_1_275' title='bbox 1397 3957 1490 4007; x_wconf 78' lang='lat' dir='ltr'><strong>eibi</strong></span> 
     </span>
     <span class='ocr_line' id='line_1_41' title="bbox 456 4036 1399 4106; baseline -0.008 -14"><span class='ocrx_word' id='word_1_276' title='bbox 456 4043 610 4092; x_wconf 79' lang='lat' dir='ltr'><em>alium</em></span> <span class='ocrx_word' id='word_1_277' title='bbox 619 4039 913 4106; x_wconf 75' lang='lat' dir='ltr'><strong>precabare.</strong></span> <span class='ocrx_word' id='word_1_278' title='bbox 934 4036 989 4089; x_wconf 90' lang='lat' dir='ltr'><strong>S.</strong></span> <span class='ocrx_word' id='word_1_279' title='bbox 1391 4048 1399 4057; x_wconf 92' lang='grc'><em>·</em></span> 
     </span>
    </p>

    <p class='ocr_par' dir='ltr' id='par_1_13' title="bbox 458 4116 1484 4265">
     <span class='ocr_line' id='line_1_42' title="bbox 534 4116 1481 4184; baseline 0.004 -19"><span class='ocrx_word' id='word_1_280' title='bbox 534 4147 598 4159; x_wconf 91' lang='lat'><em>-</em></span> <span class='ocrx_word' id='word_1_281' title='bbox 618 4118 819 4166; x_wconf 78' lang='lat' dir='ltr'><strong>Privato</strong></span> <span class='ocrx_word' id='word_1_282' title='bbox 832 4116 1026 4182; x_wconf 76' lang='lat' dir='ltr'><strong>judicio</strong></span> <span class='ocrx_word' id='word_1_283' title='bbox 1037 4117 1313 4182; x_wconf 74' lang='lat' dir='ltr'><strong>principem</strong></span> <span class='ocrx_word' id='word_1_284' title='bbox 1332 4118 1481 4184; x_wconf 65' lang='lat' dir='ltr'><strong>geris.</strong></span> 
     </span>
     <span class='ocr_line' id='line_1_43' title="bbox 458 4192 1484 4265; baseline 0.002 -18"><span class='ocrx_word' id='word_1_285' title='bbox 458 4194 523 4247; x_wconf 81' lang='lat' dir='ltr'><strong>Id</strong></span> <span class='ocrx_word' id='word_1_286' title='bbox 530 4206 607 4247; x_wconf 75' lang='lat' dir='ltr'><strong>est</strong></span> <span class='ocrx_word' id='word_1_287' title='bbox 621 4192 844 4263; x_wconf 82' lang='lat' dir='ltr'><strong>,judicio</strong></span> <span class='ocrx_word' id='word_1_288' title='bbox 856 4192 1042 4265; x_wconf 77' lang='lat' dir='ltr'><strong>privati</strong></span> <span class='ocrx_word' id='word_1_289' title='bbox 1056 4230 1073 4257; x_wconf 93' lang='lat'><em>,</em></span> <span class='ocrx_word' id='word_1_290' title='bbox 1089 4192 1235 4264; x_wconf 86' lang='lat' dir='ltr'><strong>quod</strong></span> <span class='ocrx_word' id='word_1_291' title='bbox 1250 4194 1484 4261; x_wconf 74' lang='lat' dir='ltr'><strong>privatus</strong></span> 
     </span>
    </p>
   </div>
   <div class='ocr_carea' id='block_1_12' title="bbox 1571 2508 2629 3539">
    <p class='ocr_par' dir='ltr' id='par_1_14' title="bbox 1583 2508 1930 2563">
     <span class='ocr_line' id='line_1_44' title="bbox 1583 2508 1930 2563; baseline 0.012 -4"><span class='ocrx_word' id='word_1_292' title='bbox 1583 2522 1763 2562; x_wconf 79' lang='lat' dir='ltr'><strong>torum.</strong></span> <span class='ocrx_word' id='word_1_293' title='bbox 1790 2508 1930 2563; x_wconf 70' lang='lat' dir='ltr'><strong>Eun.</strong></span> 
     </span>
    </p>

    <p class='ocr_par' dir='ltr' id='par_1_15' title="bbox 1571 2586 2629 3539">
     <span class='ocr_line' id='line_1_45' title="bbox 1653 2586 2628 2661; baseline 0 -19"><span class='ocrx_word' id='word_1_294' title='bbox 1653 2597 1707 2655; x_wconf 72' lang='grc'><strong>4.</strong></span> <span class='ocrx_word' id='word_1_295' title='bbox 1731 2593 2030 2659; x_wconf 75' lang='lat' dir='ltr'><strong>Adoptami.</strong></span> <span class='ocrx_word' id='word_1_296' title='bbox 2053 2589 2240 2643; x_wconf 61' lang='lat' dir='ltr'><strong>Nerva</strong></span> <span class='ocrx_word' id='word_1_297' title='bbox 2258 2586 2536 2661; x_wconf 71' lang='lat' dir='ltr'><strong>adoptanti</strong></span> <span class='ocrx_word' id='word_1_298' title='bbox 2563 2600 2628 2642; x_wconf 84' lang='lat' dir='ltr'><strong>te</strong></span> 
     </span>
     <span class='ocr_line' id='line_1_46' title="bbox 1581 2667 2628 2732; baseline -0.001 -10"><span class='ocrx_word' id='word_1_299' title='bbox 1581 2668 1722 2722; x_wconf 79' lang='lat' dir='ltr'><strong>hanc</strong></span> <span class='ocrx_word' id='word_1_300' title='bbox 1735 2668 2128 2722; x_wconf 77' lang='lat' dir='ltr'><strong>excusationem</strong></span> <span class='ocrx_word' id='word_1_301' title='bbox 2141 2668 2434 2732; x_wconf 71' lang='lat' dir='ltr'><strong>asserebas,</strong></span> <span class='ocrx_word' id='word_1_302' title='bbox 2451 2667 2628 2721; x_wconf 82' lang='lat' dir='ltr'><strong>nimis</strong></span> 
     </span>
     <span class='ocr_line' id='line_1_47' title="bbox 1579 2747 2626 2819; baseline -0.002 -18"><span class='ocrx_word' id='word_1_303' title='bbox 1579 2747 1829 2802; x_wconf 75' lang='lat' dir='ltr'><strong>difficile·</strong></span> <span class='ocrx_word' id='word_1_304' title='bbox 1815 2766 1950 2802; x_wconf 90' lang='lat' dir='ltr'><strong>·esse</strong></span> <span class='ocrx_word' id='word_1_305' title='bbox 1994 2757 2106 2803; x_wconf 75' lang='lat' dir='ltr'><strong>tam</strong></span> <span class='ocrx_word' id='word_1_306' title='bbox 2151 2748 2296 2801; x_wconf 85' lang='lat' dir='ltr'><strong>bono</strong></span> <span class='ocrx_word' id='word_1_307' title='bbox 2340 2747 2573 2819; x_wconf 81' lang='lat' dir='ltr'><strong>principi</strong></span> <span class='ocrx_word' id='word_1_308' title='bbox 2603 2778 2626 2813; x_wconf 55' lang='lat'><em>5</em></span> 
     </span>
     <span class='ocr_line' id='line_1_48' title="bbox 1579 2826 2628 2900; baseline -0.001 -19"><span class='ocrx_word' id='word_1_309' title='bbox 1579 2846 1742 2900; x_wconf 78' lang='lat' dir='ltr'><strong>quam</strong></span> <span class='ocrx_word' id='word_1_310' title='bbox 1769 2840 1906 2883; x_wconf 85' lang='lat' dir='ltr'><strong>esset</strong></span> <span class='ocrx_word' id='word_1_311' title='bbox 1923 2829 2101 2885; x_wconf 68' lang='lat' dir='ltr'><strong>Nerva</strong></span> <span class='ocrx_word' id='word_1_312' title='bbox 2116 2864 2134 2893; x_wconf 84' lang='lat'><strong>,</strong></span> <span class='ocrx_word' id='word_1_313' title='bbox 2161 2826 2462 2883; x_wconf 82' lang='lat' dir='ltr'><strong>succedere.</strong></span> <span class='ocrx_word' id='word_1_314' title='bbox 2477 2830 2628 2880; x_wconf 78' lang='lat' dir='ltr'><strong>Ado-</strong></span> 
     </span>
     <span class='ocr_line' id='line_1_49' title="bbox 1571 2904 2627 2979; baseline 0.003 -19"><span class='ocrx_word' id='word_1_315' title='bbox 1571 2911 1744 2977; x_wconf 65' lang='lat' dir='ltr'><strong>pruna·</strong></span> <span class='ocrx_word' id='word_1_316' title='bbox 1759 2905 1952 2963; x_wconf 85' lang='lat' dir='ltr'><strong>diserte</strong></span> <span class='ocrx_word' id='word_1_317' title='bbox 1977 2926 2086 2979; x_wconf 73' lang='lat' dir='ltr'><strong>prae</strong></span> <span class='ocrx_word' id='word_1_318' title='bbox 2111 2926 2168 2962; x_wconf 81' lang='lat' dir='ltr'><strong>se</strong></span> <span class='ocrx_word' id='word_1_319' title='bbox 2195 2908 2373 2961; x_wconf 77' lang='lat' dir='ltr'><strong>ferunt</strong></span> <span class='ocrx_word' id='word_1_320' title='bbox 2397 2904 2627 2963; x_wconf 80' lang='lat' dir='ltr'><strong>codices</strong></span> 
     </span>
     <span class='ocr_line' id='line_1_50' title="bbox 1577 2986 2626 3059; baseline 0.001 -19"><span class='ocrx_word' id='word_1_321' title='bbox 1577 2986 1727 3043; x_wconf 82' lang='lat' dir='ltr'><strong>MSS.</strong></span> <span class='ocrx_word' id='word_1_322' title='bbox 1738 2986 1938 3059; x_wconf 86' lang='lat' dir='ltr'><strong>plures.</strong></span> <span class='ocrx_word' id='word_1_323' title='bbox 1949 2987 2104 3041; x_wconf 65' lang='lat' dir='ltr'><strong>Melit</strong></span> <span class='ocrx_word' id='word_1_324' title='bbox 2111 2988 2270 3041; x_wconf 77' lang='lat' dir='ltr'><strong>etiam</strong></span> <span class='ocrx_word' id='word_1_325' title='bbox 2285 3006 2396 3039; x_wconf 81' lang='lat' dir='ltr'><strong>eam</strong></span> <span class='ocrx_word' id='word_1_326' title='bbox 2412 3004 2472 3040; x_wconf 82' lang='lat' dir='ltr'><strong>ex</strong></span> <span class='ocrx_word' id='word_1_327' title='bbox 2488 3004 2626 3041; x_wconf 80' lang='lat' dir='ltr'><strong>oon-</strong></span> 
     </span>
     <span class='ocr_line' id='line_1_51' title="bbox 1571 3066 2628 3140; baseline -0.001 -19"><span class='ocrx_word' id='word_1_328' title='bbox 1571 3069 1783 3140; x_wconf 70' lang='lat' dir='ltr'><strong>jectum</strong></span> <span class='ocrx_word' id='word_1_329' title='bbox 1805 3068 2036 3121; x_wconf 70' lang='lat' dir='ltr'><strong>inserere</strong></span> <span class='ocrx_word' id='word_1_330' title='bbox 2055 3068 2382 3121; x_wconf 71' lang='lat' dir='ltr'><strong>schwarzius</strong></span> <span class='ocrx_word' id='word_1_331' title='bbox 2391 3066 2461 3119; x_wconf 87' lang='lat' dir='ltr'><strong>h.</strong></span> <span class='ocrx_word' id='word_1_332' title='bbox 2475 3084 2552 3118; x_wconf 87' lang='lat' dir='ltr'><strong>m.</strong></span> <span class='ocrx_word' id='word_1_333' title='bbox 2565 3084 2628 3120; x_wconf 77' lang='lat' dir='ltr'><strong>es</strong></span> 
     </span>
     <span class='ocr_line' id='line_1_52' title="bbox 1575 3150 2629 3218; baseline 0.001 -20"><span class='ocrx_word' id='word_1_334' title='bbox 1575 3166 1690 3199; x_wconf 81' lang='lat' dir='ltr'><strong>eam</strong></span> <span class='ocrx_word' id='word_1_335' title='bbox 1697 3150 1946 3218; x_wconf 70' lang='lat' dir='ltr'><strong>affin-ebus</strong></span> <span class='ocrx_word' id='word_1_336' title='bbox 1954 3151 2324 3199; x_wconf 68' lang='lat' dir='ltr'><strong>excusationem</strong></span> <span class='ocrx_word' id='word_1_337' title='bbox 2332 3150 2618 3217; x_wconf 74' lang='lat' dir='ltr'><strong>adoptanti.</strong></span> <span class='ocrx_word' id='word_1_338' title='bbox 2611 3164 2629 3183; x_wconf 86' lang='lat'><strong>·</strong></span> 
     </span>
     <span class='ocr_line' id='line_1_53' title="bbox 1575 3226 2626 3299; baseline 0.003 -20"><span class='ocrx_word' id='word_1_339' title='bbox 1575 3226 1725 3299; x_wconf 85' lang='lat' dir='ltr'><strong>quod</strong></span> <span class='ocrx_word' id='word_1_340' title='bbox 1750 3226 1822 3282; x_wconf 78' lang='lat' dir='ltr'><strong>ad</strong></span> <span class='ocrx_word' id='word_1_341' title='bbox 1851 3228 2026 3281; x_wconf 85' lang='lat' dir='ltr'><strong>lucem</strong></span> <span class='ocrx_word' id='word_1_342' title='bbox 2053 3227 2325 3281; x_wconf 62' lang='lat' dir='ltr'><strong>sententia</strong></span> <span class='ocrx_word' id='word_1_343' title='bbox 2356 3226 2480 3280; x_wconf 79' lang='lat' dir='ltr'><strong>facit</strong></span> <span class='ocrx_word' id='word_1_344' title='bbox 2500 3226 2626 3283; x_wconf 80' lang='lat' dir='ltr'><strong>sine</strong></span> 
     </span>
     <span class='ocr_line' id='line_1_54' title="bbox 1577 3304 2622 3381; baseline 0.001 -22"><span class='ocrx_word' id='word_1_345' title='bbox 1577 3306 1758 3361; x_wconf 82' lang='lat' dir='ltr'><strong>dubio.</strong></span> <span class='ocrx_word' id='word_1_346' title='bbox 1788 3304 1970 3381; x_wconf 78' lang='lat' dir='ltr'><strong>Vulgo</strong></span> <span class='ocrx_word' id='word_1_347' title='bbox 2009 3306 2200 3379; x_wconf 75' lang='lat' dir='ltr'><strong>legitur</strong></span> <span class='ocrx_word' id='word_1_348' title='bbox 2226 3344 2242 3371; x_wconf 90' lang='lat'><strong>,</strong></span> <span class='ocrx_word' id='word_1_349' title='bbox 2285 3322 2338 3358; x_wconf 80' lang='lat' dir='ltr'><strong>ee</strong></span> <span class='ocrx_word' id='word_1_350' title='bbox 2367 3309 2622 3377; x_wconf 65' lang='lat' dir='ltr'><strong>ffnbas</strong></span> 
     </span>
     <span class='ocr_line' id='line_1_55' title="bbox 1576 3384 2624 3457; baseline -0.002 -18"><span class='ocrx_word' id='word_1_351' title='bbox 1576 3390 1943 3440; x_wconf 67' lang='lat' dir='ltr'><strong>excusacionem</strong></span> <span class='ocrx_word' id='word_1_352' title='bbox 1978 3390 2226 3455; x_wconf 74' lang='lat' dir='ltr'><strong>adoptati.</strong></span> <span class='ocrx_word' id='word_1_353' title='bbox 2258 3385 2363 3441; x_wconf 77' lang='lat' dir='ltr'><strong>Sed</strong></span> <span class='ocrx_word' id='word_1_354' title='bbox 2388 3402 2506 3457; x_wconf 65' lang='lat' dir='ltr'><strong>qum</strong></span> <span class='ocrx_word' id='word_1_355' title='bbox 2544 3384 2624 3440; x_wconf 79' lang='lat' dir='ltr'><strong>sit</strong></span> 
     </span>
     <span class='ocr_line' id='line_1_56' title="bbox 1577 3464 2616 3539; baseline -0.001 -19"><span class='ocrx_word' id='word_1_356' title='bbox 1577 3466 1814 3539; x_wconf 75' lang='lat' dir='ltr'><strong>adoptati</strong></span> <span class='ocrx_word' id='word_1_357' title='bbox 1848 3467 2119 3521; x_wconf 75' lang='lat' dir='ltr'><strong>excusatio</strong></span> <span class='ocrx_word' id='word_1_358' title='bbox 2143 3504 2160 3531; x_wconf 87' lang='lat'>‚</span> <span class='ocrx_word' id='word_1_359' title='bbox 2194 3485 2307 3520; x_wconf 87' lang='lat' dir='ltr'><strong>non</strong></span> <span class='ocrx_word' id='word_1_360' title='bbox 2329 3464 2570 3537; x_wconf 77' lang='lat' dir='ltr'><strong>intelligo</strong></span> <span class='ocrx_word' id='word_1_361' title='bbox 2595 3484 2616 3519; x_wconf 74' lang='grc' dir='ltr'><em>τ</em></span> 
     </span>
    </p>
   </div>
   <div class='ocr_carea' id='block_1_13' title="bbox 1541 3545 2622 3620">
    <p class='ocr_par' dir='ltr' id='par_1_16' title="bbox 1541 3545 2622 3620">
     <span class='ocr_line' id='line_1_57' title="bbox 1541 3545 2622 3620; baseline -0.005 -17"><span class='ocrx_word' id='word_1_362' title='bbox 1541 3558 1746 3620; x_wconf 76' lang='lat' dir='ltr'><strong>·potest</strong></span> <span class='ocrx_word' id='word_1_363' title='bbox 1791 3548 1937 3601; x_wconf 87' lang='lat' dir='ltr'><strong>enim</strong></span> <span class='ocrx_word' id='word_1_364' title='bbox 1975 3545 2270 3619; x_wconf 75' lang='lat' dir='ltr'><strong>deprecari.</strong></span> <span class='ocrx_word' id='word_1_365' title='bbox 2315 3546 2430 3600; x_wconf 77' lang='lat' dir='ltr'><strong>Nisi</strong></span> <span class='ocrx_word' id='word_1_366' title='bbox 2473 3546 2622 3599; x_wconf 75' lang='lat' dir='ltr'><strong>forte</strong></span> 
     </span>
    </p>
   </div>
   <div class='ocr_carea' id='block_1_14' title="bbox 1564 3624 2620 4269">
    <p class='ocr_par' dir='ltr' id='par_1_17' title="bbox 1564 3624 2620 4269">
     <span class='ocr_line' id='line_1_58' title="bbox 1575 3624 2618 3701; baseline -0.003 -20"><span class='ocrx_word' id='word_1_367' title='bbox 1575 3626 1725 3701; x_wconf 88' lang='lat' dir='ltr'><strong>quod</strong></span> <span class='ocrx_word' id='word_1_368' title='bbox 1747 3626 1934 3680; x_wconf 85' lang='lat' dir='ltr'><strong>melior</strong></span> <span class='ocrx_word' id='word_1_369' title='bbox 1953 3624 2096 3679; x_wconf 88' lang='lat' dir='ltr'><strong>illius</strong></span> <span class='ocrx_word' id='word_1_370' title='bbox 2109 3644 2296 3681; x_wconf 78' lang='lat' dir='ltr'><strong>caussa</strong></span> <span class='ocrx_word' id='word_1_371' title='bbox 2313 3638 2393 3679; x_wconf 89' lang='lat' dir='ltr'><strong>est</strong></span> <span class='ocrx_word' id='word_1_372' title='bbox 2407 3664 2422 3689; x_wconf 93' lang='lat'>,</span> <span class='ocrx_word' id='word_1_373' title='bbox 2445 3642 2618 3697; x_wconf 76' lang='lat' dir='ltr'><strong>qum</strong></span> 
     </span>
     <span class='ocr_line' id='line_1_59' title="bbox 1574 3703 2616 3779; baseline -0.003 -18"><span class='ocrx_word' id='word_1_374' title='bbox 1574 3706 1773 3779; x_wconf 79' lang='lat' dir='ltr'><strong>siquis</strong></span> <span class='ocrx_word' id='word_1_375' title='bbox 1805 3718 2030 3779; x_wconf 83' lang='lat' dir='ltr'><strong>sponte,</strong></span> <span class='ocrx_word' id='word_1_376' title='bbox 2065 3705 2222 3759; x_wconf 79' lang='lat' dir='ltr'><strong>velvi</strong></span> <span class='ocrx_word' id='word_1_377' title='bbox 2253 3703 2387 3759; x_wconf 72' lang='lat' dir='ltr'><strong>adeo</strong></span> <span class='ocrx_word' id='word_1_378' title='bbox 2410 3742 2426 3769; x_wconf 90' lang='lat'><strong>,</strong></span> <span class='ocrx_word' id='word_1_379' title='bbox 2453 3704 2616 3759; x_wconf 81' lang='lat' dir='ltr'><strong>sein-</strong></span> 
     </span>
     <span class='ocr_line' id='line_1_60' title="bbox 1575 3782 2620 3860; baseline -0.003 -19"><span class='ocrx_word' id='word_1_380' title='bbox 1575 3786 1757 3860; x_wconf 75' lang='lat' dir='ltr'><strong>gessit.</strong></span> <span class='ocrx_word' id='word_1_381' title='bbox 1787 3786 2106 3842; x_wconf 73' lang='lat' dir='ltr'><strong>Arntsenius</strong></span> <span class='ocrx_word' id='word_1_382' title='bbox 2133 3789 2366 3856; x_wconf 76' lang='lat' dir='ltr'><strong>adoptati</strong></span> <span class='ocrx_word' id='word_1_383' title='bbox 2387 3782 2620 3857; x_wconf 75' lang='lat' dir='ltr'><strong>explicat</strong></span> 
     </span>
     <span class='ocr_line' id='line_1_61' title="bbox 1564 3872 2620 3946; baseline 0 -19"><span class='ocrx_word' id='word_1_384' title='bbox 1564 3891 1777 3946; x_wconf 76' lang='lat' dir='ltr'><strong>propter</strong></span> <span class='ocrx_word' id='word_1_385' title='bbox 1795 3878 2117 3945; x_wconf 76' lang='lat' dir='ltr'><strong>adoptionem</strong></span> <span class='ocrx_word' id='word_1_386' title='bbox 2129 3912 2145 3939; x_wconf 91' lang='lat'><strong>,</strong></span> <span class='ocrx_word' id='word_1_387' title='bbox 2159 3872 2438 3927; x_wconf 80' lang='lat' dir='ltr'><strong>deficiente</strong></span> <span class='ocrx_word' id='word_1_388' title='bbox 2457 3884 2620 3945; x_wconf 73' lang='lat' dir='ltr'><strong>parte·</strong></span> 
     </span>
     <span class='ocr_line' id='line_1_62' title="bbox 1573 3951 2612 4028; baseline -0.002 -19"><span class='ocrx_word' id='word_1_389' title='bbox 1573 3957 1842 4028; x_wconf 86' lang='lat' dir='ltr'><strong>suscipere</strong></span> <span class='ocrx_word' id='word_1_390' title='bbox 1875 3966 2094 4010; x_wconf 81' lang='lat' dir='ltr'><strong>coactus</strong></span> <span class='ocrx_word' id='word_1_391' title='bbox 2129 3973 2184 4009; x_wconf 85' lang='lat' dir='ltr'><strong>es</strong></span> <span class='ocrx_word' id='word_1_392' title='bbox 2207 3968 2345 4007; x_wconf 85' lang='lat' dir='ltr'><strong>onus</strong></span> <span class='ocrx_word' id='word_1_393' title='bbox 2379 3951 2612 4025; x_wconf 80' lang='lat' dir='ltr'><strong>imperii..</strong></span> 
     </span>
     <span class='ocr_line' id='line_1_63' title="bbox 1571 4030 2614 4107; baseline -0.006 -14"><span class='ocrx_word' id='word_1_394' title='bbox 1571 4036 1674 4093; x_wconf 87' lang='lat' dir='ltr'><strong>Sed</strong></span> <span class='ocrx_word' id='word_1_395' title='bbox 1693 4054 1802 4090; x_wconf 87' lang='lat' dir='ltr'><strong>non</strong></span> <span class='ocrx_word' id='word_1_396' title='bbox 1817 4035 2125 4105; x_wconf 72' lang='lat' dir='ltr'><strong>intelligitur</strong></span> <span class='ocrx_word' id='word_1_397' title='bbox 2138 4046 2339 4098; x_wconf 76' lang='lat' dir='ltr'><strong>tamen,</strong></span> <span class='ocrx_word' id='word_1_398' title='bbox 2350 4030 2480 4107; x_wconf 88' lang='lat' dir='ltr'><strong>quid</strong></span> <span class='ocrx_word' id='word_1_399' title='bbox 2501 4031 2614 4087; x_wconf 86' lang='lat' dir='ltr'><strong>boc</strong></span> 
     </span>
     <span class='ocr_line' id='line_1_64' title="bbox 1571 4113 2614 4172; baseline -0.003 -2"><span class='ocrx_word' id='word_1_400' title='bbox 1571 4116 1733 4172; x_wconf 63' lang='lat' dir='ltr'><strong>facist</strong></span> <span class='ocrx_word' id='word_1_401' title='bbox 1745 4113 1816 4169; x_wconf 76' lang='lat' dir='ltr'><strong>ad</strong></span> <span class='ocrx_word' id='word_1_402' title='bbox 1834 4128 2224 4170; x_wconf 74' lang='lat' dir='ltr'><strong>antecessorem</strong></span> <span class='ocrx_word' id='word_1_403' title='bbox 2242 4114 2447 4167; x_wconf 85' lang='lat' dir='ltr'><strong>bonum</strong></span> <span class='ocrx_word' id='word_1_404' title='bbox 2461 4113 2486 4166; x_wconf 73' lang='grc' dir='ltr'>Ρ</span> <span class='ocrx_word' id='word_1_405' title='bbox 2501 4114 2614 4167; x_wconf 76' lang='lat' dir='ltr'><strong>Ita-</strong></span> 
     </span>
     <span class='ocr_line' id='line_1_65' title="bbox 1571 4190 2608 4269; baseline -0.004 -20"><span class='ocrx_word' id='word_1_406' title='bbox 1571 4198 1948 4269; x_wconf 78' lang='lat' dir='ltr'><strong>queadoptanei</strong></span> <span class='ocrx_word' id='word_1_407' title='bbox 1954 4195 2124 4267; x_wconf 78' lang='lat' dir='ltr'><strong>magis</strong></span> <span class='ocrx_word' id='word_1_408' title='bbox 2131 4208 2339 4265; x_wconf 85' lang='lat' dir='ltr'><strong>semper</strong></span> <span class='ocrx_word' id='word_1_409' title='bbox 2345 4190 2608 4265; x_wconf 62' lang='lat' dir='ltr'><strong>placetoss.</strong></span> 
     </span>
    </p>
   </div>
  </div>
 </body>
</html>
