2857 4690
552 315 637 386 32
1126 323 1202 391 C.
1252 325 1593 396 PLINII
1641 327 1835 394 LIB.
1870 325 2094 396 VIII.

572 531 657 550 m
662 529 1209 554 §umbfflmmm
1669 533 2670 556 ”mmmmm

1476 722 1728 809 XVI.

543 952 635 1006 De
666 946 883 1006 morbis
920 959 979 1006 et
1008 961 1197 1006 morte
1220 967 1526 1008 servorum
1563 948 1858 1026 queritur,
1885 947 2095 1008 additis
2125 948 2360 1007 solatiis.
2392 953 2450 1008 Is
2475 961 2686 1008 autem

622 1065 819 1104 sensus
854 1057 1015 1102 tanto
1054 1045 1233 1124 magis
1274 1045 1530 1104 animum
1565 1046 1688 1124 ejus
1719 1044 2083 1104 commendat
2100 1089 2117 1118 ,
2150 1058 2369 1124 quanto
2403 1045 2686 1106 duriores

622 1141 872 1202 Romani
900 1142 1164 1222 plerique
1186 1143 1307 1202 fere
1332 1161 1534 1202 omnes
1559 1156 1728 1202 erant
1751 1143 1814 1201 in
1841 1142 2154 1202 tractandis
2181 1144 2382 1202 servis,
2409 1149 2518 1204 En.

962 1350 1023 1396 c.
1077 1349 1432 1397 PLINIUS
1481 1323 1938 1398 arnano*
1987 1349 2148 1398 suo
2197 1350 2252 1397 s.

640 1531 1153 1600 Com-nemum
1189 1552 1296 1596 me
1332 1526 1754 1596 infirmitates
1787 1552 2124 1616 meorum,
2156 1543 2406 1598 mortes
2437 1529 2680 1617 etiam,

542 1653 609 1708 et
644 1637 910 1733 quidem
940 1639 1290 1731 juvenum.
1322 1635 1574 1706 Solatia
1604 1637 1773 1721 duo,
1805 1663 2226 1732 nequaquam
2255 1641 2446 1733 paria
2475 1655 2674 1709 tanto

542 1748 793 1834 dolori,
826 1747 1059 1818 solatia
1097 1762 1317 1816 tamen
1348 1773 1363 1815 :
1390 1771 1603 1816 unum
1651 1745 1933 1818 facilitas
1978 1748 2494 1818 manumittendi
2525 1751 2670 1846 (vi-

542 1856 705 1928 deor
740 1859 919 1928 enim
959 1883 1100 1927 non
1138 1858 1417 1927 omnino
1459 1858 1850 1927 immaturos
1892 1858 2284 1953 perdidisse,
2324 1885 2494 1956 quos
2523 1861 2672 1955 jam

542 1970 785 2040 liberos
823 1969 1141 2065 perdidi),
1179 1968 1499 2060 alterum,
1541 1995 1752 2064 quum
1787 1971 2106 2066 permitto
2150 1975 2356 2042 servis
2395 1999 2672 2068 quoque

540 2083 730 2176 quasi
790 2096 1187 2150 testamenta
1244 2079 1494 2168 facere,
1543 2106 1782 2176 eaque,
1832 2097 1908 2151 ut
1957 2081 2284 2176 legitima,
2333 2084 2668 2154 custodio.

474 2215 501 2246 2
539 2192 869 2261 Mandant
898 2205 1302 2286 rogantque,
1330 2190 1512 2286 quod
1539 2193 1758 2260 visum
1795 2217 1812 2259 τ
1850 2217 2051 2287 pareo
2090 2208 2166 2262 ut
2189 2195 2434 2288 jussus,
2472 2196 2668 2264 Divi-

539 2301 743 2392 dunt,
780 2301 1066 2389 donant‚
1106 2301 1531 2396 relinquunt,
1569 2301 1893 2373 duntaxat
1931 2304 2106 2373 intra
2147 2304 2460 2375 domum:
2505 2329 2668 2376 nam

469 2417 501 2471 3
540 2415 743 2482 servis
777 2412 1155 2508 respublica
1184 2412 1488 2507 quaedam
1525 2428 1590 2482 et
1622 2415 1813 2509 quasi
1847 2414 2082 2484 civitas
2110 2413 2348 2485 domus
2381 2430 2501 2485 est.
2533 2414 2667 2485 Sed

538 2548 943 2618 quamquam
979 2523 1083 2591 his
1129 2521 1381 2593 solatiis
1423 2524 1878 2618 acquiescam,
1908 2522 2226 2594 debilitor
2273 2541 2340 2595 et
2389 2526 2667 2621 frangor

536 2633 766 2703 eadem
813 2631 925 2702 illa
959 2634 1411 2723 humanitate,
1441 2659 1588 2728 quae
1623 2658 1767 2719 me,
1800 2649 1880 2703 ut
1907 2634 2039 2704 hoc
2069 2635 2288 2729 ipsum
2316 2637 2660 2729 permitte-

536 2770 713 2834 rem,
756 2744 1042 2814 induxit.
1090 2746 1245 2815 Non
1294 2742 1442 2813 ideo
1491 2759 1716 2814 tamen
1772 2744 1973 2814 velim
2015 2744 2252 2814 durior
2301 2744 2469 2815 fieri.
2514 2748 2662 2817 Nec

534 2856 809 2951 ignom,
834 2854 998 2926 alios
1025 2854 1409 2950 hujusmodi
1439 2880 1628 2925 casus
1655 2856 1823 2925 nihil
1849 2854 2133 2951 amplius
2160 2881 2427 2945 vocare,
2455 2881 2661 2951 quam

604 3070 1015 3124 XV1.*Paaem1·
1032 3069 1193 3141 hujus
1218 3067 1418 3142 judicio
1448 3085 1545 3120 au-

534 3160 651 3203 ctor
687 3146 973 3221 aliquando
1010 3168 1189 3203 servos
1226 3160 1443 3201 emerat.
1481 3148 1508 3199 Ι
1527 3186 1544 3213 ,

533 3249 619 3301 ep.
652 3249 709 3283 υ
722 3270 736 3283 .
761 3228 863 3281 ΕΔ).

610 3328 655 3363 1.
676 3316 791 3361 Iam
810 3310 999 3359 liberos.
1020 3304 1335 3377 Propediem
1359 3322 1549 3357 manu-

534 3385 847 3451 mittendos,
872 3403 980 3458 qua
1003 3403 1062 3437 re
1084 3403 1190 3438 non
1214 3382 1375 3436 modo
1399 3382 1549 3437 dam-

533 3486 665 3520 num
699 3464 984 3530 minuitur;
1023 3462 1115 3517 sed
1148 3462 1240 3515 illa
1276 3462 1547 3515 humanis·—

532 3546 666 3600 sima
692 3544 926 3599 exoritur
950 3542 1241 3596 consolatio
1254 3583 1270 3609 ‚
1292 3542 1461 3596 vicem
1487 3542 1548 3594 il-

531 3625 597 3679 lis
617 3645 723 3698 pro
739 3624 848 3677 suis
866 3624 1063 3677 meritis
1082 3621 1363 3676 redditam.
1384 3622 1454 3675 G.
1475 3652 1547 3663 —-

531 3708 705 3759 Immo
725 3742 740 3768 ‚
780 3704 890 3774 jam
934 3703 1304 3757 manumissos.
1353 3700 1542 3755 Facilis

530 3798 709 3841 autem
752 3781 1093 3837 manumissio
1118 3820 1134 3848 ,
1180 3782 1274 3835 tali
1320 3782 1542 3835 fortasse

528 3860 802 3920 occasione
822 3860 1024 3927 oblata,
1046 3861 1217 3933 qualis
1234 3860 1508 3932 supraVII
1524 3898 1540 3923 ,

532 3948 596 4001 32
614 3984 631 4010 ‚
668 3953 1007 3996 memoratur.
1047 3940 1101 3994 S.
1135 3972 1206 3981 ——-
1236 3946 1394 4007 Quum
1424 3960 1544 4007 per-

529 4028 686 4077 mitto.
706 4021 918 4077 eortius
936 4033 991 4075 et
1004 4020 1267 4092 Gierigius
1285 4024 1423 4089 quod
1430 4040 1544 4087 per·

526 4108 682 4159 mino.
710 4104 872 4158 Bene.
905 4102 960 4157 S.
990 4132 1063 4143 --
1085 4106 1393 4153 Testamenta
1417 4099 1542 4172 legi·

1641 3068 1772 3122 tima
1787 3068 1959 3122 facere
1970 3070 2059 3141 jus
2071 3070 2364 3123 Romanum
2381 3088 2532 3124 servo
2549 3088 2658 3122 non

1642 3148 1991 3219 permittebat.
2017 3150 2121 3203 En.

1716 3246 1765 3281 2.
1782 3234 1943 3281 Pareo
1960 3234 2201 3299 uejussus.
2218 3233 2467 3283 Dividunt.
2480 3230 2657 3283 Etiam

1641 3306 1730 3361 hic
1765 3307 1912 3361 locus
1941 3306 2181 3361 Mediceo
2210 3308 2346 3361 libro
2377 3310 2656 3363 sanitatem

1641 3384 1815 3451 debet.
1857 3386 1964 3440 Alii
1979 3424 1994 3451 ,
2023 3406 2181 3456 pareo
2208 3390 2358 3441 ocius.
2391 3392 2498 3440 Suis
2531 3390 2654 3439 divi-

1641 3469 1780 3518 dunt.
1807 3465 1876 3519 G.

1711 3576 1784 3587 —
1795 3548 1949 3612 Quasi
1961 3548 2146 3599 civicas.
2159 3546 2342 3610 Quum
2360 3544 2486 3599 alias
2502 3559 2653 3613 eaput

1639 3644 1752 3678 non
1776 3624 1967 3679 habeat
1985 3644 2168 3679 servus
2184 3662 2202 3688 ‚
2230 3643 2329 3678 nec
2347 3625 2512 3678 ullam
2531 3623 2654 3679 civi·

1637 3703 1700 3758 lis
1711 3704 1849 3777 juris
1871 3704 2298 3757 communionem
2311 3742 2327 3768 ‚
2349 3722 2412 3759 ac
2431 3701 2651 3776 proinde

1636 3801 1736 3838 nec
1755 3786 1932 3837 facere
1953 3794 2076 3837 testa
2083 3794 2318 3836 mentum
2336 3821 2353 3847 ‚
2369 3802 2468 3837 nec
2485 3782 2652 3855 perci—

1637 3882 1762 3935 pere
1785 3882 1846 3917 ex
1863 3863 1966 3916 alio
1993 3876 2300 3917 testamento
2320 3864 2610 3937 quidquam
2631 3898 2648 3923 ,

1637 3942 1782 4015 quod
1809 3962 1963 3996 suum
1985 3943 2052 3997 sit
2070 3981 2087 4007 ‚
2113 3944 2313 4016 possit,
2344 3962 2510 4016 quum
2535 3942 2646 4015 ipse

1637 4022 1706 4075 sit
1730 4022 1948 4076 domini.
1975 4022 2044 4075 G.

1712 4100 1762 4154 3.
1789 4104 1996 4155 Alios....
2017 4104 2267 4154 damnum.
2291 4104 2471 4169 Quum
2489 4099 2644 4155 mori—
