2857 4690
474 305 613 376 216
1112 314 1188 378 C.
1246 313 1592 381 PLINII
1643 313 1832 380 LIB.
1885 315 1970 380 X.

468 455 609 511 esse
664 429 1024 506 desierunt.
1094 437 1383 504 Mutata'
1412 439 1598 504 enim
1675 435 2060 506 conditione
2123 437 2572 506 certaminum
2599 489 2619 523 ,

466 541 937 631 nihilominuS,
978 569 1129 638 quae
1170 561 1327 616 ante
1366 563 1835 642 perceperant,
1877 571 2018 616 non
2049 562 2472 617 revocantur.

464 717 823 785 quorumdam
840 718 1215 782 certaminum,
1234 738 1353 790 qum
1370 732 1488 773 tum
1585 721 1934 773 certaminum
1953 758 1969 784 ,
1997 739 2096 792 pro
2121 721 2317 794 quibus
2343 719 2482 772 nihil
2511 739 2618 773 am-

464 793 755 862 darentur,
790 815 959 868 quum
990 797 1280 852 vincerent.
1308 799 1377 852 At
1400 819 1488 852 re-
1584 799 1722 871 plius
1761 799 1955 863 datur-3
1995 800 2158 853 etiam
2201 819 2308 852 non
2349 799 2618 871 postulare

465 874 688 946 spondet
718 875 1027 949 imperator,
1059 877 1105 930 si
1136 890 1279 932 retro
1310 879 1490 934 valere
1585 879 1778 934 dehere
1789 881 2154 953 premia,quoe
2167 892 2306 944 tum,
2325 899 2500 952 quum
2509 881 2620 934 vin·

464 953 627 1007 velint
662 955 837 1028 legem
859 995 877 1021 ,
915 975 1034 1030 quae
1061 958 1317 1012 decernat
1350 977 1489 1032 prae-
1587 971 1796 1025 cerent,
1815 959 2060 1014 nondum
2077 962 2292 1014 fuerant
2307 961 2615 1014 constituta.

463 1035 571 1088 mia
606 1053 783 1100 nova,
811 1037 969 1090 etiam
1006 1050 1148 1092 retro
1184 1040 1363 1092 valere
1397 1039 1490 1093 de·
1587 1043 1860 1095 Lacunam
1903 1041 2069 1112 igitur
2117 1041 2204 1094 hic
2250 1059 2366 1094 esse
2413 1041 2614 1106 sentio,

462 1117 591 1168 bere
652 1133 772 1169 eam
803 1154 821 1181 ,
868 1136 987 1189 qun
1030 1118 1239 1172 auferat
1290 1132 1486 1174 vetera.
1587 1121 1785 1192 quibus
1804 1121 2020 1194 proprie
2042 1121 2218 1174 verbis
2239 1119 2306 1173 sit
2331 1118 2616 1191 explenda,

463 1193 517 1247 Si
538 1196 794 1264 posterius
814 1215 927 1250 non
952 1197 1187 1270 placeat,
1206 1199 1251 1252 si
1269 1197 1492 1254 reddere
1586 1199 1844 1254 hariolari
1873 1199 2020 1254 nolo.
2033 1200 2104 1254 G.
2123 1232 2196 1244 —-
2219 1206 2472 1252 amem
2485 1239 2502 1263 ,
2541 1217 2619 1252 re·

464 1273 637 1326 nolint
654 1276 870 1348 promia
892 1277 1001 1348 jam
1028 1290 1277 1354 percepta
1303 1298 1490 1332 eorum
1588 1291 1767 1351 petere
1793 1291 1854 1332 ut
1879 1279 1994 1345 ΙΙΙ,
2029 1298 2064 1348 9
2083 1317 2099 1343 ,
2131 1297 2212 1352 ¹7·
2251 1279 2355 1332 En.

465 1449 649 1471 mm·

1020 1455 1446 1474 mmmm

1354 1611 1718 1700 CXXI.

774 1827 1026 1882 Excusat
1056 1843 1149 1894 se,
1182 1823 1343 1900 quod
1374 1841 1621 1882 uxorem
1651 1823 1969 1902 diplomate
2003 1824 2311 1902 adjuverit.

1785 1456 1872 1476 w·
1879 1456 2154 1474 mmm

913 2009 977 2056 C.
1031 2009 1389 2056 PLINIUS
1437 2009 1832 2056 TRAIANO
1881 2010 2061 2057 IMP.
2113 2011 2170 2058 S.

564 2163 808 2246 Ustz
849 2165 920 2232 in
962 2163 1095 2232 hoc
1148 2177 1450 2258 tempuS,
1491 2163 1819 2249 Domine,
1873 2186 2093 2256 neque
2135 2163 2452 2256 cuiquam
2511 2163 2616 2232 di-

466 2273 765 2369 plomata
783 2271 1238 2361 commodavi,
1271 2298 1490 2399 neque
1509 2273 1576 2340 in
1597 2297 1735 2342 rem
1767 2271 2011 2362 ullam,
2039 2273 2166 2342 nisi
2195 2276 2614 2363 tuam,'misi:

466 2410 671 2479 quam
712 2400 1107 2480 perpetuam
1149 2398 1594 2455 servationem
1645 2410 1864 2454 meam
1905 2384 2212 2479 quaedam
2259 2387 2618 2457 necessitas

468 2496 675 2590 rupit.
735 2495 955 2565 Uxori
1015 2496 1197 2565 enim
1256 2521 1419 2565 meae
1443 2548 1463 2581 ‚
1501 2494 1729 2565 audita
1771 2509 1986 2563 morte
2035 2494 2180 2581 avi,
2236 2494 2492 2564 volenti
2533 2495 2616 2564 ad

466 2604 743 2673 amitam
780 2628 971 2673 suam
999 2630 1351 2675 excurrere
1375 2661 1395 2695 ,
1441 2629 1638 2676 usum
1670 2630 1906 2675 eorum
1931 2628 2179 2700 negare
2205 2604 2458 2675 durum
2495 2633 2616 2702 pu-

468 2715 636 2803 tavi,
684 2739 893 2809 quum
948 2714 1100 2785 talis
1140 2714 1345 2787 officii
1390 2718 1605 2812 gratia
1667 2717 1736 2783 in
1791 2713 2130 2783 celeritate
2177 2716 2616 2804 consisteret,

469 2829 845 2922 sciremque
867 2881 887 2914 ,
924 2842 991 2896 te
1011 2829 1342 2897 rationem
1371 2829 1628 2897 itineris
1654 2827 2098 2923 probaturum
2117 2879 2137 2913 ,
2157 2826 2350 2919 cujus
2383 2852 2618 2898 caussa

466 2952 627 3017 erat,
660 2940 892 3033 pietas.
959 2941 1120 3008 Haec
1164 2940 1439 3032 scripsi,
1490 2940 1649 3033 quia
1689 2938 1857 3007 mihi
1909 2962 2152 3031 parum
2215 2952 2450 3033 'gratus
2493 2940 2616 3009 tibi

466 3050 609 3119 fore
662 3048 974 3136 videbar,
1021 3049 1074 3118 si
1118 3048 1632 3119 dissimulassem
1691 3050 1868 3118 inter
1924 3047 2056 3117 alia
2111 3047 2440 3119 beneficia
2487 3049 2616 3119 hoc

465 3186 677 3231 unum
696 3214 715 3250 ,
754 3159 940 3255 quod
974 3184 1083 3229 me
1137 3160 1377 3231 debere
1412 3161 1702 3231 sciebam
1744 3157 2177 3254 indulgentiae
2222 3172 2393 3247 tuae,
2431 3158 2616 3255 quod

467 3272 707 3342 fiducia
744 3272 921 3365 ejus,
960 3270 1148 3365 quasi
1175 3269 1486 3339 consulto
1504 3284 1609 3355 te,
1637 3294 1773 3338 non
1803 3268 2104 3338 dubitavi
2127 3268 2379 3355 facere3
2409 3294 2614 3363 quem

467 3384 523 3451 si
562 3382 1080 3469 consuluissem,
1116 3405 1265 3451 sero
1302 3379 1618 3449 fecissem.

534 3560 728 3613 cxxl.
756 3580 805 3614 ι.
824 3564 1037 3628 Diplom.
1056 3557 1183 3612 Vid.
1201 3560 1396 3631 ep.'14.
1412 3556 1482 3610 G.
1586 3574 1769 3612 sensus
1809 3556 1980 3608 Plinio
2003 3555 2228 3627 dignus,
2255 3554 2301 3606 si
2333 3552 2406 3607 ita
2439 3555 2608 3627 legas:

540 3660 590 3693 a.
620 3640 699 3692 De
720 3660 812 3691 avo
832 3640 1032 3693 Fabato
1055 3637 1165 3693 vid.
1196 3640 1297 3702 IV,
1318 3657 1402 3711 ep.
1437 3658 1486 3700 1,
1583 3627 1641 3687 s}
1656 3638 2054 3695 dissimulassem,
2087 3638 2218 3685 inter·
2237 3636 2346 3684 alia
2375 3637 2612 3707 beneficia

464 3733 517 3772 ct
542 3718 609 3770 dc
633 3723 795 3769 amica
818 3718 1183 3790 Hispulla·IV‚
1204 3719 1359 3791 epist.
1398 3736 1482 3786 19-
1586 3718 1678 3767 Ιιοο
1691 3734 1884 3783 quoque
1899 3734 1976 3765 me
1985 3714 2482 3782 dobmindulgemioe
2494 3730 2606 3773 tuoe,

466 3798 639 3850 Ambo
658 3798 1251 3869 ComiJconsenuerunt.
1274 3798 1375 3849 En.
1587 3798 1932 3867 quodfiducia
1955 3799 2084 3864 ejus,
2117 3806 2216 3846 etc.
2245 3792 2309 3844 Id
2331 3794 2510 3866 ipsum
2533 3807 2610 3847 est

536 3882 801 3929 —Debere
816 3882 1041 3930 sciebam.
1060 3882 1280 3930 Sciebam
1296 3876 1492 3929 omittit
1587 3874 1904 3929 beneficium
1945 3874 2194 3935 Caesari„
2221 3872 2368 3944 quod
2409 3873 2608 3927 Plinius

466 3958 635 4026 prima
673 3956 835 4011 editio
850 3996 865 4021 ,
904 3957 1135 4029 legitque
1166 3977 1265 4029 pro
1310 3977 1484 4019 unum,
1588 3955 1776 4019 audet,
1791 3954 1988 4007 fiducia
2009 3953 2148 4007 illius
2163 3952 2610 4024 indulgentiae,in-

380 4024 387 4031 ⁰
468 4058 565 4089 uno
584 4058 604 4087 .·
620 4036 770 4091 nullo
810 4056 966 4091 sensu
994 4036 1204 4090 idoneo.
1246 4037 1349 4092 Sed
1391 4038 1492 4091 erit
1589 4035 1831 4088 consulto
1851 4034 1942 4087 illo
1969 4034 2046 4086 uti
2067 4034 2230 4104 ipsius
2249 4032 2602 4086 beneficio.G.
