2857 4690
838 324 1350 416 PAN‘EGYR.
1408 349 1628 418 cAP.
1681 351 1837 416 Lv.
2257 348 2395 422 325
2449 347 2456 352 ’
2513 337 2518 340 ’

274 483 432 555 tuae,
468 467 700 563 quales
734 469 895 536 olim
932 469 1021 536 ob
1064 470 1330 564 egregia
1366 471 1436 538 in
1475 469 1956 563 rempublicam
1997 472 2228 540 merita
2264 475 2396 566 pri·

270 577 435 646 vatis
462 577 866 647 dicabantur
884 579 1217 647 :visuntur
1236 579 1466 648 eadem
1485 605 1521 647 e
1547 581 1826 648 materia
1843 582 2118 652 Caesaris
2139 595 2396 668 statuae,

268 711 397 782 qua
420 691 787 756 Brutorum
810 741 828 771 ‚
858 711 992 782 qua
1011 687 1450 762 Camillorum
1469 714 1628 775 3nec
1657 689 1989 784 discrepat
2015 715 2276 760 caussa:
2299 690 2394 763 illi
2433 700 2466 751 7

264 800 441 868 enim
495 823 685 892 reges
750 797 1143 891 hostemque
1184 799 1508 870 victorem
1559 800 1887 870 moenibus
1941 800 2341 894 depulerunt
2367 827 2389 868 .·

264 910 371 978 hic
410 933 692 1004 regnum
737 910 992 1001 ipsum.)
1028 933 1307 1002 quaeque
1348 907 1480 981 alia
1529 911 1880 1002 captivitas
1915 911 2170 1004 gignit,
2215 923 2395 983 arcet

264 1044 341 1088 ac
374 1022 773 1106 submovet3
816 1019 1175 1114 sedemque
1211 1020 1474 1088 obtinet
1500 1021 1859 1113 principiS‚
1895 1045 1982 1090 ne
2008 1021 2094 1088 sit
2123 1019 2394 1097 domino

262 1128 469 1197 locus.
510 1133 611 1198 Ac
651 1129 848 1212 mihi,
878 1129 1165 1196 intuenti
1203 1130 1596 1222 sapientiam
1629 1146 1812 1200 tuam
1839 1184 1858 1217 ‚
1887 1131 2107 1200 minus
2148 1132 2391 1202 mirum
2430 1153 2462 1204 8

260 1238 529 1306 videtur
556 1291 576 1324 ,
636 1237 821 1331 quod
868 1237 1181 1307 mortales
1246 1241 1405 1308 istos
1465 1239 1883 1334 caducosque
1922 1233 2174 1310 'titulos
2199 1294 2219 1327 ‚
2277 1257 2392 1309 aut

260 1348 665 1442 depreceriS‚
700 1362 819 1416 aut
860 1364 1210 1442 temperes.
1250 1350 1393 1418 Scis
1431 1352 1650 1435 enim,
1687 1351 1806 1420 ubi
1841 1375 1998 1420 vera
2037 1353 2391 1446 principiS‚

260 1459 372 1528 ubi
400 1458 807 1551 sempiterna
833 1458 921 1529 sit
948 1457 1159 1553 gloria
1188 1485 1203 1526 ε
1234 1460 1350 1528 uhi
1378 1462 1514 1529 sint
1545 1461 1832 1532 honores
1851 1515 1870 1550 ,
1908 1464 1976 1530 in
2019 1486 2188 1556 quos
2223 1462 2391 1536 nihil

258 1567 583 1650 flammiS,
608 1566 775 1636 nihil
807 1569 1169 1657 senectuti,
1198 1570 1366 1640 nihil
1408 1573 1897 1641 successoribus
1931 1571 2146 1640 liceat.
2179 1575 2390 1641 Arcus
2425 1601 2458 1650 9

254 1679 434 1754 enim
474 1693 545 1746 et
591 1691 874 1766 statuam,
910 1703 1057 1747 aras
1098 1681 1301 1748 etiam
1343 1679 1722 1775 templaque
1758 1679 2114 1750 demolitur
2151 1695 2218 1748 et
2263 1681 2385 1750 ob-

148 1843 161 1854 .
259 1804 489 1858 scurat
515 1786 763 1857 oblivio
782 1787 1096 1882 ‚negligit
1128 1790 1476 1882 carpitque
1505 1791 1856 1884 posteritas
1887 1817 1901 1860 :
1930 1805 2200 1876 contra,
2230 1815 2386 1858 con·

262 1912 563 1994 temptor
598 1899 1015 1984 ambitioniS,
1042 1913 1109 1966 et
1144 1899 1421 1968 infinitae
1456 1902 1800 1993 potestatis
1827 1899 2121 1968 domitor
2153 1925 2231 1968 ac
2251 1901 2385 1970 fre-

258 2025 455 2078 nator
492 2011 755 2077 animus
790 2011 931 2103 ipsa
972 2023 1302 2078 vetustate
1340 2009 1667 2096 florescit,
1701 2035 1824 2079 nec
1863 2010 1949 2078 ab
1985 2008 2136 2078 ullis
2175 2011 2385 2103 magis

258 2119 571 2189 laudatur
600 2173 620 2206 ‚
664 2143 866 2214 quam
918 2121 1161 2214 quibus
1219 2121 1494 2188 minime
1548 2144 1807 2188 necesse
1856 2133 1975 2187 est.
2018 2123 2336 2188 Praeterea
2362 2173 2380 2205 ,

256 2245 325 2299 ut
356 2231 663 2325 quisquis
700 2231 913 2299 factus
950 2245 1049 2298 est
1079 2234 1419 2325 p1·incepS‚
1456 2230 1785 2326 extemplo
1829 2229 2000 2298 fama
2047 2230 2190 2322 ejus
2217 2283 2235 2314 .,
2285 2229 2382 2295 in·

252 2354 511 2409 certum
558 2339 739 2409 bona
782 2366 868 2409 an
916 2339 1122 2429 mala,
1174 2357 1486 2410 caeterum
1539 2356 1782 2411 aeterna
1835 2356 1958 2411 est.
2005 2341 2162 2409 Non
2220 2365 2380 2433 ergo
2425 2375 2486 2409 ιο

252 2466 579 2545 perpetua
633 2452 921 2545 principi
971 2451 1146 2520 fama
1198 2476 1345 2546 quae
1395 2452 1682 2521 invitum
1729 2467 1985 2538 manet,
2038 2452 2148 2519 sed
2203 2451 2381 2520 bona

1356 2686 1622 2739 honorum
1651 2700 1992 2741 monumenta
2018 2686 2290 2760 depravari
2317 2708 2379 2741 ac

1356 2762 1523 2819 deleri
1547 2767 1733 2821 solent.
1750 2768 1812 2819 E.

1425 2863 1480 2913 9.
1511 2852 1575 2897 Ue
1605 2849 1838 2914 quisquis.
1857 2848 1944 2901 Sic
1983 2866 2166 2899 omnes
2190 2866 2376 2899 receu-

1354 2924 1514 2977 tioren
1538 2937 1725 2995 praeter
1739 2925 2094 2979 Schwarzium
2111 2966 2128 2990 ,
2153 2926 2248 2996 qui
2263 2925 2374 2979 edi-

1355 3000 1435 3053 dit
1459 3007 1662 3070 quisque
1679 3040 1695 3064 ,
1721 3004 1866 3074 quod
1885 3005 2080 3057 Pau-uo
2105 3023 2226 3055 meo
2249 3024 2374 3073 pro·

250 2704 381 2755 gnos
421 2696 665 2757 sumptus
689 2704 752 2738 ex
788 2686 973 2739 oerario
1002 2676 1237 2756 impendi
1254 2722 1269 2750 ,

250 2764 371 2834 quia
386 2776 445 2815 tu
471 2762 551 2827 id,
570 2782 737 2835 quum
750 2762 1063 2818 exhaustum
1079 2763 1237 2817 fuerit
1254 2804 1270 2830 ,

249 2862 357 2894 non
377 2844 573 2895 iterum
586 2860 725 2895 esses
748 2843 1106 2897 innocentium
1118 2843 1272 2897 bonis

248 2922 543 2992 repleturus
566 2959 584 2984 2
627 2933 687 2975 ut
721 2923 893 2979 caeteri
932 2921 1271 2994 imperatores

249 3012 370 3053 ante
392 3001 653 3053 fecerunt.
674 3002 737 3053 E.

317 3082 369 3131 6.
384 3086 667 3132 Brutorum.
678 3081 755 3133 M.
770 3080 961 3135 Junius
972 3082 1165 3133 Brutus
1179 3082 1273 3152 qui

248 3176 395 3230 reges
411 3159 565 3229 ejecit
586 3198 603 3223 ‚
620 3160 755 3213 inter
774 3159 895 3213 illos
914 3158 1115 3213 medios
1137 3160 1270 3231 posi-

249 3248 331 3291 tus
346 3237 687 3309 inCapitolio
707 3238 826 3302 fuit,
838 3237 1019 3292 dextra
1034 3236 1270 3310 gladium

250 3326 451 3369 tenens.
481 3316 753 3371 Plutarch.
776 3318 834 3370 in
851 3318 1035 3371 Bruto,
1056 3318 1159 3371 En.

318 3414 369 3464 7.
398 3401 544 3462 Qua.
567 3434 581 3446 .
602 3399 881 3465 .captivitas
891 3402 1069 3467 gignit.
1093 3398 1269 3451 Servi-

248 3484 407 3526 tutem
424 3512 439 3539 ,
459 3476 754 3545 ereptiones
766 3477 1027 3530 bonorum
1044 3516 1060 3541 ,
1078 3476 1271 3549 iniusta

250 3555 527 3625 supplicia.
557 3560 773 3625 Regnum
798 3557 941 3609 enim
969 3570 1021 3611 et
1046 3560 1270 3610 dominus

248 3650 387 3685 nnnc
416 3633 677 3687 invidiose
704 3673 721 3698 ,
746 3634 815 3687 de
839 3635 1139 3708 tyrannide.
1162 3636 1223 3687 E.

316 3713 368 3763 8.
392 3718 498 3762 Aac
518 3715 801 3781 depreceris.
816 3754 829 3767 .
854 3753 865 3763 .
886 3730 1001 3765 ,aut
1019 3726 1263 3783 temperes.

247 3788 429 3843 Malim
446 3828 463 3853 ,
484 3792 529 3845 si
556 3812 653 3864 per
674 3792 835 3847 libros
863 3794 1037 3847 liceret
1056 3831 1072 3857 ,
1100 3798 1269 3862 depre-

246 3872 396 3934 caris,
410 3888 651 3939 temperas
664 3894 687 3933 ,·
701 3872 753 3925 in
778 3874 1033 3927 sententia
1049 3873 1269 3929 definita

248 3968 309 4001 ac
328 3962 491 4003 certa.
520 3952 588 4004 G.

318 4036 658 4083 —Senectme'.
684 4034 951 4104 Exquisite
988 4055 1089 4107 pro
1124 4052 1267 4087 vecu-

246 4112 365 4158 stau'
376 4146 391 4169 ,
407 4128 515 4181 qua
531 4111 721 4181 templa
744 4150 759 4175 ,
784 4124 962 4165 statua:
984 4152 998 4177 ‚
1017 4126 1065 4165 et
1080 4114 1266 4167 similia

1353 3080 1599 3135 babatur.
1633 3086 1868 3133 Coeterum
1897 3082 1954 3137 h.
1987 3083 2026 3137 l.
2051 3103 2150 3156 pro
2187 3098 2368 3135 tamen.

1352 3160 1417 3213 E.
1439 3188 1510 3201 --
1527 3164 1738 3227 Quisque
1754 3162 1908 3215 etiam
1929 3162 1987 3213 in
2001 3161 2368 3215 Arntzeniana.

1354 3240 1436 3293 An
1464 3256 1519 3291 ue
1535 3244 1646 3307 quis
1660 3250 1688 3291 ι’
1704 3240 1758 3295 S.

1423 3326 1780 3381 -—-·Proeterea‚
1812 3335 1864 3371 ut
1887 3321 2277 3388 qeuquteissacczns
2301 3337 2372 3371 ese

1352 3401 1601 3467 Princeps.
1611 3439 1624 3452 .
1635 3416 1836 3451 acerna
1853 3414 1937 3451 esc.
1954 3398 2074 3451 Haec
2093 3398 2368 3469 particula,

1351 3495 1514 3550 quam
1559 3480 1615 3531 in
1655 3480 1806 3533 nullo
1827 3477 2010 3531 codice
2057 3478 2252 3549 scripto
2287 3498 2370 3533 re-

1350 3560 1488 3630 perit
1521 3560 1842 3612 Schwarzius
1859 3596 1874 3621 ,
1915 3558 2072 3611 etiam
2119 3559 2264 3611 abest
2301 3560 2370 3613 ab

1350 3651 1532 3691 nostra
1555 3650 1724 3691 vetem
1749 3636 2070 3692 Germanica
2103 3657 2147 3691 s.
2173 3639 2210 3689 1.
2237 3652 2288 3691 et
2317 3658 2366 3692 a.

1352 3730 1572 3790 ortaque
1617 3731 1696 3771 est
1735 3738 1767 3771 a
1819 3716 2002 3771 codice
2043 3719 2367 3789 cuspiniani.

1351 3798 1650 3851 Genuinam
1687 3796 1848 3851 credo
1873 3816 1994 3851 cum
2032 3799 2324 3853 Schwarzio
2352 3838 2366 3864 ‚

1350 3877 1498 3948 quod
1519 3877 1630 3929 sine
1655 3895 1716 3929 ea
1735 3877 1868 3931 ratio
1893 3879 2130 3952 subjecta
2151 3880 2366 3952 intelligi

1352 3976 1462 4009 non
1470 3968 1660 4027 potest,
1675 3975 1771 4009 nec
1781 3957 1956 4019 habet,
1973 3978 2080 4031 quo
2091 3960 2366 4015 referatur.

1352 4036 1610 4087 Caeterum
1649 4036 1787 4089 male
1827 4036 2000 4091 editur
2043 4058 2074 4091 a
2119 4038 2368 4093 recentio-

1352 4114 1500 4165 ribus
1564 4116 1778 4181 quisque's
1813 4156 1828 4181 ‚
1875 4116 2368 4189 rescribendumque
