2857 4690
917 364 1056 431 DE
1109 362 1186 433 c.
1243 364 1633 435 PLINIO.
2174 374 2313 456 401

197 490 324 563 Jo.
349 494 622 569 Vossius
637 491 990 563 Amstelod.
1023 518 1048 563 1
1063 492 1163 567 65
1173 494 1214 569 5
1228 550 1249 584 ‚
1271 520 1298 567 1
1318 520 1358 566 α
1378 548 1399 579 ,
1410 498 1499 566 D.
1512 496 1921 568 Christianus
1936 495 2329 575 Kortholtus

199 598 478 685 Kiloni‚
515 597 710 689 1674
727 650 747 683 ‚
777 601 844 683 4.
872 600 1154 671 Easdem
1185 600 1533 671 illustravit
1557 604 1940 671 Franciscus
1974 602 2327 679 Balduinns

197 706 286 773 in
333 706 822 773 commentariis
861 705 948 773 ad
984 704 1202 776 edicta
1233 720 1533 777 veterum
1574 706 1955 803 ‚principum
1997 710 2329 783 Romano·

199 834 372 879 rum
416 810 502 879 de
523 810 944 897 Christianis,
968 810 1236 882 Basileae
1261 836 1368 908 ap.
1391 814 1671 907 Oporin.
1712 812 1798 900 8,
1822 816 2027 885 Conr.
2052 816 2329 887 Ritters-

199 914 450 985 husius
491 917 560 983 in
595 916 896 1010 Principe
931 918 1256 1011 Trajano,
1289 916 1599 1013 Amberg.
1654 916 1895 1006 1608,
1932 918 2020 1007 8,
2058 922 2159 991 Jo.
2206 922 2331 991 Te-

199 1044 517 1115 smarus,
545 1022 890 1116 Marpurg.
932 1045 958 1092 1
975 1020 1072 1093 68
1089 1047 1114 1092 1
1143 1023 1959 1143 ,lb-JoChi-istophorus
1980 1025 2333 1120 Artopoeus

199 1127 287 1195 in
312 1106 684 1221 philologia
717 1124 844 1197 loci
874 1126 1151 1197 Pliniani
1177 1128 1262 1197 de
1257 1130 1655 1247 cognitione
1696 1130 1991 1201 instituta
2020 1130 2332 1203 adversus

199 1231 671 1315 Christianos,
725 1246 850 1301 etc.
899 1232 1028 1303 Sed
1076 1234 1408 1354 imprimis
1433 1232 1723 1353 legendae
1758 1238 1821 1305 J.
1863 1238 1957 1305 H.
1998 1237 2341 1311 Boelzmen·

202 1337 730 1407 Dissertationes
779 1342 816 1407 J
821 1362 956 1408 uris
999 1338 1226 1409 eccles.
1273 1340 1545 1433 antiqui
1576 1342 1647 1408 in
1706 1340 1881 1411 hane
1940 1340 2335 1437 epistolam,

202 1442 410 1512 editae
453 1446 632 1537 Lips.
684 1466 918 1537 1711,
965 1444 1063 1533 8·
1105 1440 1254 1514 add.
1299 1447 1488 1516 Sam.
1533 1448 1743 1515 Periti
1774 1444 1917 1515 de
1892 1470 2041 1539 Jure
2085 1449 2325 1521 Prinei

203 1572 382 1643 pum
417 1548 646 1619 edictis
685 1547 994 1619 Ecclesiae
1024 1552 1328 1644 quaesito,
1352 1574 1505 1645 pag.
1536 1554 1657 1636 4ο.
1687 1550 1925 1623 Similis
1963 1569 2332 1647 argumenti

201 1652 584 1750 Epistulam
643 1654 1026 1743 Τι’ὂεηὶιηι,
1082 1655 1439 1726 Palaestinae
1500 1657 1733 1750 primae
1772 1644 2194 1746 Consularis,
2248 1661 2335 1735 ad

203 1752 574 1853 Trajanum
605 1758 810 1829 refert
831 1763 1119 1830 Joannes
1153 1760 1400 1831 Malala
1432 1761 1681 1831 Ghron.
1716 1786 1785 1856 p.
1820 1756 2017 1850 356,-
2046 1767 2332 1835 etloan-

201 1888 334 1935 nes
372 1864 885 1935 Antiochenus
865 1862 934 1933 in
969 1870 1279 1961 Excerpt.
1311 1868 1587 1938 Peiroec.
1630 1891 1695 1960 p.
1746 1866 1789 1937 8
1805 1888 1833 1937 1
1850 1866 1914 1937 8.
1944 1870 2047 1940 Ex
2072 1869 2333 1959 iisdem,

203 1984 294 2039 ut
335 1972 576 2066 opinor
599 2022 622 2055 ‚
661 1970 972 2066 Epistolis
1019 1994 1180 2041 ansa
1210 1972 1366 2040 data
1395 1970 1528 2041 fuit
1552 1971 1883 2043 sutoribus
1912 1964 2287 2058 fabularum
2312 2030 2333 2063 ,

205 2090 296 2147 ut
335 2076 474 2147 duo
499 2078 899 2149 crassissima
933 2076 1249 2171 figmenta
1283 2078 1733 2171 excogitarent
1766 2092 1835 2147 et
1870 2076 2064 2151 nobis
2095 2080 2335 2174 prode-

205 2196 404 2269 rent,
445 2206 730 2277 quorum
775 2207 984 2251 unum
1025 2183 1096 2251 in
1135 2184 1324 2253 Lucii
1367 2184 1603 2253 Dextri
1620 2234 1639 2267 ‚
1688 2182 1825 2253 sive
1868 2184 2110 2253 sinistri
2142 2198 2333 2256 tene-

206 2286 468 2360 briom's
501 2290 722 2384 potius
747 2340 770 2376 ‚
803 2289 1256 2359 commentitio
1295 2287 1633 2360 Chronico
1664 2284 1903 2383 legitur
1920 2341 1940 2377 ,
1980 2287 2263 2363 Plinium
2293 2316 2335 2362 a

205 2395 368 2464 Tito
409 2396 478 2463 in
525 2397 728 2465 Creta
765 2393 980 2464 insula
1027 2417 1420 2470 conversum
1470 2393 1558 2464 ad
1602 2393 1801 2464 fidem
1846 2394 2287 2468 Christianam
2312 2453 2333 2482 ‚

209 2502 498 2594 septima
531 2499 788 2570 Sextilis
813 2499 898 2570 ad
933 2502 1400 2572 Novocomum
1434 2501 1821 2594 martyrium
1849 2499 2087 2574 obiisse
2104 2555 2126 2590 ,
2150 2505 2331 2598 quod

209 2603 398 2700 leges
419 2607 489 2675 in
509 2604 914 2676 Adversariis
929 2603 1634 2702 Pseudo-Luitprandi,
1644 2630 1709 2700 p.
1732 2603 1819 2678 51
1837 2631 1907 2694 τι,
1934 2621 2001 2676 et
2012 2609 2331 2698 Bivarius,

212 2737 284 2806 p.
320 2735 358 2780 2
372 2709 468 2806 73
489 2763 510 2799 ‚
553 2710 680 2781 alio
723 2710 1044 2806 figmento
1081 2712 1354 2807 probat,
1395 2712 1789 2782 auctoritate
1824 2735 2063 2808 nempe
2100 2737 2331 2789 emen-

211 2818 492 2896 titorum
530 2821 672 2887 Titi
697 2831 1004 2886 actorum
1020 2869 1044 2904 ,
1083 2841 1231 2912 quae
1265 2820 1477 2888 Zenas
1514 2814 1693 2911 degis
1714 2819 1977 2911 peritus
2004 2871 2024 2906 ,
2064 2835 2133 2890 et
2164 2827 2335 2916 Apo-

215 2921 374 2992 stoli
405 2922 760 3018 diseipulus
773 2975 794 3009 ,
811 2923 1000 3016 cujus
1015 2921 1268 2992 Paulus.
1280 2921 1364 2990 ad
1379 2923 1504 2990 Tit.
1520 2923 1653 3008 111,
1669 2924 1991 3008 meminit,
2016 2925 2085 2994 in
2096 2923 2333 2999 literas

217 3029 494 3098 miserit.
527 3031 716 3098 Hanc
756 3027 1046 3097 fabulam
1077 3041 1316 3122 praeter
1341 3025 1503 3094 alios
1528 3023 1901 3121 explodunt
1929 3027 2165 3098 Thom.
2193 3033 2333 3103 Itti-

217 3135 370 3227 gius
401 3136 470 3202 in
507 3133 656 3204 diss.
693 3133 780 3203 de
815 3133 1120 3202 Patribus
1147 3129 1561 3226 Apostolici's,
1586 3153 1651 3224 p.
1694 3154 1719 3200 1
1735 3153 1823 3202 01
1840 3184 1861 3220 ,
1894 3156 2025 3227 seq.
2060 3135 2329 3206 Marcus

219 3241 498 3314 zuerius
523 3239 937 3312 Boxhornius
961 3240 1028 3307 in
1065 3239 1246 3307 Hist:
1273 3233 1657 3324 universali,
1696 3261 1767 3331 p.
1814 3236 1983 3325 168,
2018 3262 2114 3332 sq.
2142 3239 2330 3332 cujus

215 3346 427 3414 verba
467 3343 630 3415 eum‘
657 3342 916 3414 scholiis
942 3343 1076 3414 suis
1105 3343 1242 3414 Iac.
1269 3342 1663 3411 Thomasius
1690 3365 1825 3412 suae
1853 3341 2044 3412 Plinii
2068 3347 2327 3439 Episto-

215 3449 436 3520 lnrum
467 3449 738 3520 editioni
765 3450 1106 3545 praemisit3
1133 3448 1310 3518 Guil.
1339 3449 1599 3518 Carens
1616 3449 1687 3516 in
1722 3448 1883 3517 Vita
1916 3448 2045 3517 Titi
2070 3449 2329 3546 anglice

219 3557 466 3650 scripta
503 3581 682 3626 num.
717 3579 806 3652 9,
845 3569 914 3623 et
941 3577 1022 3624 ex
1053 3555 1213 3648 ipsis
1253 3549 1610 3624 Catholicis
1644 3553 1693 3620 T
1712 3566 1875 3622 amis
1905 3555 2207 3626 Hallmaz
2240 3557 2327 3628 ad

217 3663 426 3731 vitam
470 3662 710 3756 Ignatii
755 3683 782 3730 1
809 3712 830 3749 ,
863 3673 1022 3728 tom.
1052 3657 1402 3728 illustrium
1438 3655 1749 3728 Ecclesiae
1792 3657 2123 3730 orientalis
2158 3664 2327 3732 seri·-

215 3779 490 3862 ptorum
506 3813 530 3853 ,
547 3791 612 3862 p.
637 3763 812 3854 423.
832 3763 1128 3834 Alterum
1147 3777 1597 3835 commentum
1618 3765 1909 3834 oneum-it
1938 3764 2009 3832 in
2034 3765 2327 3840 Pseudo-

217 3873 620 3942 Damasco-ni
661 3893 964 3942 sermone
1001 3869 1085 3940 de
1123 3868 1447 3941 defunctis
1466 3921 1487 3956 ‚
1522 3891 1671 3963 pag.
1712 3869 1864 3953 424
1884 3919 1905 3954 ,
1924 3869 2010 3937 in
2030 3872 2323 3944 Pseudo-

219 3977 616 4073 Luitprnndi
643 3977 1086 4066 adversariis,
1113 4001 1262 4072 pag.
1305 3979 1453 4070 1197
1476 4027 1499 4065 ‚
1532 3975 1601 4042 in
1636 3974 1793 4044 vita
1816 3973 2121 4067 Gregorii
2152 3979 2251 4048 M.
2284 4003 2327 4048 a

513 4109 618 4174 IJ.
1952 4100 2046 4172 26
