2857 4690
953 363 1483 431 EPISTOLA
1530 364 1661 431 IV.

209 562 385 582 m
388 562 906 585 mmmm
909 566 1087 585 mm

2284 352 2446 429 ·5.

1364 566 2003 587 mmmm
2010 566 2346 589 mmm

1226 762 1381 852 IV.

187 998 408 1059 Bellum
433 998 752 1057 Dacicum
783 998 1078 1077 scripturo
1102 999 1362 1056 stimulos
1387 997 1576 1071 addit,
1604 1010 1661 1057 et
1687 1000 1761 1057 de
1789 998 2085 1059 flectendis
2107 998 2372 1061 barbaris

898 1094 1228 1153 nominibus
1257 1095 1557 1153 consilium
1590 1093 1705 1154 dat.

677 1315 738 1375 C.
793 1313 1154 1360 PLINIUS
1201 1314 1570 1361 canuno

1619 1287 1650 1320 ⁴
1700 1315 1857 1362 suo
1909 1318 1964 1363 s.

293 1506 662 1572 Omma
697 1500 892 1586 facis,
931 1502 1109 1596 quod
1145 1499 1394 1570 bellum
1423 1506 1757 1573 Dacicum
1798 1506 2087 1576 scribere
2129 1531 2369 1601 paras:

207 1636 366 1681 nam
425 1638 594 1708 quse
633 1628 776 1681 tam
812 1636 1074 1701 recens,
1112 1626 1246 1681 tam
1291 1613 1592 1707 copiosa,
1630 1629 1775 1683 tam*
1800 1614 1969 1703 lata,
2007 1642 2153 1712 quae
2188 1618 2372 1707 deni-

213 1745 346 1813 que
398 1736 554 1791 tam
597 1720 898 1817 poetica,
933 1737 1001 1790 et
1033 1722 1449 1819 (quanquam
1488 1723 1557 1791 in
1592 1724 1946 1794 verissimis
1975 1726 2201 1823 rebus)
2234 1742 2373 1797 tam

217 1828 538 1901 fabulosa
557 1832 842 1900 materia
859 1830 888 1899 Ξ)
903 1832 1100 1901 Dices
1117 1832 1406 1901 immissa
1430 1833 1623 1903 terris
1638 1859 1810 1904 nova
1830 1834 2138 1925 flumina,
2165 1863 2373 1908 novos
2410 1872 2440 1903 2

225 1956 470 2033 pontes
504 1942 904 2010 fluminibus
943 1941 1254 2037 injectos,
1285 1944 1529 2012 insessa
1558 1945 1789 2012 castris
1819 1946 2149 2015 montium
2179 1948 2372 2017 abru-

223 2066 380 2143 pta,
413 2052 692 2146 pulsum
731 2054 949 2147 regia,
981 2052 1249 2147 pulsum
1275 2054 1479 2121 etiam
1495 2054 1659 2141 vita,
1694 2078 1915 2147 regem
1943 2055 2112 2124 nihil
2145 2055 2387 2150 despe-'

229 2179 524 2231 tantem.
570 2164 790 2259 Super
833 2162 1008 2251 haec,
1047 2178 1229 2233 actos
1271 2164 1372 2232 his
1407 2164 1786 2261 triumphos
1823 2191 1838 2234 ε
1876 2189 2163 2259 quorum
2210 2165 2375 2237 alter

225 2297 314 2341 a
349 2274 608 2341 invicta
645 2289 846 2368 gente
877 2274 1176 2368 primuS,
1209 2272 1378 2343 alter
1415 2274 1815 2343 novissimus
1852 2272 2001 2344 fuit.
2036 2276 2224 2363 Una,
2260 2276 2374 2345 sed
2414 2300 2444 2353 3

229 2384 563 2470 maxima,
597 2381 992 2472 difficultas,
1025 2385 1206 2478 quod
1233 2385 1376 2454 haec
1410 2408 1675 2478 aequare
1706 2384 2020 2472 dicendo,
2054 2386 2375 2476 arduum,

233 2496 676 2582 immensum,
702 2495 906 2563 etiam
943 2508 1060 2562 tuo
1079 2495 1374 2588 ingenio,
1393 2518 1781 2590 quanquam
1811 2494 2130 2564 altissime
2146 2497 2377 2566 adsur-

231 2619 354 2698 gat
377 2619 450 2673 et
476 2601 898 2696 amplissimis
933 2603 1252 2697 operibus
1279 2604 1627 2673 increscat.
1670 2603 2052 2674 Nonnullus
2080 2621 2147 2675 et
2175 2609 2245 2676 in
2263 2607 2378 2676 illo

235 2715 466 2801 labor,
499 2731 578 2783 ut
613 2714 902 2784 barbara
940 2728 1008 2784 et
1043 2714 1183 2784 fera
1218 2714 1525 2801 nomina,
1560 2715 1628 2781 in
1668 2716 1902 2808 primis
1934 2716 2109 2809 regis
2144 2718 2378 2812 ἱρείας,

237 2827 473 2920 graecis
515 2827 820 2895 versibus
862 2835 1002 2894 non
1044 2825 1388 2895 resultent.
1448 2823 1579 2896 Sed
1620 2824 1786 2893 nihil
1830 2839 1960 2909 est,
2006 2827 2189 2921 quod
2240 2853 2377 2899 non
2417 2854 2450 2900 4

309 3028 454 3080 lvx*
479 3028 559 3078 De
584 3031 792 3078 Caninio
817 3038 972 3098 poeta
995 3026 1262 3090 comensi,

235 3107 348 3160 vid.
373 3107 595 3178 Argum.
620 3107 684 3170 1,
713 3125 800 3176 ep.
831 3105 881 3161 3.
915 3106 1016 3158 En.

315 3205 365 3238 1.
403 3189 661 3237 Dacicum.
699 3188 834 3237 Daci
871 3194 1104 3248 terram,
1147 3201 1264 3255 quse

233 3265 612 3319 ‘transilvania
633 3263 797 3318 hodie
822 3274 1044 3318 vocatur
1068 3262 1264 3318 incole-

237 3345 392 3400 bant.
419 3345 527 3398 En.

311 3445 368 3478 2.
395 3426 948 3496 Iumina-...flumina
970 3421 1208 3475 Primum
1233 3440 1264 3474 a

237 3503 540 3568 Deoebalo,
567 3503 662 3574 qui
689 3521 877 3558 averso
906 3500 1139 3573 Sergetia
1166 3499 1266 3552 flu-

239 3586 414 3650 mine,
433 3584 536 3636 sub
551 3584 670 3655 ipso
687 3583 841 3636 alveo
860 3581 1134 3637 thesauros
1153 3580 1266 3632 abs-

233 3662 520 3727 condes-at,
529 3661 840 3733 flumenque
851 3658 1270 3716 deindereduxe·

235 3755 320 3796 rat
335 3762 352 3796 :
375 3741 573 3798 deinde
597 3760 634 3794 a
653 3741 918 3812 Trojano,
936 3741 1030 3811 qui
1047 3735 1268 3792 eruendi

235 3841 426 3878 eausa
457 3821 692 3876 similem
715 3837 938 3891 operam
968 3817 1266 3889 impendit.

235 3904 382 3976 quod
415 3902 584 3956 tradit
617 3918 682 3955 ex
713 3899 899 3952 Dionis
937 3898 1030 3953 lib.
1067 3899 1268 3963 LVIII,

235 3985 580 4058 xiphilinus,
625 3981 724 4052 qui
770 3977 966 4034 ibidem
1005 3977 1071 4034 de
1109 3990 1270 4049 ponte

235 4063 447 4136 Traiani
491 4062 570 4114 ita
614 4069 1040 4120 commemorat,
1077 4071 1136 4110 ut
1175 4057 1270 4110 ad-

235 4145 471 4200 unu-abile
505 4157 655 4212 opus
693 4137 857 4190 fuisse
887 4137 1267 4207 intelligamus.

1358 3045 1428 3079 ne
1454 3023 1523 3080 de
1546 3025 1668 3079 loco
1692 3025 1907 3098 quidem
1934 3028 2047 3099 ejus
2078 3030 2201 3080 satis
2222 3027 2381 3082 hodie

1359 3117 1632 3170 constare,
1668 3103 1963 3159 doleamus.
2002 3105 2279 3179 Quidquid
2314 3107 2381 3160 de

1358 3183 1445 3237 his
1467 3185 1625 3238 rebus
1652 3186 1836 3248 scitur,
1864 3204 1896 3238 a
1919 3186 2034 3240 solo
2056 3187 2166 3240 fere
2190 3186 2380 3257 Xiphi-

1360 3262 1473 3318 lino
1486 3304 1503 3330 ‚
1548 3276 1602 3317 at
1640 3283 1751 3337 quo
1792 3264 2008 3318 homine
2029 3263 2053 3316 P
2094 3261 2381 3334 petendum

1362 3363 1505 3408 esse,
1533 3356 1737 3398 constat
1759 3361 1773 3395 z
1802 3354 1952 3397 tanto
1985 3345 2153 3415 major
2174 3347 2383 3416 jactura

1361 3423 1418 3474 in
1447 3423 1657 3476 Caninii
1682 3423 1903 3476 historia
1930 3423 2071 3474 facta
2096 3433 2191 3475 est.
2220 3421 2288 3476 G.
2320 3454 2383 3474 .—

1363 3506 1528 3572 Regia
1559 3503 1752 3573 prioris
1793 3501 2259 3572 Sarmizegethusoe
2292 3523 2383 3556 ru-

1363 3579 1492 3634 dera
1516 3580 1677 3636 hodie
1700 3580 1929 3635 ostendit
1944 3581 2089 3634 vicus
2104 3581 2381 3655 Vax-helym

1363 3661 1624 3732 posterior
1651 3661 1721 3714 ad
1741 3665 2013 3730 Surgedum
2035 3660 2225 3738 (hodie
2240 3667 2385 3734 Syul)

1365 3743 1584 3794 fluvium
1626 3740 1727 3794 sita
1770 3755 1917 3805 erat,
1963 3739 2111 3792 haud
2152 3733 2307 3812 longe
2354 3761 2385 3794 a

1368 3822 1509 3873 saltu
1527 3820 1763 3874 Volkan.
1786 3819 1939 3874 Hane
1965 3820 2233 3883 Dacorum
2260 3839 2385 3893 pro-

1367 3919 1513 3956 ceres
1530 3937 1545 3964 ,
1578 3901 1737 3954 rebus
1766 3899 1930 3954 diffisi
1949 3937 1965 3963 ,
2003 3898 2103 3970 ipsi
2136 3899 2386 3952 incende·

1367 3991 1512 4033 runt.
1540 3980 1645 4032 En.
2323 4024 2330 4031 .

1442 4059 1493 4111 3.
1517 4063 1739 4111 Versibus
1759 4079 1859 4114 non
1880 4064 2123 4111 resultent.
2148 4061 2268 4110 Non
2296 4077 2386 4128 pa-

1371 4138 1571 4190 tiantur
1594 4157 1649 4192 se
1679 4139 1733 4192 in
1755 4158 1935 4193 versus
1962 4136 2131 4210 redigi
2152 4174 2170 4201 ,
2199 4135 2291 4190 sed
2309 4155 2388 4189 re·
