2857 4690
942 379 1501 448 EXCURSUS
1552 379 1655 448 11.
2217 375 2356 450 233

239 503 478 590 bebat,
533 525 680 595 quae
727 501 816 570 ab
857 503 1090 570 Horat.
1131 503 1200 588 Ι,
1250 525 1355 594 ep.
1413 499 1459 572 3
1508 499 1923 569 describitur.
1976 501 2357 570 Germanici

237 619 516 683 comem
553 627 623 682 et
659 616 870 680 amici
912 612 980 680 in
1023 610 1366 705 provincia
1413 621 2024 680 commemorantur
2062 630 2101 677 a
2142 611 2356 680 Tacit.

243 725 372 792 An.
403 725 540 808 111,
577 721 682 794 13.
719 719 1038 792 Claudius
1066 745 1105 789 e
1132 719 1571 791 contubernio
1599 720 2211 790 sordidissimorum
2244 721 2363 789 ho·
2498 693 2507 706 ι

243 838 496 900 nu'ntcm
513 831 852 900 ebrietatis
868 845 936 900 et
951 829 1110 914 aleaeg‘
1133 829 1473 898 infamiam
1496 829 1701 899 subiit
1714 882 1734 918 ,
1748 831 2022 899 Sueton.
2041 827 2274 899 Claud.
2294 825 2359 899 5.

243 943 484 1034 Neque
525 942 854 1035 Trajanus
889 937 1478 1012 contubernalibus
1528 941 1776 1028 caruit,
1822 943 2070 1034 Paneg.
2115 937 2209 1010 86
2226 992 2245 1026 ‚
2291 936 2358 1010 5.

245 1047 460 1120 Valde
497 1049 946 1120 honorificum
976 1063 1154 1136 erat,
1183 1051 1252 1118 in
1289 1049 1735 1120 contubernio
1766 1075 1905 1120 esse
1934 1051 2061 1120 viri
2092 1047 2196 1119 vel
2226 1048 2366 1120 illu·

245 1159 400 1228 stris
431 1157 538 1228 vel
565 1160 971 1253 gravissimi,
998 1158 1251 1230 Plinius
1282 1161 1403 1245 IV,
1430 1185 1537 1254 ep.
1575 1186 1687 1258 27,
1720 1157 1789 1246 5,
1824 1159 1941 1229 ubi
1978 1185 2059 1229 eo
2094 1159 2367 1231 nomine

245 1268 756 1338 commendatur
792 1271 1060 1340 Sentius
1097 1269 1523 1363 Augurinus,
1572 1269 1753 1365 quod
1790 1284 1859 1340 et
1898 1271 2253 1365 Spurinnae
2300 1285 2369 1340 et

247 1379 592 1448 Antonino
617 1376 1113 1448 contubernalis
1145 1378 1368 1447 fuerit.
1397 1381 1575 1450 Hinc
1606 1381 1849 1475 passim
1878 1405 1917 1449 a
1948 1406 2171 1450 rerum
2201 1381 2365 1450 scri-

249 1488 554 1583 ptoribus
577 1487 894 1573 traditur,
919 1489 1108 1583 cujus
1134 1489 1751 1584 quis'contubernio
1778 1505 1845 1560 et
1872 1492 2181 1561 convictu
2206 1515 2367 1561 usus

249 1599 354 1668 sit.
395 1602 482 1670 In
517 1623 600 1668 eo
644 1599 1091 1669 arctissimum
1126 1600 1434 1669 amicitiae
1466 1599 1810 1670 vinculum
1848 1625 1987 1670 esse
2020 1599 2365 1693 judicaba-

249 1722 380 1777 tur.
430 1711 514 1778 In
555 1707 732 1777 Dial.
763 1707 847 1778 de
889 1712 1048 1779 Cor.
1089 1709 1283 1808 Eloq.
1343 1707 1424 1796 5,
1468 1709 1815 1780 Secundus
1862 1725 2096 1805 negat,
2139 1736 2369 1805 quem-

249 1839 450 1911 quam
477 1817 600 1886 sibi
633 1817 1164 1913 conjunctiorem
1194 1845 1336 1889 esse
1359 1838 1432 1890 et
1452 1845 1579 1890 usu
1605 1825 1931 1890 amiciu’oe
1947 1875 1966 1904 ,
1991 1837 2059 1890 et
2084 1821 2371 1891 assidui-

249 1941 388 1997 tate
421 1927 878 2016 contubernii,
918 1953 1117 2022 quam
1156 1928 1447 1998 Saleium
1488 1933 1781 1998 Bassum.
1831 1929 1889 1998 A
1926 1932 2233 1999 Lactant.
2266 1933 2364 1999 Μ.

251 2039 325 2106 Ρ.
361 2061 476 2120 20,
513 2035 586 2120 3,
617 2043 866 2107 vetet-ir
889 2037 1314 2108 contubernii
1343 2044 1605 2108 amz'cus·
1637 2053 2219 2108 commemoratur.

343 2146 604 2217 Plinius
647 2147 872 2242 plures
909 2149 1422 2218 contubernales
1464 2147 1733 2232 habuit,
1770 2148 1937 2218 duos
1978 2147 2244 2242 quidem
2284 2149 2368 2217 ab

253 2259 526 2327 ineunte
541 2273 844 2347 aetate‚et
875 2258 1364 2355 condiscipulos
1391 2258 1625 2347 simul,
1654 2263 2038 2328 Romanum
2064 2261 2369 2328 Firmum

252 2382 320 2436 et
355 2370 736 2437 Voconium
777 2372 1160 2439 Romanum
1178 2421 1198 2456 ,
1237 2384 1600 2464 utrumque
1650 2370 1939 2463 equitem
1988 2392 2363 2437 romanum.

249 2474 390 2565 Illi,
419 2481 485 2563 Ι,
513 2502 621 2571 ep.
663 2500 782 2573 19,
835 2501 861 2547 1
904 2477 1134 2547 scribit
1161 2503 1178 2547 τ
1211 2482 1569 2575 Municeps
1604 2496 1683 2549 tu
1713 2504 1901 2549 meus
1930 2496 1999 2547 et
2028 2477 2371 2549 condisci-

235 2589 474 2682 pulus,
503 2602 578 2657 et
608 2587 704 2657 ab
751 2592 1022 2658 inezmte
1052 2606 1262 2683 oetnte
1293 2589 1815 2660 contubernalis.
1864 2588 2181 2659 Pluribus
2217 2614 2371 2659 eum

251 2722 387 2766 non
424 2700 719 2786 notavit,
753 2722 970 2793 neque
1001 2710 1292 2787 constat,
1327 2724 1412 2769 an
1444 2699 1667 2794 plures
1703 2698 1785 2768 ad
1820 2724 1969 2769 eum
2002 2696 2226 2768 literas
2254 2698 2369 2768 de·

250 2806 464 2895 derit;
505 2832 662 2877 nam
704 2832 786 2877 ex
819 2808 936 2895 iis,
975 2808 1219 2902 quibus
1262 2833 1475 2878 unum
1514 2814 1817 2879 Romani
1853 2832 2097 2876 nomen
2138 2808 2373 2876 inscri-

250 2931 482 3013 ρωιη,
519 2920 659 3006 ΠΙ,
691 2942 798 3013 ep.
845 2918 1135 3007 133V1,
1166 2942 1272 3013 ep.
1307 2916 1435 3005 333
1468 2921 1601 3004 IX,
1633 2943 1736 3013 ep.
1768 2918 1893 3005 283
1930 2920 2061 3003 IV,
2099 2941 2204 3011 ep.
2243 2942 2372 3012 293

249 3029 374 3115 vl,
410 3052 517 3121 ep.
553 3022 672 3115 153
707 3030 836 3117 lx,
861 3052 966 3121 ep.
1006 3052 1080 3123 7,
1115 3041 1372 3096 certum
1413 3027 1579 3095 mihi
1606 3026 1899 3111 videtur,
1934 3025 2165 3095 saltem
2199 3028 2374 3120 prio·

249 3162 357 3205 res
397 3150 536 3206 tres
565 3135 652 3205 ad
677 3140 1054 3206 Voconium
1083 3140 1467 3207 Romanum
1501 3136 1852 3231 pertinere.
1892 3138 2095 3204 Hunc
2121 3158 2278 3201 vero
2310 3148 2375 3202 et

251 3270 388 3340 prae
427 3246 681 3316 eaeteris
715 3246 964 3315 amavit
980 3300 1000 3333 ,
1038 3259 1106 3315 et
1142 3248 1408 3342 egregie
1445 3247 1819 3342 posteritati
1854 3242 2368 3315 commendavit.

253 3358 636 3451 Utrumque
657 3370 958 3444 testatur,
977 3360 1070 3443 11,
1089 3381 1191 3451 ep.
1223 3382 1244 3426 ι
1262 3356 1327 3443 3,
1349 3357 1467 3426 ubi
1488 3357 1828 3451 exquisitis
1847 3354 2153 3424 laudibus
2166 3353 2373 3421 Prisci

251 3463 564 3535 amicitias
597 3464 932 3534 traditur:
981 3466 1380 3559 quibuscum
1421 3468 1755 3560 conjunge
1788 3470 1886 3553 X,
1923 3488 2028 3559 ep.
2064 3462 2129 3533 3.
2176 3464 2377 3531 Hunc

253 3577 459 3669 igitur
493 3582 732 3645 omnia
759 3576 1120 3667 suafacta
1132 3629 1154 3662 ,
1198 3576 1386 3646 dicta
1418 3592 1491 3645 et
1516 3578 1803 3645 cons-ilia
1831 3596 2237 3669 cognoscere
2262 3596 2377 3640 vo-

251 3684 466 3771 lebat,
497 3688 566 3771 1,
607 3710 713 3778 ep.
757 3683 974 3783 5‚1·7.
1017 3687 1234 3779 Hujus
1259 3686 1515 3780 judicio
1556 3686 1625 3754 in
1666 3682 2084 3756 recensendis
2112 3683 2375 3777 scriptis

255 3796 542 3865 maxime
581 3794 864 3884 fidebat,
901 3797 1265 3892 praesertim
1289 3821 1497 3892 quum
1524 3818 1757 3865 omnes
1797 3794 1997 3865 Plinii
2039 3794 2375 3863 orationes

253 3906 640 3974 memoriter
664 3920 954 3990 teneret,
989 3909 1123 3994 ΠΙ,
1149 3930 1257 4001 ep.
1301 3906 1421 3995 ¹33
1448 3910 1545 3977 VI
1563 3960 1583 3991 ,
1605 3931 1711 4001 ep.
1741 3902 1852 3977 33.
1883 3906 2104 3999 Hujus
2132 3905 2375 3997 episto-

251 4014 348 4085 las
381 4017 676 4085 maxime
710 4015 1156 4098 desiderabat,
1199 4020 1333 4105 lx,
1369 4042 1475 4112 ep.
1511 4016 1601 4085 28
1624 4068 1643 4102 ‚
1690 4015 1867 4084 unde
1912 4040 2063 4085 eum
2104 4012 2379 4106 colligas

251 4124 498 4217 praedia
539 4124 848 4195 habuisse
891 4125 962 4195 in
1012 4126 1368 4221 Hispania,
1404 4127 1631 4219 ibique
1661 4124 2049 4220 aliquandiu
2086 4146 2374 4193 commo-
