2857 4690
869 369 1418 439 ιΕΡῙΒΤΟῙ.,Α
1469 371 1678 439 XVI.

250 577 783 599 mmmm

2219 362 2350 437 125

1153 575 1878 598 *mmmmm
1885 573 2342 595 mmmm

900 769 1150 855 xvl.
1218 767 1686 887 (LXXV)

236 997 637 1056 Callidromum
655 1041 673 1068 ,
701 997 1014 1055 multorum
1046 998 1303 1056 variante
1336 998 1570 1055 fortuna
1600 1014 1864 1068 servum,
1891 995 2142 1072 Trajano
2167 993 2356 1052 mittit.

813 1206 877 1252 C.
931 1205 1285 1254 PLINIUS
1335 1205 1763 1259 TRAJANO.

330 1385 777 1465 Avunmus,
819 1383 1147 1464 Domine,
1182 1379 1403 1468 mile‘S,
1442 1383 1557 1476 qui
1595 1396 1694 1450 est
1724 1383 1792 1449 in
1833 1381 2126 1471 statione¹
2153 1381 2360 1451 Nico·

236 1490 562 1578 medensi,
600 1491 868 1585 scripsit
900 1489 1102 1578 mihi,
1128 1489 1486 1586 quemdam
1525 1491 1798 1561 nomine
1837 1488 2360 1575 Callidromum,

238 1627 438 1696 quum
470 1601 884 1672 detineretur
918 1625 957 1669 a
990 1601 1289 1670 Maximo
1325 1615 1390 1669 et
1427 1601 1752 1695 Dionysio
1793 1599 2150 1694 pistoribus
2166 1605 2200 1686 ,'
2216 1599 2362 1693 qui·

237 1710 357 1780 bus
392 1737 629 1805 operas
670 1735 821 1780 suas
866 1708 1237 1797 locaverat,
1268 1708 1654 1805 confugisse
1689 1709 1774 1779 ad
1818 1725 2002 1779 tuam
2041 1725 2365 1794 statuam,

236 1820 763 1914 perductumque
789 1819 875 1888 ad
896 1821 1325 1914 magistratus
1349 1818 1695 1908 indicasse,
1715 1821 1990 1889 servisse
2007 1818 2366 1914 aliquando

237 1931 513 2000 Laberio
560 1931 901 2017 Maximo,
954 1945 1356 2024 captumque
1401 1954 1440 1998 a
1479 1932 1734 2024 Susago
1773 1931 1843 1996 in
1881 1930 2122 1997 Moesia
2145 1983 2163 2013 ,
2219 1944 2286 1997 et
2325 1953 2368 1997 a

238 2037 565 2109 Decebalo
597 2039 863 2106 muneri
892 2040 1164 2107 missum
1196 2043 1487 2123 Pacor0,
1522 2039 1812 2108 Parthiae
1839 2039 2009 2132 regi,
2040 2037 2368 2132 pluribus-

236 2175 359 2242 que
389 2150 587 2219 annis
624 2150 694 2217 in
724 2151 1098 2218 ministerio
1131 2151 1273 2244 ejus
1307 2148 1546 2235 fuisse3
1586 2147 1823 2218 deinde
1853 2148 2132 2242 fugisse,
2164 2163 2366 2242 atque

239 2257 327 2324 ita
360 2256 428 2324 in
468 2257 933 2328 Nicomediam
979 2259 1376 2353 pervenisse.
1424 2258 1650 2348 Quem
1689 2283 1815 2353 ego
1850 2257 2243 2353 perductum
2279 2257 2366 2326 ad
2404 2289 2433 2323 2

238 2392 377 2454 me,
420 2394 633 2464 quum
689 2368 919 2437 eadem
970 2385 1345 2454 narrasset,
1405 2370 1808 2439 mittendum
1862 2369 1947 2439 ad
2004 2384 2067 2439 te
2109 2371 2362 2463 putavi.

239 2478 431 2567 Quod
470 2478 699 2574 paullo
739 2479 993 2547 tardius
1033 2479 1187 2562 feci,
1229 2479 1389 2549 dum
1438 2482 1705 2574 requiro
1752 2503 2124 2573 gemmam,
2166 2504 2366 2574 quam

238 2588 395 2673 sibi,
444 2590 813 2659 habentem·
853 2590 1220 2684 imaginem
1264 2590 1542 2677 Pacori,
1590 2605 1658 2659 et
1705 2590 1948 2683 quibus
1995 2588 2367 2683 insignibus

240 2714 507 2768 ornatus
553 2696 821 2785 fuisset,
866 2700 1277 2769 subtractam
1326 2700 1682 2769 indicabat.
1727 2698 1931 2769 Volui
1976 2700 2157 2768 enim
2193 2700 2367 2767 hanc
2402 2715 2434 2768 3

239 2832 545 2905 quoque,
595 2809 651 2878 si
697 2810 980 2879 inveniri
1022 2812 1385 2904 potuisset,
1421 2810 1620 2879 simul
1663 2810 1970 2897 mittere,
2013 2810 2188 2879 sicut
2224 2808 2368 2904 gle-

241 2914 457 2988 bulam
498 2920 689 3005 misi,
728 2944 931 3013 quam
969 2945 1039 2989 se
1073 2946 1154 2989 ex
1194 2922 1504 3015 parthico
1540 2918 1807 2989 metallo
1849 2919 2148 2989 attulisse
2189 2918 2368 2989 dice-

288 3117 385 3171 XV
388 3120 433 3171 1.
445 3120 579 3172 1.Ad
583 3134 718 3171 mam
730 3102 1253 3191 staucamffanquam

240 3194 303 3249 ad
318 3200 529 3271 asylum
549 3216 565 3252 ε
586 3196 655 3251 de
674 3218 781 3271 qua
796 3218 856 3253 re
872 3199 1085 3271 copiose
1103 3200 1250 3272 Lips.

240 3275 301 3329 ad
317 3278 450 3333 Tac.
471 3280 539 3331 A.
558 3279 669 3343 111,
695 3280 784 3342 36,
808 3298 852 3331 ο.
870 3284 1085 3332 Excurs.
1102 3280 1163 3332 F.
1181 3278 1249 3333 G.

240 3362 535 3411 -Setw'sse.
563 3358 801 3411 Potuisse
822 3377 874 3409 se
904 3370 1025 3431 post
1058 3362 1253 3410 servisse

240 3434 505 3489 absorberi
527 3455 561 3489 a
586 3437 825 3491 clausula
852 3439 997 3491 verbi
1013 3477 1030 3502 ,
1060 3456 1249 3491 conce·

242 3511 413 3569 ἀει-ειη
436 3516 586 3577 LA.
620 3516 893 3581 Eruenda,
922 3519 968 3571 si
1002 3515 1275 3574 credibile.

242 3606 383 3657 estet,
390 3594 621 3649 Plinium
633 3606 741 3651 tam
754 3597 927 3667 inepte
937 3594 1254 3670 ιύριπιδίσαι,

242 3684 294 3726 ut
321 3675 535 3727 aurium
561 3674 819 3747 judicium
855 3695 1047 3749 susque
1086 3676 1255 3749 deque

242 3748 473 3806 haberet.
489 3754 557 3806 Et
580 3754 689 3827 ipse
708 3756 944 3827 agnoscit
960 3756 1254 3819 Ernestius,

242 3830 367 3884 tales
400 3830 613 3905 ellipscs
644 3852 750 3885 non
782 3852 929 3887 raras
956 3852 1085 3889 esse.
1116 3836 1169 3888 S.
1188 3864 1256 3875 —

245 3908 557 3965 Perductum
580 3910 649 3965 ad
678 3912 1011 3983 magistratus
1034 3911 1261 3977 indicas·

246 4006 327 4053 se,
350 3996 544 4043 semisse
572 3991 861 4063 aliquando
894 3992 1119 4045 Laberio
1154 4006 1253 4046 etc.

244 4066 413 4121 Potuit
448 4090 501 4123 se
536 4083 659 4143 post
693 4075 887 4125 servisse
924 4073 1191 4127 absorberi
1224 4092 1257 4127 a

246 4147 475 4205 clausula
508 4151 689 4205 verbi:
717 4150 807 4204 scd
840 4164 891 4205 et
920 4152 1045 4205 alibi
1074 4156 1257 4204 Plinius

1350 3120 1567 3183 omittit,
1592 3132 1652 3172 ut
1673 3138 1757 3191 ep.
1772 3120 1942 3182 XXX,
1957 3132 2088 3173 extr.
2108 3130 2208 3173 etc.
2229 3120 2368 3173 Eu.

1350 3204 1640 3269 ——Susagus
1658 3198 1764 3253 dux
1783 3200 2048 3254 Decebali.
2065 3199 2175 3253 Sub
2194 3199 2371 3251 Domi-

1352 3279 1494 3333 tiano
1523 3280 1652 3333 Daci
1680 3280 1864 3352 saepius
1894 3282 2120 3331 Maesiam
2150 3277 2371 3332 invade·

1350 3358 1506 3423 bant,
1537 3361 1604 3412 ab
1641 3360 1810 3432 iisque
1843 3359 1952 3413 duo
1989 3358 2246 3411 exercitus
2269 3360 2372 3411 Ro-

1348 3438 1495 3491 mani
1511 3437 1667 3493 deleti
1683 3450 1824 3492 sunt.
1837 3438 1982 3491 Suet.
1997 3437 2368 3490 Dom.VI.En.

1348 3548 1419 3557 —
1445 3524 1665 3571 Pacorus
1702 3518 1883 3569 tertius
1915 3516 2078 3588 hujus
2110 3515 2369 3581 nominis,

1348 3614 1440 3649 rex
1463 3598 1798 3651 Parthorum.
1821 3596 1923 3649 En.

1426 3696 1476 3729 2.
1501 3678 1793 3727 Mittendum
1815 3676 1898 3727 ad'
1911 3690 1972 3727 te.
1998 3675 2107 3741 Qui
2132 3676 2265 3733 forte
2287 3694 2371 3729 re-

1300 3784 1321 3802 s
1355 3756 1492 3809 serre
1504 3766 1676 3827 posset
1695 3754 1760 3806 dc
1777 3756 1934 3809 rebus
1951 3754 2203 3833 parthicis
2219 3794 2234 3820 ‚
2256 3773 2372 3829 quai

1354 3834 1538 3887 audire
1553 3834 1771 3905 Trajaui
1793 3836 2080 3887 interesset.
2105 3832 2174 3885 G.

1428 3916 1480 3969 3.
1503 3919 1636 3965 Sicut
1655 3918 1904 3982 glebulam
1933 3918 2064 3967 misi.
2092 3912 2372 3966 Glebulam

1354 3995 1467 4046 auri
1486 4031 1502 4056 ‚
1549 4004 1607 4045 ut
1653 3992 1860 4047 videtur
1898 4012 1912 4047 :
1953 3998 2058 4045 eine
2101 3995 2302 4043 Goldsm
2325 4010 2368 4039 e.

1354 4074 1478 4125 Mox
1495 4076 1742 4123 metallum
1761 4072 1828 4127 de
1847 4073 1956 4144 ipsa
1979 4069 2158 4125 fodina
2177 4067 2370 4121 intelli-

1354 4150 1604 4222 gendum.
1623 4152 1676 4203 S.
