2857 4690
707 316 1235 385 EPISTOLA
1335 313 1756 382 LXXXVI.
2155 339 2276 410 191

180 440 303 508 hoc
342 439 671 533 praecipue
721 461 961 532 genere
1002 437 1401 531 cognitionis
1447 460 1675 530 regere
1714 435 2040 532 digneris,
2081 462 2288 532 quum

176 548 413 643 alioqui
458 572 705 642 mag-na
740 550 826 616 sit
880 547 1328 642 exspectati03
1372 560 1449 614 ut
1484 568 1745 616 necesse
1781 545 1866 613 sit
1890 599 1909 632 ‚
1951 545 2021 613 in
2060 570 2139 614 ea
2178 571 2290 631 re,

174 683 315 752 quae
345 673 413 727 et
443 659 511 726 in
554 656 929 728 confessum
961 657 1143 726 venit
1165 711 1183 744 ‚
1222 673 1290 727 et
1330 655 1648 750 exemplis
1682 655 2062 726 defenditur
2082 709 2102 743 ,
2132 655 2294 725 deli-

178 769 423 837 bei-are.

178 959 381 1030 legitur,
406 959 678 1030 mirorque
691 996 708 1022 ,
733 958 968 1030 Gierigio
1006 979 1187 1031 suspe-
1284 961 1377 1020 sit,
1398 979 1487 1024 ne,
1510 961 1554 1013 si
1571 978 1738 1013 unum
1755 959 2038 1031 puniamus
2051 958 2297 1022 Dionem,

181 1049 315 1091 ctum
332 1036 501 1092 videri
524 1037 774 1109 potuisse.
802 1039 856 1092 S.
1284 1039 1462 1110 plures
1493 1037 1726 1113 ejusdem
1747 1037 1980 1092 criminis
2003 1055 2034 1092 a
2057 1035 2300 1091 delatori-

246 1119 298 1170 8.
311 1122 371 1168 In
389 1118 659 1186 conftssum
670 1121 827 1170 venit.
840 1117 950 1170 Ubi
964 1116 1031 1171 de
1048 1117 1189 1171 facto
1283 1117 1383 1170 buz
1400 1117 1478 1170 rei
1496 1118 1648 1174 fiant.
1664 1117 1731 1171 G.
1744 1120 2120 1168 —Deliberam
2137 1117 2310 1170 Omit-·

184 1195 525 1268 dis-putarivel
538 1195 857 1250 dissimulari
872 1213 979 1248 non
998 1208 1189 1268 potest,
1286 1207 1404 1249 tunt
1418 1189 1530 1248 boc
1555 1195 1776 1249 verbnm
1801 1194 2041 1267 quidam.
2064 1195 2168 1249 Sed
2192 1213 2301 1248 non

184 1275 303 1346 quin
324 1284 377 1328 et
399 1287 607 1328 certum
622 1311 638 1338 ,
659 1286 709 1328 et
736 1275 791 1326 in
816 1274 1073 1348 judicium
1098 1273 1190 1327 de·
1286 1275 1456 1327 ausim
1477 1293 1566 1328 eon
1586 1275 1734 1347 sequi
1749 1311 1765 1338 ,
1792 1291 1958 1346 quum
1988 1273 2122 1327 dura
2144 1271 2304 1325 nimis

186 1352 341 1405 latum
378 1353 445 1406 sit
470 1371 487 1405 :
514 1353 607 1406 uhi
658 1353 813 1406 etiam
856 1351 926 1405 ad
968 1353 1191 1405 aliorum
1286 1352 1552 1417 videatur,
1590 1353 1646 1406 in
1687 1353 1796 1407 fine
1831 1353 2151 1425 praesertim}
2186 1352 2302 1406 eui-

185 1433 407 1505 exempla
423 1444 765 1504 provocatur,
785 1443 857 1512 ut·
867 1430 1001 1486 adeo
1024 1442 1192 1484 metus
1287 1431 1416 1503 psis.
1446 1432 1511 1485 G.

188 1621 2289 1644 mmmmmmmmmmmmmmmmustQSwm-ul

688 1799 1189 1888 LXXXVI.
1256 1798 1806 1918 (LXXXIII)

795 2041 1246 2088 TRAIANUS
1294 2041 1607 2089 PLuuo
1655 2043 1709 2086 S.

278 2219 619 2284 Po‘rms‘n
647 2236 783 2280 non
819 2211 1107 2296 haerere‚
1132 2212 1226 2280 mi
1263 2210 1568 2280 Secunde
1597 2213 1930 2280 carissime
1949 2266 1968 2298 ‚
2004 2213 2180 2283 circa
2206 2213 2311 2298 id,

195 2323 269 2394 de
307 2350 447 2420 quo
482 2347 592 2392 me
633 2319 1113 2393 consulendum
1152 2322 1576 2409 existimasti,
1634 2348 1842 2417 quum
1895 2326 2313 2420 propositum

196 2460 411 2505 meum
447 2433 703 2529 optime
732 2456 989 2517 nosseS,
1018 2456 1155 2499 non
1184 2456 1261 2500 ex
1292 2447 1475 2501 metu
1505 2457 1628 2502 nec
1666 2447 1917 2503 terrore
1944 2435 2324 2521 hominum,-

197 2560 305 2613 aut
342 2542 741 2613 criminibus
786 2540 1183 2634 majestatis,
1225 2542 1667 2612 reverentiam
1706 2546 1963 2613 nomini
2004 2570 2155 2615 meo
2197 2548 2316 2617 ad-

200 2654 385 2747 quiri.
418 2653 686 2723 Omissa
724 2674 884 2745 ergo
915 2674 991 2718 ea
1027 2650 1423 2744 quaestione,
1450 2676 1653 2746 quam
1689 2678 1827 2722 non
1863 2654 2312 2744 admitterem,
2357 2698 2384 2731 2

204 2764 455 2833 etiamsi
509 2758 827 2854 exemplis
876 2759 1333 2853 adjuvaretur,
1381 2759 1554 2828 ratio
1591 2763 1794 2831 totius
1849 2764 2067 2857 operis
2103 2763 2320 2833 effecti

204 2874 319 2943 sub
345 2896 511 2943 cura
542 2886 660 2940 tua
677 2869 1050 2940 Cocceiano
1081 2869 1287 2937 Dioni
1317 2872 1716 2956 excutiatur,
1742 2898 1951 2966 quum
1979 2888 2045 2943 et
2073 2874 2322 2944 utilitas

205 2983 485 3053 civitatis
538 2980 792 3073 exigat,
836 3002 961 3047 nee
989 2992 1104 3047 aut
1140 2993 1393 3047 recuset
1432 2980 1614 3047 Dion
1637 3032 1657 3065 ‚
1689 2997 1808 3051 aut
1850 2982 2088 3053 debeat
2129 3008 2320 3054 recu-

206 3116 365 3162 sare.

274 3282 567 3338 Lxxxvl.
586 3278 959 3334 *mamea
972 3278 1075 3331 hoc
1089 3277 1221 3343 vult,
1316 3289 1425 3332 tere
1440 3317 1457 3342 ‚
1504 3299 1612 3333 non
1652 3280 1986 3335 excutiendas
2021 3280 2148 3335 dare
2191 3283 2324 3338 aliis.

212 3376 356 3437 puto,
368 3384 404 3413 a
416 3364 577 3413 Dione
592 3362 721 3411 ratio
737 3372 900 3409 mue.
917 3395 932 3422 ,
952 3370 1032 3424 ut,
1048 3360 1223 3407 audita
1318 3356 1506 3431 Neque
1528 3361 1844 3413 constructio
1866 3360 2026 3413 habet
2045 3360 2328 3415 difficulta-

218 3447 299 3495 ιίὸι·
308 3442 436 3505 ,hoc
446 3451 525 3494 est
538 3454 659 3491 ate.-
675 3436 766 3489 sed
777 3436 948 3489 excuti
957 3438 1053 3488 sub
1070 3432 1225 3493 Plinii
1276 3466 1283 3480 ·
1320 3446 1444 3490 tem.
1462 3437 1665 3503 Quidni
1684 3439 1821 3491 enim
1841 3435 2035 3491 diceret
2057 3438 2216 3503 Dion,
2229 3446 2330 3492 Ex-

219 3542 337 3577 curn
352 3520 617 3575 rationem
635 3514 814 3568 Dionis
828 3551 844 3577 ‚
860 3515 915 3567 in
926 3514 1091 3586 ipsius
1102 3530 1225 3583 gra·
1320 3518 1468 3567 emite
1485 3519 1606 3569 milti
1619 3520 1859 3567 rationem
1885 3527 2080 3569 meam:²
2097 3518 2328 3584 Quidam

222 3603 356 3664 tiam,
370 3599 495 3653 ideo
506 3608 649 3651 certe
662 3632 677 3659 ,
696 3606 753 3647 ut
764 3592 954 3647 deinde
962 3588 1224 3663 adeig'nari
1320 3593 1444 3647 libri
1479 3598 1732 3647 Cocceiani
1762 3598 1956 3655 Dionis,
1993 3596 2136 3669 quod
2173 3596 2329 3652 dubi-

224 3699 340 3751 opus
356 3674 659 3751 reipublicae
670 3684 863 3746 posset.
880 3672 1003 3725 Hae
1018 3683 1195 3743 aperta
1211 3708 1226 3733 ,
1324 3674 1570 3727 tationem
1601 3692 1705 3726 non
1740 3674 1961 3727 haberet
1975 3714 1990 3739 ,
2021 3676 2112 3729 sed
2142 3679 2332 3733 obscu-

228 3760 315 3812 nisi
324 3760 459 3812 forte
470 3755 606 3809 velis
615 3752 841 3823 aliquem
850 3751 955 3824 ,qui
966 3750 1121 3804 debet
1130 3750 1231 3803 rei·
1324 3752 1613 3805 riusculum
1635 3752 1692 3805 sit
1713 3765 1922 3823 propter
1939 3753 2128 3809 alteros
2150 3758 2334 3828 geniti-

227 3838 432 3911 publicoe
448 3877 465 3904 ,
489 3836 663 3907 ipsum
690 3850 809 3885 suas
832 3832 1059 3885 rationes
1078 3849 1231 3884 excu-
1324 3850 1418 3884 vos
1447 3834 1592 3883 totius
1611 3835 1767 3899 operis
1793 3834 1966 3901 effecti.
1982 3834 2049 3887 G.

792 4078 1653 4115 ——·-—-—--.ooo-————
1682 4096 1770 4105 -—
