<?xml version="1.0" encoding="UTF-8"?>
<!DOCTYPE html PUBLIC "-//W3C//DTD XHTML 1.0 Transitional//EN"
    "http://www.w3.org/TR/xhtml1/DTD/xhtml1-transitional.dtd">
<html xmlns="http://www.w3.org/1999/xhtml" xml:lang="en" lang="en">
 <head>
  <title>
</title>
<meta http-equiv="Content-Type" content="text/html;charset=utf-8" />
  <meta name='ocr-system' content='tesseract 3.04.00' />
  <meta name='ocr-capabilities' content='ocr_page ocr_carea ocr_par ocr_line ocrx_word'/>
</head>
<body>
  <div class='ocr_page' id='page_1' title='image "./cpliniisecundie00schgoog_0131.png"; bbox 0 0 2857 4690; ppageno 0'>
   <div class='ocr_carea' id='block_1_1' title="bbox 518 309 1992 380">
    <p class='ocr_par' dir='ltr' id='par_1_1' title="bbox 518 309 1992 380">
     <span class='ocr_line' id='line_1_1' title="bbox 518 309 1992 380; baseline -0.001 -3"><span class='ocrx_word' id='word_1_1' title='bbox 518 331 649 378; x_wconf 72' lang='lat' dir='ltr'><strong>ua</strong></span> <span class='ocrx_word' id='word_1_2' title='bbox 1150 309 1229 378; x_wconf 89' lang='lat' dir='ltr'><strong>C.</strong></span> <span class='ocrx_word' id='word_1_3' title='bbox 1281 309 1624 380; x_wconf 77' lang='lat' dir='ltr'><strong>PLINn</strong></span> <span class='ocrx_word' id='word_1_4' title='bbox 1671 310 1858 378; x_wconf 91' lang='lat' dir='ltr'><strong>LIB.</strong></span> <span class='ocrx_word' id='word_1_5' title='bbox 1905 309 1992 376; x_wconf 86' lang='lat' dir='ltr'><strong>X.</strong></span> 
     </span>
    </p>
   </div>
   <div class='ocr_carea' id='block_1_2' title="bbox 443 429 2646 1518">
    <p class='ocr_par' dir='ltr' id='par_1_2' title="bbox 507 429 2646 970">
     <span class='ocr_line' id='line_1_2' title="bbox 511 429 2646 528; baseline 0.001 -30"><span class='ocrx_word' id='word_1_6' title='bbox 511 431 805 526; x_wconf 82' lang='lat' dir='ltr'><strong>gentiam</strong></span> <span class='ocrx_word' id='word_1_7' title='bbox 842 445 1025 500; x_wconf 89' lang='lat' dir='ltr'><strong>tuam</strong></span> <span class='ocrx_word' id='word_1_8' title='bbox 1059 429 1271 502; x_wconf 86' lang='lat' dir='ltr'><strong>dabis.</strong></span> <span class='ocrx_word' id='word_1_9' title='bbox 1308 431 1519 501; x_wconf 84' lang='lat' dir='ltr'>Dabit</span> <span class='ocrx_word' id='word_1_10' title='bbox 1557 433 1698 528; x_wconf 89' lang='lat' dir='ltr'><strong>ipse</strong></span> <span class='ocrx_word' id='word_1_11' title='bbox 1732 455 2041 526; x_wconf 89' lang='lat' dir='ltr'><strong>operam,</strong></span> <span class='ocrx_word' id='word_1_12' title='bbox 2082 445 2158 499; x_wconf 88' lang='lat' dir='ltr'><strong>ut</strong></span> <span class='ocrx_word' id='word_1_13' title='bbox 2205 431 2276 499; x_wconf 89' lang='lat' dir='ltr'><strong>in</strong></span> <span class='ocrx_word' id='word_1_14' title='bbox 2315 431 2452 519; x_wconf 84' lang='lat' dir='ltr'><strong>his,</strong></span> <span class='ocrx_word' id='word_1_15' title='bbox 2487 456 2646 526; x_wconf 83' lang='lat' dir='ltr'><strong>quae</strong></span> 
     </span>
     <span class='ocr_line' id='line_1_3' title="bbox 507 531 2642 636; baseline -0.001 -26"><span class='ocrx_word' id='word_1_16' title='bbox 507 539 572 610; x_wconf 88' lang='lat' dir='ltr'><strong>ei</strong></span> <span class='ocrx_word' id='word_1_17' title='bbox 606 531 1057 625; x_wconf 75' lang='lat' dir='ltr'><strong>mandaveris,</strong></span> <span class='ocrx_word' id='word_1_18' title='bbox 1103 543 1357 636; x_wconf 87' lang='lat' dir='ltr'><strong>majora</strong></span> <span class='ocrx_word' id='word_1_19' title='bbox 1401 555 1756 611; x_wconf 87' lang='lat' dir='ltr'><strong>mereatur.</strong></span> <span class='ocrx_word' id='word_1_20' title='bbox 1813 540 2188 612; x_wconf 73' lang='lat' dir='ltr'><strong>Parciorem</strong></span> <span class='ocrx_word' id='word_1_21' title='bbox 2223 563 2330 608; x_wconf 88' lang='lat' dir='ltr'><strong>me</strong></span> <span class='ocrx_word' id='word_1_22' title='bbox 2373 541 2446 609; x_wconf 87' lang='lat' dir='ltr'><strong>in</strong></span> <span class='ocrx_word' id='word_1_23' title='bbox 2490 538 2642 609; x_wconf 88' lang='lat' dir='ltr'><strong>lau-</strong></span> 
     </span>
     <span class='ocr_line' id='line_1_4' title="bbox 512 650 2645 748; baseline 0 -29"><span class='ocrx_word' id='word_1_24' title='bbox 512 650 733 720; x_wconf 90' lang='lat' dir='ltr'><strong>dando</strong></span> <span class='ocrx_word' id='word_1_25' title='bbox 762 650 955 739; x_wconf 88' lang='lat' dir='ltr'><strong>facit,</strong></span> <span class='ocrx_word' id='word_1_26' title='bbox 985 651 1169 747; x_wconf 90' lang='lat' dir='ltr'><strong>quod</strong></span> <span class='ocrx_word' id='word_1_27' title='bbox 1200 677 1435 748; x_wconf 87' lang='lat' dir='ltr'><strong>spero,</strong></span> <span class='ocrx_word' id='word_1_28' title='bbox 1469 651 1593 722; x_wconf 82' lang='lat' dir='ltr'><strong>tibi</strong></span> <span class='ocrx_word' id='word_1_29' title='bbox 1627 667 1696 723; x_wconf 88' lang='lat' dir='ltr'><strong>et</strong></span> <span class='ocrx_word' id='word_1_30' title='bbox 1719 651 2174 747; x_wconf 79' lang='lat' dir='ltr'><strong>integritatem</strong></span> <span class='ocrx_word' id='word_1_31' title='bbox 2201 650 2368 744; x_wconf 84' lang='lat' dir='ltr'><strong>ejus,</strong></span> <span class='ocrx_word' id='word_1_32' title='bbox 2395 665 2464 720; x_wconf 89' lang='lat' dir='ltr'><strong>et</strong></span> <span class='ocrx_word' id='word_1_33' title='bbox 2491 675 2645 745; x_wconf 88' lang='lat' dir='ltr'><strong>pro-</strong></span> 
     </span>
     <span class='ocr_line' id='line_1_5' title="bbox 508 759 2644 855; baseline -0.002 -24"><span class='ocrx_word' id='word_1_34' title='bbox 508 762 785 832; x_wconf 88' lang='lat' dir='ltr'><strong>bitatem</strong></span> <span class='ocrx_word' id='word_1_35' title='bbox 801 816 821 850; x_wconf 98' lang='lat'><strong>,</strong></span> <span class='ocrx_word' id='word_1_36' title='bbox 850 779 919 833; x_wconf 88' lang='lat' dir='ltr'><strong>et</strong></span> <span class='ocrx_word' id='word_1_37' title='bbox 940 763 1335 833; x_wconf 86' lang='lat' dir='ltr'><strong>industriam</strong></span> <span class='ocrx_word' id='word_1_38' title='bbox 1362 783 1504 832; x_wconf 85' lang='lat' dir='ltr'><strong>non</strong></span> <span class='ocrx_word' id='word_1_39' title='bbox 1531 759 1746 832; x_wconf 85' lang='lat' dir='ltr'><strong>solum</strong></span> <span class='ocrx_word' id='word_1_40' title='bbox 1771 781 1856 831; x_wconf 79' lang='lat' dir='ltr'><strong>ex</strong></span> <span class='ocrx_word' id='word_1_41' title='bbox 1879 762 2024 855; x_wconf 88' lang='lat' dir='ltr'><strong>ejus</strong></span> <span class='ocrx_word' id='word_1_42' title='bbox 2042 759 2440 848; x_wconf 74' lang='lat' dir='ltr'><strong>honoribus»,</strong></span> <span class='ocrx_word' id='word_1_43' title='bbox 2463 785 2644 854; x_wconf 87' lang='lat' dir='ltr'><strong>quos</strong></span> 
     </span>
     <span class='ocr_line' id='line_1_6' title="bbox 510 871 2641 970; baseline -0.002 -28"><span class='ocrx_word' id='word_1_44' title='bbox 510 875 581 942; x_wconf 91' lang='lat' dir='ltr'><strong>in</strong></span> <span class='ocrx_word' id='word_1_45' title='bbox 628 874 795 942; x_wconf 90' lang='lat' dir='ltr'><strong>urbe</strong></span> <span class='ocrx_word' id='word_1_46' title='bbox 845 874 969 943; x_wconf 88' lang='lat' dir='ltr'><strong>sub</strong></span> <span class='ocrx_word' id='word_1_47' title='bbox 1013 874 1221 944; x_wconf 85' lang='lat' dir='ltr'><strong>oculis</strong></span> <span class='ocrx_word' id='word_1_48' title='bbox 1274 875 1407 943; x_wconf 89' lang='lat' dir='ltr'><strong>tuis</strong></span> <span class='ocrx_word' id='word_1_49' title='bbox 1451 874 1687 970; x_wconf 56' lang='lat' dir='ltr'><strong>gessit,</strong></span> <span class='ocrx_word' id='word_1_50' title='bbox 1732 896 1962 942; x_wconf 88' lang='lat' dir='ltr'><strong>verum</strong></span> <span class='ocrx_word' id='word_1_51' title='bbox 1999 871 2200 940; x_wconf 89' lang='lat' dir='ltr'><strong>etiam</strong></span> <span class='ocrx_word' id='word_1_52' title='bbox 2238 894 2320 939; x_wconf 85' lang='lat' dir='ltr'><strong>ex</strong></span> <span class='ocrx_word' id='word_1_53' title='bbox 2353 871 2641 940; x_wconf 86' lang='lat' dir='ltr'><strong>commi-</strong></span> 
     </span>
    </p>

    <p class='ocr_par' dir='ltr' id='par_1_3' title="bbox 443 980 2643 1518">
     <span class='ocr_line' id='line_1_7' title="bbox 443 980 2642 1077; baseline 0.001 -30"><span class='ocrx_word' id='word_1_54' title='bbox 443 994 476 1047; x_wconf 83' lang='lat'><strong>3</strong></span> <span class='ocrx_word' id='word_1_55' title='bbox 508 980 687 1070; x_wconf 90' lang='lat' dir='ltr'><strong>litio,</strong></span> <span class='ocrx_word' id='word_1_56' title='bbox 718 1008 859 1052; x_wconf 88' lang='lat' dir='ltr'><strong>esse</strong></span> <span class='ocrx_word' id='word_1_57' title='bbox 890 983 1321 1053; x_wconf 84' lang='lat' dir='ltr'><strong>notissimam.</strong></span> <span class='ocrx_word' id='word_1_58' title='bbox 1361 982 1540 1052; x_wconf 90' lang='lat' dir='ltr'><strong>Illud</strong></span> <span class='ocrx_word' id='word_1_59' title='bbox 1573 1008 1824 1069; x_wconf 89' lang='lat' dir='ltr'><strong>unum,</strong></span> <span class='ocrx_word' id='word_1_60' title='bbox 1860 981 2042 1077; x_wconf 90' lang='lat' dir='ltr'><strong>quod</strong></span> <span class='ocrx_word' id='word_1_61' title='bbox 2079 995 2355 1076; x_wconf 87' lang='lat' dir='ltr'><strong>propter</strong></span> <span class='ocrx_word' id='word_1_62' title='bbox 2391 980 2642 1050; x_wconf 87' lang='lat' dir='ltr'><strong>carita-</strong></span> 
     </span>
     <span class='ocr_line' id='line_1_8' title="bbox 507 1089 2640 1187; baseline 0.001 -29"><span class='ocrx_word' id='word_1_63' title='bbox 507 1104 643 1158; x_wconf 86' lang='lat' dir='ltr'><strong>tem</strong></span> <span class='ocrx_word' id='word_1_64' title='bbox 679 1091 822 1185; x_wconf 87' lang='lat' dir='ltr'><strong>ejus</strong></span> <span class='ocrx_word' id='word_1_65' title='bbox 863 1091 1163 1161; x_wconf 90' lang='lat' dir='ltr'><strong>nondum</strong></span> <span class='ocrx_word' id='word_1_66' title='bbox 1211 1092 1378 1162; x_wconf 88' lang='lat' dir='ltr'><strong>mihi</strong></span> <span class='ocrx_word' id='word_1_67' title='bbox 1418 1093 1654 1163; x_wconf 83' lang='lat' dir='ltr'><strong>videor</strong></span> <span class='ocrx_word' id='word_1_68' title='bbox 1695 1093 1852 1164; x_wconf 81' lang='lat' dir='ltr'><strong>satis</strong></span> <span class='ocrx_word' id='word_1_69' title='bbox 1895 1089 2094 1187; x_wconf 80' lang='lat' dir='ltr'>plene</span> <span class='ocrx_word' id='word_1_70' title='bbox 2137 1089 2398 1176; x_wconf 85' lang='lat' dir='ltr'><strong>fecisse,</strong></span> <span class='ocrx_word' id='word_1_71' title='bbox 2433 1092 2640 1160; x_wconf 88' lang='lat' dir='ltr'><strong>etiam</strong></span> 
     </span>
     <span class='ocr_line' id='line_1_9' title="bbox 506 1200 2643 1302; baseline 0 -32"><span class='ocrx_word' id='word_1_72' title='bbox 506 1215 707 1296; x_wconf 88' lang='lat' dir='ltr'><strong>atque</strong></span> <span class='ocrx_word' id='word_1_73' title='bbox 740 1203 945 1272; x_wconf 86' lang='lat' dir='ltr'><strong>etiam</strong></span> <span class='ocrx_word' id='word_1_74' title='bbox 972 1201 1177 1292; x_wconf 82' lang='lat' dir='ltr'><strong>facio;</strong></span> <span class='ocrx_word' id='word_1_75' title='bbox 1211 1217 1444 1298; x_wconf 90' lang='lat' dir='ltr'><strong>teque,</strong></span> <span class='ocrx_word' id='word_1_76' title='bbox 1477 1205 1808 1302; x_wconf 84' lang='lat' dir='ltr'><strong>Domine,</strong></span> <span class='ocrx_word' id='word_1_77' title='bbox 1840 1226 2039 1297; x_wconf 82' lang='lat' dir='ltr'><strong>rogo,</strong></span> <span class='ocrx_word' id='word_1_78' title='bbox 2075 1200 2364 1296; x_wconf 82' lang='lat' dir='ltr'><strong>gaudere</strong></span> <span class='ocrx_word' id='word_1_79' title='bbox 2394 1227 2503 1269; x_wconf 84' lang='lat' dir='ltr'><strong>me</strong></span> <span class='ocrx_word' id='word_1_80' title='bbox 2529 1226 2643 1270; x_wconf 83' lang='lat' dir='ltr'><strong>ex-</strong></span> 
     </span>
     <span class='ocr_line' id='line_1_10' title="bbox 506 1309 2643 1411; baseline -0.002 -29"><span class='ocrx_word' id='word_1_81' title='bbox 506 1328 747 1383; x_wconf 78' lang='lat' dir='ltr'><strong>ornata</strong></span> <span class='ocrx_word' id='word_1_82' title='bbox 790 1316 1137 1408; x_wconf 57' lang='lat' dir='ltr'><strong>questoris</strong></span> <span class='ocrx_word' id='word_1_83' title='bbox 1180 1316 1313 1384; x_wconf 82' lang='lat' dir='ltr'><strong>mei</strong></span> <span class='ocrx_word' id='word_1_84' title='bbox 1366 1315 1729 1411; x_wconf 66' lang='lat' dir='ltr'><strong>dignitate,</strong></span> <span class='ocrx_word' id='word_1_85' title='bbox 1769 1313 1841 1384; x_wconf 88' lang='lat' dir='ltr'><strong>id</strong></span> <span class='ocrx_word' id='word_1_86' title='bbox 1883 1325 2023 1402; x_wconf 78' lang='lat' dir='ltr'><strong>est,</strong></span> <span class='ocrx_word' id='word_1_87' title='bbox 2061 1329 2188 1408; x_wconf 80' lang='lat' dir='ltr'><strong>per</strong></span> <span class='ocrx_word' id='word_1_88' title='bbox 2229 1309 2416 1380; x_wconf 77' lang='lat' dir='ltr'><strong>illum</strong></span> <span class='ocrx_word' id='word_1_89' title='bbox 2449 1335 2643 1398; x_wconf 84' lang='lat' dir='ltr'><strong>mea,</strong></span> 
     </span>
     <span class='ocr_line' id='line_1_11' title="bbox 502 1423 1403 1518; baseline 0.003 -27"><span class='ocrx_word' id='word_1_90' title='bbox 502 1439 709 1518; x_wconf 79' lang='lat' dir='ltr'><strong>quam</strong></span> <span class='ocrx_word' id='word_1_91' title='bbox 744 1425 1188 1494; x_wconf 67' lang='lat' dir='ltr'><strong>maturissime</strong></span> <span class='ocrx_word' id='word_1_92' title='bbox 1223 1423 1403 1495; x_wconf 79' lang='lat' dir='ltr'><strong>velis.</strong></span> 
     </span>
    </p>
   </div>
   <div class='ocr_carea' id='block_1_3' title="bbox 576 1622 2646 1700">
    <p class='ocr_par' dir='ltr' id='par_1_4' title="bbox 576 1622 2646 1700">
     <span class='ocr_line' id='line_1_12' title="bbox 576 1622 2646 1700; baseline -0 -24"><span class='ocrx_word' id='word_1_93' title='bbox 576 1655 649 1664; x_wconf 91' lang='lat'>—</span> <span class='ocrx_word' id='word_1_94' title='bbox 674 1631 735 1676; x_wconf 85' lang='lat' dir='ltr'><strong>In</strong></span> <span class='ocrx_word' id='word_1_95' title='bbox 761 1629 860 1688; x_wconf 80' lang='lat' dir='ltr'><strong>Iu‘s,</strong></span> <span class='ocrx_word' id='word_1_96' title='bbox 902 1647 1029 1695; x_wconf 70' lang='lat' dir='ltr'><em>qua.</em></span> <span class='ocrx_word' id='word_1_97' title='bbox 1071 1629 1133 1679; x_wconf 91' lang='lat' dir='ltr'><strong>In</strong></span> <span class='ocrx_word' id='word_1_98' title='bbox 1176 1627 1488 1682; x_wconf 74' lang='lat' dir='ltr'><strong>muneribus</strong></span> <span class='ocrx_word' id='word_1_99' title='bbox 1504 1665 1520 1692; x_wconf 87' lang='lat'><strong>,</strong></span> <span class='ocrx_word' id='word_1_100' title='bbox 1619 1628 2013 1700; x_wconf 79' lang='lat' dir='ltr'><strong>levicula,quia</strong></span> <span class='ocrx_word' id='word_1_101' title='bbox 2035 1630 2086 1677; x_wconf 80' lang='lat' dir='ltr'><strong>in</strong></span> <span class='ocrx_word' id='word_1_102' title='bbox 2109 1624 2407 1696; x_wconf 68' lang='lat' dir='ltr'><strong>praepositio</strong></span> <span class='ocrx_word' id='word_1_103' title='bbox 2427 1622 2646 1695; x_wconf 69' lang='lat' dir='ltr'><strong>quibus-</strong></span> 
     </span>
    </p>
   </div>
   <div class='ocr_carea' id='block_1_4' title="bbox 506 1703 2641 1779">
    <p class='ocr_par' dir='ltr' id='par_1_5' title="bbox 506 1703 2641 1779">
     <span class='ocr_line' id='line_1_13' title="bbox 506 1703 2641 1779; baseline -0 -22"><span class='ocrx_word' id='word_1_104' title='bbox 506 1721 625 1774; x_wconf 65' lang='lat' dir='ltr'><strong>que</strong></span> <span class='ocrx_word' id='word_1_105' title='bbox 640 1703 691 1758; x_wconf 83' lang='lat' dir='ltr'><strong>ei</strong></span> <span class='ocrx_word' id='word_1_106' title='bbox 710 1704 1061 1760; x_wconf 68' lang='lat' dir='ltr'><strong>mandaveris.</strong></span> <span class='ocrx_word' id='word_1_107' title='bbox 1074 1706 1422 1762; x_wconf 62' lang='lat' dir='ltr'><strong>Obmvauda</strong></span> <span class='ocrx_word' id='word_1_108' title='bbox 1441 1727 1524 1762; x_wconf 74' lang='lat' dir='ltr'><strong>res</strong></span> <span class='ocrx_word' id='word_1_109' title='bbox 1619 1707 1746 1761; x_wconf 76' lang='lat' dir='ltr'><strong>dnm</strong></span> <span class='ocrx_word' id='word_1_110' title='bbox 1757 1719 2070 1779; x_wconf 57' lang='lat' dir='ltr'><strong>pietatm</strong></span> <span class='ocrx_word' id='word_1_111' title='bbox 2087 1705 2178 1758; x_wconf 72' lang='lat' dir='ltr'><strong>hic</strong></span> <span class='ocrx_word' id='word_1_112' title='bbox 2193 1715 2437 1776; x_wconf 71' lang='lat' dir='ltr'><strong>euspeeta</strong></span> <span class='ocrx_word' id='word_1_113' title='bbox 2449 1711 2550 1757; x_wconf 78' lang='lat' dir='ltr'><strong>est.</strong></span> <span class='ocrx_word' id='word_1_114' title='bbox 2569 1703 2641 1757; x_wconf 87' lang='lat' dir='ltr'><strong>G.</strong></span> 
     </span>
    </p>
   </div>
   <div class='ocr_carea' id='block_1_5' title="bbox 533 1897 1053 1927">
    <p class='ocr_par' dir='ltr' id='par_1_6' title="bbox 533 1897 1053 1927">
     <span class='ocr_line' id='line_1_14' title="bbox 533 1897 1053 1927; baseline 0 -1"><span class='ocrx_word' id='word_1_115' title='bbox 533 1897 1053 1927; x_wconf 56' lang='lat' dir='ltr'><strong>mm</strong></span> 
     </span>
    </p>
   </div>
   <div class='ocr_carea' id='block_1_6' title="bbox 1054 1897 1544 1930">
    <p class='ocr_par' dir='ltr' id='par_1_7' title="bbox 1054 1897 1544 1930">
     <span class='ocr_line' id='line_1_15' title="bbox 1054 1897 1544 1930; baseline 0 2760"><span class='ocrx_word' id='word_1_116' title='bbox 1054 1897 1544 1930; x_wconf 95' lang='lat' dir='ltr'><strong> </strong></span> 
     </span>
    </p>
   </div>
   <div class='ocr_carea' id='block_1_7' title="bbox 1545 1898 2630 1928">
    <p class='ocr_par' dir='ltr' id='par_1_8' title="bbox 1545 1898 2630 1928">
     <span class='ocr_line' id='line_1_16' title="bbox 1545 1898 2630 1928; baseline -0.002 -1"><span class='ocrx_word' id='word_1_117' title='bbox 1545 1898 2630 1928; x_wconf 56' lang='lat' dir='ltr'><strong>mmmm</strong></span> 
     </span>
    </p>
   </div>
   <div class='ocr_carea' id='block_1_8' title="bbox 1463 2093 1686 2181">
    <p class='ocr_par' dir='ltr' id='par_1_9' title="bbox 1463 2093 1686 2181">
     <span class='ocr_line' id='line_1_17' title="bbox 1463 2093 1686 2181; baseline 0 0"><span class='ocrx_word' id='word_1_118' title='bbox 1463 2093 1686 2181; x_wconf 90' lang='lat' dir='ltr'><strong>XII.</strong></span> 
     </span>
    </p>
   </div>
   <div class='ocr_carea' id='block_1_9' title="bbox 511 2321 2643 2588">
    <p class='ocr_par' dir='ltr' id='par_1_10' title="bbox 511 2321 2643 2588">
     <span class='ocr_line' id='line_1_18' title="bbox 511 2321 2643 2403; baseline 0.001 -21"><span class='ocrx_word' id='word_1_119' title='bbox 511 2322 739 2382; x_wconf 80' lang='lat' dir='ltr'><strong>Gratias</strong></span> <span class='ocrx_word' id='word_1_120' title='bbox 768 2324 910 2403; x_wconf 80' lang='lat' dir='ltr'><strong>agit,</strong></span> <span class='ocrx_word' id='word_1_121' title='bbox 936 2323 1095 2403; x_wconf 86' lang='lat' dir='ltr'><strong>quod</strong></span> <span class='ocrx_word' id='word_1_122' title='bbox 1119 2323 1361 2384; x_wconf 79' lang='lat' dir='ltr'><strong>Coelium</strong></span> <span class='ocrx_word' id='word_1_123' title='bbox 1388 2345 1462 2384; x_wconf 85' lang='lat' dir='ltr'><strong>ex</strong></span> <span class='ocrx_word' id='word_1_124' title='bbox 1483 2325 1788 2384; x_wconf 83' lang='lat' dir='ltr'><strong>consulatu</strong></span> <span class='ocrx_word' id='word_1_125' title='bbox 1813 2325 1874 2382; x_wconf 88' lang='lat' dir='ltr'><strong>in</strong></span> <span class='ocrx_word' id='word_1_126' title='bbox 1896 2323 2224 2403; x_wconf 83' lang='lat' dir='ltr'><strong>Bithyniam</strong></span> <span class='ocrx_word' id='word_1_127' title='bbox 2251 2321 2531 2383; x_wconf 82' lang='lat' dir='ltr'><strong>missurus</strong></span> <span class='ocrx_word' id='word_1_128' title='bbox 2553 2323 2643 2384; x_wconf 85' lang='lat' dir='ltr'><strong>sit.</strong></span> 
     </span>
     <span class='ocr_line' id='line_1_19' title="bbox 1110 2535 2058 2588; baseline -0.001 -6"><span class='ocrx_word' id='word_1_129' title='bbox 1110 2535 1173 2582; x_wconf 84' lang='lat' dir='ltr'><strong>C.</strong></span> <span class='ocrx_word' id='word_1_130' title='bbox 1228 2536 1587 2584; x_wconf 78' lang='lat' dir='ltr'>PLINIUS</span> <span class='ocrx_word' id='word_1_131' title='bbox 1637 2535 2058 2588; x_wconf 67' lang='lat' dir='ltr'><strong>TRAJANO.</strong></span> 
     </span>
    </p>
   </div>
   <div class='ocr_carea' id='block_1_10' title="bbox 448 2706 2648 3690">
    <p class='ocr_par' dir='ltr' id='par_1_11' title="bbox 514 2706 2647 3027">
     <span class='ocr_line' id='line_1_20' title="bbox 608 2706 2646 2807; baseline 0.001 -30"><span class='ocrx_word' id='word_1_132' title='bbox 608 2710 978 2779; x_wconf 69' lang='lat' dir='ltr'><strong>Difficlnss</strong></span> <span class='ocrx_word' id='word_1_133' title='bbox 996 2725 1123 2799; x_wconf 88' lang='lat' dir='ltr'><strong>est,</strong></span> <span class='ocrx_word' id='word_1_134' title='bbox 1143 2711 1468 2797; x_wconf 82' lang='lat' dir='ltr'><strong>Domine,</strong></span> <span class='ocrx_word' id='word_1_135' title='bbox 1491 2713 1861 2807; x_wconf 82' lang='lat' dir='ltr'><strong>exprimere</strong></span> <span class='ocrx_word' id='word_1_136' title='bbox 1880 2706 2131 2797; x_wconf 88' lang='lat' dir='ltr'><strong>verbis,</strong></span> <span class='ocrx_word' id='word_1_137' title='bbox 2153 2725 2476 2806; x_wconf 90' lang='lat' dir='ltr'><strong>quantam</strong></span> <span class='ocrx_word' id='word_1_138' title='bbox 2499 2736 2646 2805; x_wconf 89' lang='lat' dir='ltr'><strong>per-</strong></span> 
     </span>
     <span class='ocr_line' id='line_1_21' title="bbox 514 2818 2647 2917; baseline 0.001 -30"><span class='ocrx_word' id='word_1_139' title='bbox 514 2820 802 2913; x_wconf 77' lang='lat' dir='ltr'><strong>ceperim</strong></span> <span class='ocrx_word' id='word_1_140' title='bbox 838 2818 1129 2891; x_wconf 85' lang='lat' dir='ltr'><strong>laetitiam</strong></span> <span class='ocrx_word' id='word_1_141' title='bbox 1150 2874 1169 2907; x_wconf 93' lang='lat'><strong>,</strong></span> <span class='ocrx_word' id='word_1_142' title='bbox 1200 2822 1383 2917; x_wconf 90' lang='lat' dir='ltr'><strong>quod</strong></span> <span class='ocrx_word' id='word_1_143' title='bbox 1417 2838 1487 2894; x_wconf 88' lang='lat' dir='ltr'><strong>et</strong></span> <span class='ocrx_word' id='word_1_144' title='bbox 1513 2822 1682 2891; x_wconf 87' lang='lat' dir='ltr'><strong>mihi</strong></span> <span class='ocrx_word' id='word_1_145' title='bbox 1710 2838 1778 2893; x_wconf 89' lang='lat' dir='ltr'><strong>et</strong></span> <span class='ocrx_word' id='word_1_146' title='bbox 1803 2823 2024 2894; x_wconf 87' lang='lat' dir='ltr'><strong>socrui</strong></span> <span class='ocrx_word' id='word_1_147' title='bbox 2055 2846 2218 2893; x_wconf 86' lang='lat' dir='ltr'><strong>meae</strong></span> <span class='ocrx_word' id='word_1_148' title='bbox 2245 2822 2647 2916; x_wconf 66' lang='lat' dir='ltr'><strong>praestitisti,</strong></span> 
     </span>
     <span class='ocr_line' id='line_1_22' title="bbox 514 2927 2646 3027; baseline 0.002 -31"><span class='ocrx_word' id='word_1_149' title='bbox 514 2945 591 2997; x_wconf 87' lang='lat' dir='ltr'><strong>ut</strong></span> <span class='ocrx_word' id='word_1_150' title='bbox 634 2927 720 2997; x_wconf 86' lang='lat' dir='ltr'><strong>ad</strong></span> <span class='ocrx_word' id='word_1_151' title='bbox 750 2928 956 3000; x_wconf 88' lang='lat' dir='ltr'><strong>finem</strong></span> <span class='ocrx_word' id='word_1_152' title='bbox 994 2930 1377 3003; x_wconf 76' lang='lat' dir='ltr'><strong>consulatus</strong></span> <span class='ocrx_word' id='word_1_153' title='bbox 1411 2932 1702 3003; x_wconf 90' lang='lat' dir='ltr'><strong>Coelium</strong></span> <span class='ocrx_word' id='word_1_154' title='bbox 1729 2934 2144 3005; x_wconf 85' lang='lat' dir='ltr'><strong>Clementem</strong></span> <span class='ocrx_word' id='word_1_155' title='bbox 2180 2934 2252 3001; x_wconf 89' lang='lat' dir='ltr'><strong>in</strong></span> <span class='ocrx_word' id='word_1_156' title='bbox 2289 2932 2468 3001; x_wconf 82' lang='lat' dir='ltr'><strong>hanc</strong></span> <span class='ocrx_word' id='word_1_157' title='bbox 2493 2958 2646 3027; x_wconf 86' lang='lat' dir='ltr'><strong>pro·</strong></span> 
     </span>
    </p>

    <p class='ocr_par' dir='ltr' id='par_1_12' title="bbox 448 3039 2648 3690">
     <span class='ocr_line' id='line_1_23' title="bbox 448 3039 2648 3114; baseline 0 -6"><span class='ocrx_word' id='word_1_158' title='bbox 448 3077 475 3109; x_wconf 65' lang='grc' dir='ltr'>α</span> <span class='ocrx_word' id='word_1_159' title='bbox 512 3039 807 3109; x_wconf 77' lang='lat' dir='ltr'><strong>vinciam</strong></span> <span class='ocrx_word' id='word_1_160' title='bbox 843 3043 1254 3113; x_wconf 81' lang='lat' dir='ltr'><strong>transferres,</strong></span> <span class='ocrx_word' id='word_1_161' title='bbox 1288 3048 1385 3114; x_wconf 87' lang='lat' dir='ltr'><strong>Ex</strong></span> <span class='ocrx_word' id='word_1_162' title='bbox 1417 3042 1532 3113; x_wconf 94' lang='lat' dir='ltr'><strong>illo</strong></span> <span class='ocrx_word' id='word_1_163' title='bbox 1569 3045 1750 3113; x_wconf 87' lang='lat' dir='ltr'><strong>enim</strong></span> <span class='ocrx_word' id='word_1_164' title='bbox 1783 3068 2165 3113; x_wconf 87' lang='lat' dir='ltr'><strong>mensuram</strong></span> <span class='ocrx_word' id='word_1_165' title='bbox 2206 3042 2512 3111; x_wconf 82' lang='lat' dir='ltr'><strong>beneficii</strong></span> <span class='ocrx_word' id='word_1_166' title='bbox 2547 3042 2648 3109; x_wconf 85' lang='lat' dir='ltr'><strong>tui</strong></span> 
     </span>
     <span class='ocr_line' id='line_1_24' title="bbox 514 3152 2648 3251; baseline 0.001 -32"><span class='ocrx_word' id='word_1_167' title='bbox 514 3153 782 3245; x_wconf 87' lang='lat' dir='ltr'><strong>penitus</strong></span> <span class='ocrx_word' id='word_1_168' title='bbox 826 3152 1165 3247; x_wconf 82' lang='lat' dir='ltr'><strong>intelligo,</strong></span> <span class='ocrx_word' id='word_1_169' title='bbox 1214 3180 1424 3251; x_wconf 89' lang='lat' dir='ltr'><strong>quum</strong></span> <span class='ocrx_word' id='word_1_170' title='bbox 1466 3170 1605 3225; x_wconf 86' lang='lat' dir='ltr'><strong>tam</strong></span> <span class='ocrx_word' id='word_1_171' title='bbox 1647 3154 1916 3251; x_wconf 87' lang='lat' dir='ltr'><strong>plenam</strong></span> <span class='ocrx_word' id='word_1_172' title='bbox 1959 3154 2447 3251; x_wconf 77' lang='lat' dir='ltr'><strong>indulgentiam</strong></span> <span class='ocrx_word' id='word_1_173' title='bbox 2493 3177 2648 3221; x_wconf 88' lang='lat' dir='ltr'><strong>cum</strong></span> 
     </span>
     <span class='ocr_line' id='line_1_25' title="bbox 512 3261 2648 3359; baseline -0.001 -30"><span class='ocrx_word' id='word_1_174' title='bbox 512 3276 654 3331; x_wconf 88' lang='lat' dir='ltr'><strong>tota</strong></span> <span class='ocrx_word' id='word_1_175' title='bbox 695 3261 895 3333; x_wconf 92' lang='lat' dir='ltr'><strong>domo</strong></span> <span class='ocrx_word' id='word_1_176' title='bbox 942 3287 1091 3333; x_wconf 89' lang='lat' dir='ltr'><strong>mea</strong></span> <span class='ocrx_word' id='word_1_177' title='bbox 1136 3264 1486 3359; x_wconf 86' lang='lat' dir='ltr'><strong>experiar:</strong></span> <span class='ocrx_word' id='word_1_178' title='bbox 1536 3264 1645 3334; x_wconf 89' lang='lat' dir='ltr'><strong>cui</strong></span> <span class='ocrx_word' id='word_1_179' title='bbox 1691 3265 1936 3335; x_wconf 87' lang='lat' dir='ltr'><strong>referre</strong></span> <span class='ocrx_word' id='word_1_180' title='bbox 1977 3266 2260 3359; x_wconf 84' lang='lat' dir='ltr'><strong>gratiam</strong></span> <span class='ocrx_word' id='word_1_181' title='bbox 2303 3286 2536 3357; x_wconf 89' lang='lat' dir='ltr'><strong>parem</strong></span> <span class='ocrx_word' id='word_1_182' title='bbox 2562 3284 2648 3328; x_wconf 90' lang='lat' dir='ltr'><strong>ne</strong></span> 
     </span>
     <span class='ocr_line' id='line_1_26' title="bbox 514 3370 2648 3469; baseline 0 -31"><span class='ocrx_word' id='word_1_183' title='bbox 514 3370 727 3440; x_wconf 87' lang='lat' dir='ltr'><strong>audeo</strong></span> <span class='ocrx_word' id='word_1_184' title='bbox 763 3372 1069 3467; x_wconf 87' lang='lat' dir='ltr'><strong>quidem,</strong></span> <span class='ocrx_word' id='word_1_185' title='bbox 1101 3375 1411 3469; x_wconf 84' lang='lat' dir='ltr'><strong>quamvis</strong></span> <span class='ocrx_word' id='word_1_186' title='bbox 1447 3378 1736 3444; x_wconf 80' lang='lat' dir='ltr'><strong>maxime</strong></span> <span class='ocrx_word' id='word_1_187' title='bbox 1763 3374 2066 3444; x_wconf 88' lang='lat' dir='ltr'><strong>debeam.</strong></span> <span class='ocrx_word' id='word_1_188' title='bbox 2100 3377 2338 3467; x_wconf 89' lang='lat' dir='ltr'><strong>Itaque</strong></span> <span class='ocrx_word' id='word_1_189' title='bbox 2369 3371 2461 3440; x_wconf 87' lang='lat' dir='ltr'><strong>ad</strong></span> <span class='ocrx_word' id='word_1_190' title='bbox 2493 3384 2648 3439; x_wconf 75' lang='lat' dir='ltr'><strong>vota</strong></span> 
     </span>
     <span class='ocr_line' id='line_1_27' title="bbox 504 3481 2648 3581; baseline 0 -32"><span class='ocrx_word' id='word_1_191' title='bbox 504 3481 865 3577; x_wconf 72' lang='lat' dir='ltr'><strong>confugio,</strong></span> <span class='ocrx_word' id='word_1_192' title='bbox 899 3482 1189 3581; x_wconf 86' lang='lat' dir='ltr'><strong>deosque</strong></span> <span class='ocrx_word' id='word_1_193' title='bbox 1225 3509 1492 3581; x_wconf 89' lang='lat' dir='ltr'><strong>precor,</strong></span> <span class='ocrx_word' id='word_1_194' title='bbox 1524 3500 1602 3555; x_wconf 89' lang='lat' dir='ltr'><strong>ut</strong></span> <span class='ocrx_word' id='word_1_195' title='bbox 1637 3484 1754 3574; x_wconf 88' lang='lat' dir='ltr'><strong>iis,</strong></span> <span class='ocrx_word' id='word_1_196' title='bbox 1787 3511 1934 3581; x_wconf 84' lang='lat' dir='ltr'><strong>quae</strong></span> <span class='ocrx_word' id='word_1_197' title='bbox 1965 3486 2037 3554; x_wconf 91' lang='lat' dir='ltr'><strong>in</strong></span> <span class='ocrx_word' id='word_1_198' title='bbox 2075 3510 2182 3554; x_wconf 88' lang='lat' dir='ltr'><strong>me</strong></span> <span class='ocrx_word' id='word_1_199' title='bbox 2211 3482 2474 3553; x_wconf 83' lang='lat' dir='ltr'><strong>assidue</strong></span> <span class='ocrx_word' id='word_1_200' title='bbox 2500 3506 2648 3552; x_wconf 88' lang='lat' dir='ltr'><strong>con·</strong></span> 
     </span>
     <span class='ocr_line' id='line_1_28' title="bbox 517 3589 1609 3690; baseline 0.008 -34"><span class='ocrx_word' id='word_1_201' title='bbox 517 3589 643 3658; x_wconf 89' lang='lat' dir='ltr'><strong>fers</strong></span> <span class='ocrx_word' id='word_1_202' title='bbox 662 3644 681 3678; x_wconf 85' lang='lat'><strong>,</strong></span> <span class='ocrx_word' id='word_1_203' title='bbox 723 3617 860 3662; x_wconf 92' lang='lat' dir='ltr'><strong>non</strong></span> <span class='ocrx_word' id='word_1_204' title='bbox 897 3593 1215 3690; x_wconf 84' lang='lat' dir='ltr'><strong>indignus</strong></span> <span class='ocrx_word' id='word_1_205' title='bbox 1250 3596 1609 3665; x_wconf 83' lang='lat' dir='ltr'><strong>existimer.</strong></span> 
     </span>
    </p>
   </div>
   <div class='ocr_carea' id='block_1_11' title="bbox 586 3786 2642 3857">
    <p class='ocr_par' dir='ltr' id='par_1_13' title="bbox 586 3786 2642 3857">
     <span class='ocr_line' id='line_1_29' title="bbox 586 3786 2642 3857; baseline 0 -18"><span class='ocrx_word' id='word_1_206' title='bbox 586 3786 711 3841; x_wconf 78' lang='lat' dir='ltr'><strong>xu.</strong></span> <span class='ocrx_word' id='word_1_207' title='bbox 727 3792 1018 3847; x_wconf 62' lang='lat' dir='ltr'><strong>&amp;mulfuit</strong></span> <span class='ocrx_word' id='word_1_208' title='bbox 1030 3794 1287 3848; x_wconf 63' lang='lat' dir='ltr'><strong>suffectus</strong></span> <span class='ocrx_word' id='word_1_209' title='bbox 1300 3812 1317 3857; x_wconf 72' lang='grc' dir='ltr'><strong>ς</strong></span> <span class='ocrx_word' id='word_1_210' title='bbox 1332 3792 1389 3847; x_wconf 74' lang='lat' dir='ltr'><strong>in</strong></span> <span class='ocrx_word' id='word_1_211' title='bbox 1406 3794 1578 3847; x_wconf 66' lang='lat' dir='ltr'><strong>fastis</strong></span> <span class='ocrx_word' id='word_1_212' title='bbox 1597 3794 1736 3847; x_wconf 88' lang='lat' dir='ltr'><strong>enim</strong></span> <span class='ocrx_word' id='word_1_213' title='bbox 1759 3811 1952 3846; x_wconf 88' lang='lat' dir='ltr'><strong>nomen</strong></span> <span class='ocrx_word' id='word_1_214' title='bbox 1973 3792 2126 3847; x_wconf 79' lang='lat' dir='ltr'><strong>coelii</strong></span> <span class='ocrx_word' id='word_1_215' title='bbox 2143 3810 2251 3845; x_wconf 87' lang='lat' dir='ltr'><strong>non</strong></span> <span class='ocrx_word' id='word_1_216' title='bbox 2271 3788 2522 3844; x_wconf 65' lang='lat' dir='ltr'><strong>occurrit.</strong></span> <span class='ocrx_word' id='word_1_217' title='bbox 2545 3789 2642 3841; x_wconf 76' lang='lat' dir='ltr'><strong>Eo.</strong></span> 
     </span>
    </p>
   </div>
   <div class='ocr_carea' id='block_1_12' title="bbox 1400 4034 1768 4059">
    <p class='ocr_par' dir='ltr' id='par_1_14' title="bbox 1400 4034 1768 4059">
     <span class='ocr_line' id='line_1_30' title="bbox 1400 4034 1768 4059; baseline 0.003 -3"><span class='ocrx_word' id='word_1_218' title='bbox 1400 4034 1768 4059; x_wconf 56' lang='lat' dir='ltr'><strong>*w</strong></span> 
     </span>
    </p>
   </div>
  </div>
 </body>
</html>
