2857 4690
498 345 633 433 134
1126 349 1201 416 C.
1252 345 1594 416 PLINII
1643 347 1842 417 LIB.
1893 349 1976 416 X.

419 492 454 542 6
489 471 771 542 Debebo
800 493 997 566 ergo,
1040 471 1333 540 Domine
1352 523 1373 556 ,
1417 467 1848 564 indulgentia
1885 483 2016 538 tuae
2050 483 2119 538 et
2153 469 2422 562 pietatis
2457 493 2626 540 meoe

489 581 933 670 celeritatem,
974 596 1045 650 et
1082 591 1295 650 status
1338 580 1832 650 ordinationem
1852 631 1872 667 ‚
1911 581 1966 648 si
2003 578 2172 648 mihi
2211 579 2299 646 oh
2335 589 2628 674 utraque

489 691 631 762 haec
666 691 929 762 dederis
962 706 1407 762 commeatum
1442 695 1642 761 XXX
1677 691 1961 760 dierum.
2008 691 2248 784 Neque
2287 689 2468 759 enim
2505 715 2628 760 an-

489 803 751 897 gustius
792 816 1059 896 tempus
1096 801 1432 897 praefinire
1469 826 1744 897 possum
1764 855 1784 887 ‚
1829 826 2038 897 quum
2077 815 2144 870 et
2181 800 2628 896 municipium

488 929 558 982 et
590 915 735 1009 agri
751 965 772 999 ‚
808 911 892 983 de
920 913 1167 1008 quibus
1194 913 1470 1009 loquor,
1497 915 1634 982 sint
1669 912 1846 984 ultra
1872 913 2308 984 centesimum
2335 926 2404 980 et
2429 914 2628 1006 quin·

489 1025 955 1119 quagesimum
988 1024 1298 1121 lapidem.

560 1231 617 1280 6.
646 1229 855 1279 Picta&
864 1263 1090 1280 .......
1098 1230 1412 1280 celeritatem.
1439 1227 1516 1280 Ut
1609 1239 1723 1282 tare
1735 1227 1922 1300 possit,
1933 1227 2139 1280 nullum
2147 1225 2372 1280 dubium
2387 1237 2464 1278 est
2477 1242 2494 1276 ε
2507 1224 2634 1278 lieet

490 1306 693 1379 templo
710 1303 1025 1359 adificando
1041 1344 1058 1370 ‚
1076 1305 1445 1380 ponendisque
1459 1309 1516 1360 iu
1613 1307 1853 1380 exempla
1867 1347 1884 1374 ‚
1898 1325 2016 1379 quae
2031 1304 2120 1358 hic
2141 1300 2286 1359 dedit
2302 1301 2630 1366 Gronovius,

492 1405 557 1440 eo
577 1385 793 1452 statuis,
820 1403 946 1439 mox
972 1386 1293 1440 satisfaciam
1314 1403 1444 1440 mee
1460 1387 1515 1438 in
1616 1383 1686 1440 ad
1717 1403 1833 1439 rem
1869 1383 2213 1449 familiarem,
2255 1395 2395 1436 certe
2431 1383 2634 1444 solam,

494 1465 731 1520 Nervam
749 1477 908 1538 atque
924 1476 977 1518 te
994 1467 1195 1538 pietati.
1210 1465 1520 1521 G.-smus
1615 1468 1882 1540 pertinere
1901 1483 2014 1518 non
2031 1475 2232 1538 putem.
2251 1463 2380 1516 vid.
2392 1462 2538 1516 ven.
2553 1461 2638 1526 11,

494 1549 872 1597 ordinationem.
914 1545 989 1596 Ut
1030 1565 1155 1598 mox
1198 1544 1516 1601 constituere
1615 1567 1669 1611 a,
1697 1547 1852 1612 3311,
1883 1563 1972 1616 72,
2002 1545 2054 1600 5.
2075 1545 2208 1598 Tac.
2237 1543 2347 1607 111,
2371 1545 2461 1607 28,
2491 1541 2638 1596 5.G.

495 1623 691 1695 possim
706 1665 723 1690 ,
753 1624 885 1698 quid
911 1643 1091 1678 meum
1116 1625 1210 1690 sit,
1235 1624 1368 1698 quid
1394 1626 1520 1680 alie·
1615 1633 1888 1678 —Statum
1899 1623 2165 1678 Gesnerus
2185 1641 2343 1676 sensu
2358 1619 2520 1676 nimis
2539 1641 2638 1675 an-

496 1721 629 1757 num
642 1743 658 1771 ,
676 1703 825 1776 qnod
848 1704 983 1758 scire
1000 1717 1121 1760 ante
1136 1725 1248 1759 non
1270 1721 1486 1778 possum
1501 1741 1519 1770 ,
1617 1717 1768 1778 gusto
1793 1704 2058 1776 intelligit.
2085 1701 2470 1776 complectitur
2495 1701 2640 1754 enim

496 1785 1011 1856 quantemissiones
1028 1785 1131 1838 iu·
1144 1786 1399 1840 ordinae
1411 1788 1526 1840 fue-
1619 1805 1730 1839 non
1767 1786 1940 1840 solnm
1979 1784 2097 1836 illas
2135 1782 2470 1836 remissiones
2483 1821 2502 1848 ‚
2547 1779 2642 1835 sed

496 1863 623 1917 rint.
639 1870 804 1917 Status
820 1865 958 1920 hanc
979 1865 1417 1938 significationem
1434 1885 1518 1918 es-
1621 1867 1782 1920 etiam
1808 1884 2057 1937 agrorum
2093 1861 2410 1917 locationem
2425 1899 2442 1924 ,
2474 1859 2644 1913 omni-

498 1961 557 1996 ιο
573 1981 591 2008 ,
605 1953 667 1996 ut
684 1955 883 1998 certam
900 1955 953 1998 et
970 1963 1210 1998 securam
1222 1945 1527 2016 patrimonii
1619 1963 1798 2018 noque
1832 1945 2097 1998 rationem
2123 1944 2202 1996 rei
2239 1940 2514 1996 familiaris
2549 1941 2644 1994 Se·-

500 2023 659 2076 etiam
666 2024 931 2078 rationem
940 2025 1425 2098 pomationemque
1435 2043 1529 2080 no-
1621 2024 1808 2079 onndi.
1829 2025 1886 2079 S.

1447 2229 1722 2265 ΨΜ

1427 2417 1737 2506 XXV.

1128 2668 1585 2717 TRAJANUS
1633 2670 1936 2715 PLINIO
1984 2668 2039 2715 8.

612 2846 717 2914 ΕΤ
756 2844 1049 2938 privatas
1080 2844 1324 2914 multas
1366 2860 1438 2915 et
1475 2869 1708 2915 omnes
1744 2836 2048 2940 publicas
2080 2867 2342 2914 caussas
2379 2841 2654 2937 petendi

517 2967 931 3024 commeatus
968 2953 1315 3025 reddidisti
1348 2981 1365 3025 ε
1402 2956 1571 3026 mihi
1608 2971 1834 3026 autem
1869 2955 1974 3026 vel
2009 2954 2146 3026 sola
2187 2952 2501 3024 voluntas
2541 2966 2656 3021 tua

516 3064 907 3136 suffecisset.
951 3068 1192 3162 Neque
1230 3070 1411 3137 enim
1447 3068 1685 3139 dubito
1720 3084 1824 3155 te,
1868 3082 1946 3138 ut
1982 3068 2280 3163 primum
2319 3062 2654 3159 potueris,

518 3177 606 3249 ad
659 3194 797 3249 tam
854 3178 1229 3250 districtum
1274 3181 1574 3251 officium
1633 3204 2080 3251 reversurum.
2138 3182 2440 3249 Statuam
2494 3174 2656 3270 poni

520 3288 689 3359 mihi
732 3316 773 3359 a
822 3304 891 3359 te
938 3314 1053 3379 eu,
1102 3315 1238 3385 quo
1287 3288 1622 3361 desideras
1670 3289 1853 3378 loco,
1903 3315 2288 3387 quanquam
2331 3282 2656 3382 ejusmodi

521 3400 860 3471 honorum
907 3401 1333 3497 parcissimus
1354 3454 1375 3487 ‚
1418 3416 1642 3471 tamen
1694 3404 1917 3497 patior
1936 3456 1956 3488 ,
1988 3427 2076 3470 ne
2119 3396 2468 3494 impedisse
2503 3419 2655 3465 cur-

523 3536 671 3581 sum
704 3536 865 3608 erga
901 3538 1009 3585 me
1043 3514 1311 3611 pietatis
1346 3526 1476 3582 tuae
1513 3512 1760 3583 videar.

1200 3754 1986 3789 ψ-
