2857 4690
542 347 681 432 384
1101 351 1179 418 C.
1236 351 1579 418 PLINII
1631 349 2106 417 SECUNDI

538 497 869 575 tamquam
910 484 1147 550 iterum
1184 506 1305 551 suo
1340 481 1614 575 gaudet3
1651 482 1774 550 nisi
1805 481 1984 576 quod
2011 497 2232 552 tamen
2255 535 2276 569 ,
2301 486 2416 576 qui
2447 509 2682 554 rursus

536 584 849 658 consules.
874 588 1081 673 fiunt,
1118 589 1218 658 bis
1254 587 1554 683 quidem,
1589 587 1701 656 sed
1741 589 2150 682 temporibus
2181 589 2456 658 diversis
2493 590 2674 660 obli-

534 709 775 788 gantur
814 720 828 762 ε
864 719 985 764 nos
1028 695 1194 764 duos
1230 692 1612 764 consulatus
1649 696 2012 788 accipimus
2047 693 2283 782 simul,
2319 695 2515 764 simul
2555 723 2672 791 ge-

532 801 739 870 rimus
758 853 779 888 ,
818 800 1113 894 alterque
1149 803 1215 868 in
1252 799 1460 870 altero
1497 799 1796 870 consules
1815 853 1836 886 ,
1877 800 1992 870 sed
2029 802 2268 870 iterum
2307 815 2376 870 et
2415 805 2672 910 pariter

531 929 775 976 sumus.

634 1015 850 1082 XCII.
900 1010 1071 1080 Illud
1114 1037 1273 1080 vero
1310 1036 1510 1106 quam
1551 1013 1836 1105 insigne,
1879 1012 2060 1105 quod
2098 1013 2288 1081 nobis
2338 1013 2666 1107 praefectis

528 1121 757 1186 aerario
788 1118 1201 1186 consulatum
1232 1133 1383 1188 ante
1397 1171 1417 1203 ,
1446 1141 1643 1212 quam
1676 1142 2118 1188 successorem
2150 1114 2418 1188 dedisti!
2449 1121 2664 1188 Aucta

526 1239 627 1292 est
658 1224 943 1317 dignitas
974 1223 1292 1318 dignitate
1324 1249 1339 1291 :
1373 1249 1587 1318 neque
1617 1226 2037 1294 continuatus
2067 1239 2364 1310 tantum,
2401 1225 2519 1294 sed
2551 1251 2661 1320 ge-

526 1331 809 1410 minatus
845 1344 945 1398 est
982 1331 1220 1414 honor,
1254 1329 1586 1424 finemque
1623 1332 1960 1424 potestatis
1993 1330 2294 1418 alterius»,
2321 1345 2656 1426 tamquam

462 1465 489 1498 ι
526 1459 761 1529 parum
810 1451 981 1506 esset
1034 1437 1334 1530 excipere
1358 1489 1378 1524 ,
1435 1439 1770 1530 praevenit.
1832 1441 2040 1507 Tanta
2094 1438 2212 1506 tibi
2267 1439 2656 1531 integritatis

526 1557 765 1612 nostrae
802 1542 1043 1612 fiducia
1080 1543 1236 1629 fuit,
1278 1557 1353 1610 ut
1395 1566 1533 1611 non
1571 1542 1941 1628 dubitares,
1983 1559 2050 1613 te
2087 1544 2268 1613 salva
2305 1542 2656 1637 diligentiae

526 1651 655 1716 t‘uae
690 1651 945 1718 ratione
971 1673 1113 1718 esse
1148 1649 1512 1735 facturum,
1549 1650 1602 1717 si
1631 1675 1754 1719 nos
1785 1664 1938 1744 post
1967 1651 2324 1718 maximum
2355 1649 2650 1718 officium

524 1755 815 1848 privatos
844 1779 985 1825 esse
1020 1779 1153 1824 non
1192 1757 1454 1824 sineres.
1491 1755 1707 1843 Quid,
1745 1755 1923 1850 quod
1943 1755 2266 1824 'eumdem
2299 1757 2368 1824 in
2403 1779 2648 1824 annum

523 1860 935 1930 consulatum
968 1876 1271 1930 nostrum
1297 1858 1678 1930 contulisti?
1711 1887 1872 1956 ergo
1907 1862 2042 1931 n‘on
2071 1861 2200 1930 alia
2227 1885 2349 1931 nos
2379 1863 2616 1956 pagina
2631 1915 2651 1943 ‚

522 1991 719 2060 quam
754 1993 899 2062 quae
936 1983 1001 2038 te
1036 1966 1373 2036 consulem
1406 1969 1718 2061 accipiet,
1747 1982 1814 2036 et
1839 1983 2062 2037 nostra
2093 1991 2356 2063 quoque
2381 1969 2650 2036 nomina

454 2080 485 2132 3
521 2072 849 2142 addentur
868 2075 1079 2159 fastiS,
1100 2074 1337 2169 quibus
1356 2077 1496 2168 ipse
1518 2073 1974 2165 praescriberis.
1995 2077 2097 2142 Tu
2115 2074 2396 2144 comitiis
2413 2075 2652 2142 nostris

521 2181 905 2275 praesidere,
942 2195 1019 2250 tu
1054 2181 1245 2250 nobis
1282 2181 1760 2250 sanctissimum
1797 2179 1956 2248 illud
1993 2205 2262 2250 carmen
2287 2181 2533 2274 praeiro
2555 2180 2646 2248 di-

520 2301 758 2383 gnatus
800 2312 905 2375 es,
938 2301 1059 2357 tuo
1088 2286 1336 2382 judicio
1366 2285 1668 2357 consules
1705 2287 1860 2356 facti
1879 2341 1898 2374 ,
1940 2300 2056 2356 tua
2086 2309 2254 2356 voce
2295 2287 2645 2357 renuntiati

520 2418 747 2465 sumus
786 2420 801 2462 ε
842 2410 917 2463 ut
964 2394 1138 2463 idem
1180 2394 1544 2461 honoribus
1585 2395 1827 2463 nostris
1869 2392 2268 2487 suffragator
2304 2395 2372 2461 in
2427 2395 2606 2461 curia
2627 2446 2647 2477 ,

449 2514 481 2571 4
519 2498 589 2567 in
610 2523 847 2595 campo
871 2498 1239 2569 declarator
1260 2502 1618 2569 exsisteres.
1649 2500 1824 2569 Nam
1847 2499 2026 2593 quod
2051 2524 2206 2567 eum
2233 2500 2644 2593 potissimum

520 2630 811 2674 mensem
842 2605 1228 2690 attribuisti,
1258 2630 1454 2699 quem
1489 2619 1642 2675 tuus
1677 2602 1911 2674 natalis
1938 2619 2242 2690 exornat,
2269 2628 2472 2700 quam
2499 2604 2642 2699 pul·

470 2754 479 2761 ·
517 2710 753 2779 chrum
798 2707 1019 2781 nobis!
1062 2712 1297 2805 quibus
1338 2711 1589 2799 edicto,
1625 2712 1862 2805 quibus
1895 2708 2270 2806 spectaculo
2309 2710 2644 2781 celebrare

410 2376 447 2401 U

586 2927 754 2980 XCII.
780 2944 828 2981 1.
842 2930 1089 2996 Proefectis
1104 2930 1303 2979 oerario.
1323 2926 1369 2978 Ii
1380 2938 1532 2979 erant
1618 2926 1696 2978 tui
1717 2926 2053 2979 consulatum
2065 2938 2304 2979 nostrum
2317 2926 2630 2978 contulisti.-

514 3007 688 3080 primo
725 3019 1009 3078 quaestores
1031 3046 1046 3072 ,
1086 3005 1277 3061 deinde
1320 3006 1496 3059 oediles
1513 3044 1528 3069 ,
1615 3004 1670 3059 si
1696 3023 1726 3057 e
1753 3006 1904 3059 MSS.
1932 3006 2084 3058 bene.
2111 3005 2178 3057 G.

514 3087 693 3153 tertio,
711 3100 977 3159 pretores.
1000 3088 1104 3139 En.
1685 3114 1757 3125 --—
1778 3090 2065 3153 Quam-qua·
2085 3099 2150 3136 te.
2171 3082 2316 3136 lund
2331 3100 2488 3151 qtcaee
2505 3082 2636 3135 cod.

584 3171 927 3219 —Pocestatis
944 3169 1161 3219 alter-ius.
1180 3166 1425 3238 Suspicor
1437 3186 1531 3233 po-
1613 3164 1782 3217 Paris.
1825 3165 2006 3217 inserit
2043 3162 2395 3218 schwarzius.
2443 3162 2638 3214 Abesse

514 3250 700 3297 testatis
728 3251 891 3299 altera
920 3250 1141 3298 alterius.
1160 3248 1336 3311 Quam
1372 3245 1530 3298 facile
1615 3242 1828 3314 quidem
1855 3254 2088 3315 poterat,
2117 3241 2214 3295 sed
2237 3252 2394 3313 auget
2421 3241 2638 3293 clarita·

510 3326 737 3395 potuerit
760 3330 919 3378 altera
934 3324 1171 3379 excidere
1194 3362 1211 3389 ,
1230 3344 1387 3378 nemo
1418 3343 1530 3377 non
1615 3335 1740 3375 tem.
1761 3324 1830 3375 G.

511 3403 671 3459 videt.
698 3404 753 3459 S.
1687 3408 1737 3455 3.
1763 3398 2174 3469 Carmenproeire.
2198 3398 2324 3452 vid.
2349 3398 2417 3451 ad
2437 3400 2636 3459 LXIV,

582 3504 629 3537 2.
656 3488 879 3537 Privatos
912 3503 1029 3536 esse.
1056 3482 1131 3534 Ut
1168 3480 1235 3535 ed
1266 3482 1528 3535 rationem
1615 3482 1666 3535 3.
1685 3481 1754 3535 G.
1773 3512 1844 3522 ——
1862 3484 2157 3532 Renuntiati.
2183 3480 2358 3531 Primo
2383 3490 2636 3531 vocantur

508 3562 837 3619 reddendum
868 3562 1146 3635 superioris
1182 3561 1413 3613 muneris
1441 3578 1532 3613 vo-
1614 3559 1779 3613 tribus
1802 3598 1817 3623 ,
1857 3557 2048 3613 deinde
2079 3560 2248 3612 fertur
2273 3558 2588 3628 suffragium
2619 3594 2632 3618 ‚

508 3642 621 3696 cari
642 3642 1018 3715 posternam&
1613 3653 1733 3711 post
1761 3638 2132 3693 describuntur
2161 3676 2176 3701 ,
2202 3638 2416 3691 tandem
2443 3656 2638 3689 oenun·

579 3725 887 3773 —Eumdem
900 3724 951 3773 in
972 3739 1174 3787 annunt.
1194 3720 1317 3785 Quo
1332 3732 1391 3771 tu
1402 3736 1527 3771 con·
1615 3719 1843 3773 ciantur.
1861 3720 1966 3771 En.

505 3801 737 3855 sulatum
758 3800 895 3872 geris
926 3800 1179 3853 nimirum
1198 3838 1214 3865 ‚
1241 3798 1387 3873 quod
1421 3816 1486 3850 ea
1507 3836 1522 3861 ,
1663 3804 1850 3863 48:102
1850 3801 2158 3866 potissimum
2171 3796 2636 3865 msem.Septem-

506 3900 623 3954 que
668 3891 963 3950 sequuntur
983 3918 999 3943 ‚
1052 3880 1175 3934 satis
1229 3878 1520 3933 declarant.
1612 3879 1780 3931 brem.
1825 3879 1962 3931 Nam
1999 3876 2146 3929 XIV.
2183 3876 2403 3929 Octobr.
2429 3872 2634 3925 interse-

504 3959 815 4030 Onuphrius
870 3958 1091 4013 Panvin.
1142 3956 1287 4031 quod
1344 3969 1523 4011 monet
1611 3968 1755 4009 ctum
1809 3956 2172 4009 Domitianum
2217 3953 2382 4007 refert
2413 3953 2630 4007 Sueton-

504 4038 829 4093 schwartius
852 4075 869 4103 ,
897 4038 951 4091 iu
986 4038 1157 4092 Fastis
1194 4038 1249 4091 h.
1278 4038 1314 4090 1.
1345 4038 1413 4091 ita
1439 4056 1522 4091 re·
1615 4036 1791 4088 xvll.
1835 4036 1903 4090 G.
1939 4066 2010 4077 -
2039 4036 2329 4103 Spectacula
2367 4035 2626 4085 celebrate.

502 4118 654 4181 fert,··
668 4116 913 4171 eumdem
930 4118 985 4171 in
1002 4136 1199 4171 annum
1220 4118 1524 4171 consulatus
1611 4116 1903 4189 Antiquom
1941 4114 2046 4168 hoc
2075 4134 2090 4179 3
2139 4115 2317 4184 itaque
2369 4108 2630 4181 singulare
