2857 4690
452 367 593 414 220
1180 349 1746 417 EXCURSUS
1802 349 1855 414 I.

436 459 717 563 'quidem
774 485 969 541 aetate
1010 475 1371 562 Romanis,
1426 474 1514 542 ad
1561 475 1810 569 ingenii
1862 471 2146 567 gloriam
2183 468 2588 563 adspiranti-

448 581 604 667 bus,
636 607 859 652 severe
886 583 1065 654 hanc
1086 609 1363 680 operam
1392 587 1772 678 Quintilius
1805 586 2035 654 Varus
2063 581 2457 678 praestabat,
2483 579 2590 648 cui

447 691 499 758 si
538 691 703 785 quid
742 693 1090 782 recitares,
1128 697 1407 794 Cot-rige
1437 697 1640 766 sodes
1675 693 2164 784 hoc‚·aiebat,
2213 711 2286 762 et
2313 691 2593 775 h0c‚.et

446 825 595 894 quae
630 800 825 897 plura
860 804 1043 898 apud
1082 809 1440 877 Horatium
1476 811 1559 877 A.
1599 809 1676 877 Ρ.
1715 805 1857 892 438
1906 819 2305 899 sequuntur.
2351 805 2592 896 Neque

445 911 671 981 minus
706 937 777 982 se
810 914 917 983 vel
952 941 1255 1011 sagacem
1292 918 1401 987 vel
1439 918 1728 989 liberum
1757 920 1830 988 in
1865 915 2271 1013 castigandis
2303 913 2590 984 aliorum

446 1023 713 1118 scriptis
764 1027 1057 1122 Spurius
1115 1032 1375 1098 Metius
1438 1033 1682 1128 Tarpa
1737 1029 2115 1099 exhibebat.
2177 1027 2356 1096 Hinc
2415 1023 2592 1093 idem

444 1133 767 1204 Horatius
801 1160 899 1205 vs.
944 1135 1084 1233 387
1124 1139 1388 1208 Pisonis
1422 1139 1566 1209 filio
1605 1141 1846 1234 majori
1885 1138 2120 1209 suadet
2161 1139 2331 1226 hoc,
2385 1149 2500 1221 ut,
2537 1137 2590 1203 si

446 1243 610 1336 quid
663 1243 825 1314 olim
882 1250 1256 1344 scripserit,
1308 1249 1375 1319 id
1420 1257 1496 1320 in
1543 1255 1752 1320 Metii
1769 1251 2071 1342 judaeas,
2125 1265 2262 1318 aut
2307 1251 2598 1317 Horatii

446 1377 651 1423 aures
692 1355 1076 1428 descendat.
1120 1362 1210 1429 Et
1248 1375 1502 1454 quanta
1551 1361 1648 1430 illi
1693 1363 2044 1430 severitate
2085 1383 2313 1428 versus
2363 1381 2587 1453 repre·

446 1461 805 1534 henderint
852 1469 1132 1559 inerteS,
1176 1471 1518 1567 culparint
1553 1473 1790 1559 duroS,
1843 1471 2204 1565 incomptis
2247 1467 2596 1538 alleverint

449 1587 675 1644 atrum
724 1579 1027 1673 signum,
1079 1583 1437 1652 ambitiosa
1495 1582 1861 1652 reciderint
1917 1593 2352 1666 ornamenta,
2413 1578 2594 1648 idem

448 1709 547 1754 vs.
614 1683 757 1772 445
780 1693 991 1787 -49
1042 1691 1257 1762 docet.
1328 1695 1564 1788 Neque
1631 1692 1928 1763 Plinium
1989 1692 2120 1760 hoc
2191 1687 2592 1759 emendandi

450 1821 661 1891 genus
698 1799 1069 1894 neglexisse
1113 1802 1496 1895 putandum
1540 1819 1677 1874 est:
1725 1817 2084 1898 postquam
2133 1803 2276 1896 ipse
2321 1823 2444 1868 sua
2487 1825 2592 1868 se-

450 1931 607 1976 cum
627 1924 1152 2003 pertractaverat
1168 1965 1189 1998 ,
1214 1911 1484 1983 duobus
1510 1933 1634 1984 aut
1665 1911 1874 1983 tribus
1895 1910 2593 2007 amicisproelegebat,

450 2020 607 2106 VII,
636 2022 765 2114 Ep.
818 2045 925 2119 17,
952 2047 1020 2118 7.

547 2131 681 2202 Sed
733 2137 1025 2229 Augusti
1060 2136 1302 2206 saeculo
1357 2138 1750 2231 scriptoreS‚
1800 2139 2057 2206 Asinio
2111 2135 2466 2222 Pollione,
2521 2147 2594 2202 ut

452 2241 731 2312 tradunt
744 2297 762 2330 ,
783 2258 1057 2313 auctore
1069 2297 1087 2329 ,
1107 2259 1317 2315 coetus
1343 2247 1714 2315 amicorum
1727 2299 1747 2334 ,
1765 2260 2085 2315 notorum
2103 2243 2595 2337 doctorumque

450 2355 753 2423 virorum
793 2378 1035 2449 cogere
1067 2372 1419 2451 coeperunt
1439 2410 1459 2445 ,
1487 2357 1736 2451 quibus
1769 2358 2018 2450 scripta
2049 2379 2168 2426 sua
2199 2355 2596 2437 recitarent,

452 2478 521 2533 et
574 2488 865 2557 quorum
920 2463 1003 2534 de
1060 2465 1344 2561 singulis
1394 2465 1558 2535 locis
1602 2466 1858 2560 judicia
1909 2490 1948 2534 e
1987 2466 2266 2534 vocibus
2315 2487 2595 2547 eorum,

456 2573 755 2644 vultibus
808 2574 1087 2671 aliisque
1144 2579 1351 2672 signis
1414 2580 1590 2649 inter
1631 2576 2052 2647 recitandum
2091 2588 2593 2670 cognoscerent.

451 2688 623 2774 Quae
660 2686 983 2757 recitandi
1008 2691 1200 2776 ratio,
1214 2714 1426 2784 quum
1449 2690 1738 2783 Augusti
1769 2685 2084 2757 saeculum
2109 2686 2594 2756 feracissimam

452 2810 623 2865 esset
660 2796 1051 2869 hominibus
1069 2854 1089 2887 ,
1136 2801 1255 2894 qui
1302 2815 1421 2871 aut
1463 2799 1729 2894 scriptis
1777 2799 2071 2867 nominis
2114 2795 2362 2867 famam
2411 2822 2594 2893 quae·

453 2921 715 2995 rerent,
750 2922 868 2978 aut
895 2908 1246 3002 judicandi
1286 2910 1370 2979 de
1404 2911 1657 3006 ingenii
1695 2908 2011 3005 operibus
2043 2906 2432 2977 facultatem
2461 2910 2652 2993 sibi..

448 3033 882 3114 arrogarent,
924 3020 1155 3091 otiosis
1191 3022 1353 3091 item
1398 3036 1468 3090 et
1503 3021 1922 3091 occasionem
1964 3042 2440 3113 quamcunque
2478 3020 2592 3089 de·

450 3128 631 3199 sidiae
656 3154 789 3200 suae
812 3131 1103 3225 speciem
1120 3130 1488 3201 honestatis
1508 3128 1911 3226 praetexendi
1929 3127 2282 3198 ambitiose
2309 3143 2594 3223 captan-

451 3242 630 3310 tibus
644 3260 671 3328 ,'
701 3240 1138 3336 cupidissime
1170 3241 1374 3338 vulgo
1396 3256 1496 3311 est
1527 3256 1802 3337 accepta
1835 3240 2168 3335 latiusque
2197 3255 2592 3336 propagata.

450 3354 702 3423 Omnia
738 3353 897 3423 hinc
938 3368 1234 3447 strepere
1264 3353 1692 3422 recitantium
1727 3350 2379 3445 acclamantiumque
2409 3353 2588 3421 voci-

452 3462 614 3551 bus,
665 3487 805 3533 non
858 3464 1192 3534 auditoria
1244 3477 1514 3533 tantum
1533 3516 1552 3552 ,
1608 3464 1722 3533 sed
1775 3477 1844 3531 et
1890 3462 2036 3532 fora
2081 3478 2150 3531 et
2195 3462 2592 3533 balneorum

450 3572 595 3644 loca
635 3590 1138 3661 concamerata,
1166 3578 1484 3661 Horat.I,
1511 3576 1646 3643 Sat.
1693 3576 1772 3659 4,
1803 3570 1918 3669 75.
1947 3574 2198 3668 Magna
2228 3574 2410 3641 enim
2441 3597 2592 3667 pro-

449 3683 637 3755 dibat
680 3701 943 3755 caterva
978 3710 1244 3774 eorum,
1280 3688 1397 3780 qui
1431 3701 1549 3755 aut
1593 3686 1720 3780 ipsi
1762 3683 1849 3753 ad
1887 3683 2304 3753 recitandum
2343 3708 2590 3778 provo-

450 3794 702 3884 larent,
743 3812 861 3867 aut
902 3798 987 3866 ab
1024 3798 1255 3868 amicis
1292 3796 1362 3866 id
1388 3786 1755 3892 exigerent.
1794 3793 2079 3864 Ovidius
2109 3816 2192 3862 ex
2221 3796 2419 3861 Pont.
2453 3794 2592 3876 111,

458 3904 497 3975 5
515 3960 535 3993 ,
580 3907 673 4002 39
706 3932 723 3975 ε
768 3924 889 3977 aut
932 3912 1492 4001 recitas-facum
1531 3906 1738 3977 modo
1781 3930 2054 3975 carmen
2091 3908 2364 3991 amiciS,
2409 3906 2590 3989 Aut,

450 4016 647 4107 quod
692 4040 882 4111 scepe
938 4020 1143 4105 soles,
1198 4026 1421 4112 exigas·
1442 4074 1461 4105 ‚
1515 4035 1590 4087 uc
1643 4022 1945 4086 recitent.
2004 4014 2136 4085 Sed
2189 4012 2548 4083 utilitatem
2569 4066 2586 4098 ,

452 4150 653 4221 quam
692 4128 1071 4196 institutum
1110 4128 1273 4198 illud
1312 4131 1507 4198 bonis
1550 4127 1754 4197 literis
1803 4124 2162 4196 allaturum
2217 4149 2360 4193 esse
2409 4122 2586 4194 vide-
