2857 4690
523 346 662 445 374

1067 346 1159 413 c,
1215 346 1561 414 PLlNll
1608 345 2083 429 sEcumn

521 505 648 575 que
682 480 1128 574 propositum,
1155 478 1330 549 idem
1353 491 1545 547 tenor
1567 478 1717 546 vitm
1732 529 1753 564 ‚
1776 476 2105 571 nihilque,
2131 500 2215 545 ex
2238 502 2375 571 quo
2402 478 2657 549 sentias

455 608 485 657 5
521 587 684 663 duas
713 610 852 657 esse
877 611 892 653 :
919 600 988 653 te
1013 586 1191 653 enim
1217 586 1461 653 imitari
1478 636 1499 671 ,
1533 598 1601 653 te
1626 582 1935 677 subsequi
1962 584 2245 653 student.
2272 582 2435 653 Ideo
2462 598 2655 652 utra-

521 718 650 789 que
691 716 912 761 mores
952 689 1216 759 eosdem
1229 745 1248 778 ‚
1291 692 1447 785 quia
1480 704 1759 784 utraque
1794 702 1945 759 tuos
1960 741 1981 775 ‚
2012 688 2215 759 habet
2246 715 2261 757 z
2304 688 2457 759 inde
2496 715 2655 759 mo-

521 798 805 885 dei-atio⁹
823 797 976 867 inde
998 799 1194 866 etiam
1218 810 1535 892 perpetua
1554 798 1898 866 securitas:
1919 818 2135 890 neque
2158 796 2335 865 enim
2354 819 2653 890 unquam

455 926 487 973 ο
523 902 1071 1001 periclitabuntur
1095 927 1234 973 esse
1263 904 1539 998 privatae
1552 956 1571 990 ‚
1596 926 1742 996 quae
1763 926 1899 969 non
1921 900 2275 971 desierunt.
2296 901 2657 971 Obtulerat

520 1008 645 1080 illis
667 1023 932 1081 senatus
961 1033 1332 1105 cognomen
1363 1011 1811 1104 Augustarum
1830 1061 1852 1095 ,
1878 1006 2061 1102 quod
2084 1010 2385 1079 certatim
2417 1007 2654 1103 depre-

523 1130 685 1187 catae
723 1132 880 1186 sunt
899 1170 919 1206 ,
957 1140 1156 1211 quam
1185 1116 1300 1185 diu
1333 1114 1837 1210 appellationem
1868 1116 2074 1208 patris
2098 1116 2329 1209 patriae
2360 1128 2439 1183 tu
2462 1139 2651 1185 recu·

525 1246 732 1293 sasses
757 1248 771 1290 :
797 1247 912 1293 seu
937 1221 1118 1316 quod
1141 1221 1288 1317 plus
1313 1246 1457 1291 esse
1480 1223 1550 1289 in
1572 1246 1653 1291 eo
1670 1220 2081 1315 judicabant,
2109 1222 2163 1291 si
2182 1244 2352 1291 uxor
2372 1234 2444 1291 et
2464 1246 2655 1290 soror

459 1359 490 1408 7
527 1344 670 1417 tua,
687 1352 886 1423 quam
911 1329 967 1397 si
982 1331 1296 1422 Augustae
1317 1326 1714 1397 dicerentur.
1744 1326 1875 1397 Sed
1898 1351 2304 1421 quaecunque
2328 1324 2459 1397 illis
2484 1330 2651 1397 ratio

525 1449 780 1503 tantam
819 1433 1206 1503 modestiam
1235 1435 1439 1503 suasit
1458 1486 1479 1518 ,
1512 1432 1642 1501 hoc
1681 1434 1893 1529 magis
1924 1432 2141 1527 dignae
2179 1446 2371 1519 sunt,
2408 1458 2559 1527 quae
2588 1435 2651 1501 in

527 1540 761 1609 animis
795 1541 1036 1609 nostris
1070 1553 1137 1607 et
1169 1541 1298 1609 sint
1323 1553 1392 1608 et
1419 1538 1791 1609 habeantur
1814 1541 2157 1633 Augusta,
2188 1540 2343 1633 quia
2368 1564 2511 1609 non
2538 1564 2647 1607 vo-

461 1672 494 1721 8
529 1659 782 1715 cantur.
811 1644 996 1735 Quid
1023 1647 1198 1714 enim
1227 1642 1617 1714 laudabilius
1642 1644 1933 1732 feminis,
1960 1669 2159 1739 quam
2192 1646 2243 1714 ω’
2270 1668 2507 1715 verum
2536 1644 2648 1715 ho-

527 1776 760 1821 norem
782 1752 1004 1821 nonin
1023 1750 1370 1847 splendore
1399 1748 1773 1837 titulorum,
1800 1750 1915 1821 sed
1940 1753 2009 1821 in
2024 1750 2286 1844 judiciis
2306 1751 2649 1821 hominum

531 1872 881 1952 reponant,
894 1858 1280 1952 magnisque
1297 1858 1673 1927 nominibus
1694 1881 1885 1953 pares
1902 1882 1973 1927 se
1990 1857 2232 1929 faciant
2242 1910 2263 1945 ‚
2280 1860 2481 1927 etiam
2496 1858 2647 1927 dum

531 1979 837 2033 recusant
849 1962 879 2033 P

638 2073 982 2139 LXXXV.
1014 2074 1160 2139 Jarn
1189 2072 1386 2139 etiam
1407 2086 1476 2140 et
1496 2073 1565 2139 in
1587 2071 1995 2163 privatorum
2024 2072 2259 2139 animis
2282 2070 2649 2139 exoleverat

533 2178 824 2271 priscum
863 2174 1236 2247 mortalium
1279 2177 1566 2257 bonum,
1607 2176 1923 2261 amicitia,
1960 2176 2151 2268 cujus
2184 2178 2253 2243 in
2282 2174 2509 2249 locum
2538 2177 2649 2243 mi-

535 2296 886 2378 graverant
922 2285 1393 2354 assentationes
1413 2336 1433 2370 ‚
1478 2276 1839 2367 blanditiae,
1882 2296 1951 2352 et
1996 2282 2184 2376 pejor
2224 2280 2379 2352 odio
2420 2282 2651 2352 amoris

467 2427 499 2458 ς
537 2387 888 2459 simulatio.
918 2391 1181 2458 Etenim
1207 2391 1276 2468 in
1309 2391 1691 2485 principum
1714 2388 1915 2459 domo
1940 2413 2187 2458 nomen
2212 2403 2473 2458 tantum
2502 2389 2649 2457 ami-

535 2585 669 2639 quos
688 2568 912 2640 inspexit
929 2568 1268 2623 Schwanius.
1288 2601 1358 2611 —-
1371 2577 1555 2624 Postea

537 2659 712 2700 tamen
733 2665 800 2698 an
818 2647 877 2699 in
894 2665 1002 2700 uno
1025 2647 1158 2700 Cod.
1177 2649 1352 2703 Vatic.
1373 2667 1555 2722 reper-

538 2737 651 2778 tum
691 2724 876 2780 edidit.
911 2727 1080 2780 E.‘—
1103 2727 1274 2800 quue
1315 2748 1349 2787 a
1381 2729 1555 2798 Plinio

537 2804 831 2878 profectum
851 2817 1001 2877 puto.
1015 2807 1070 2862 S.

607 2891 661 2948 4.
693 2891 833 2938 Duas
869 2905 987 2940 esse.
1024 2887 1234 2941 Dicere»
1265 2889 1320 2940 in
1347 2889 1556 2944 duabus

539 2963 765 3017 animam
801 2983 962 3018 unam
997 2967 1206 3032 vivere,
1245 2971 1361 3042 μίαν
1401 2973 1553 3041 ψυχὴν

537 3040 652 3100 &iel
679 3047 902 3118 σώμασιν
937 3051 1230 3102 ἐνοικοῦσαν.

607 3113 660 3168 5.
689 3120 812 3182 Quae
847 3135 947 3167 mm
973 3120 1079 3167 desi
1075 3134 1235 3170 e.rum
1267 3082 1557 3190 Nunquam

538 3193 848 3248 modestiam
879 3195 1199 3266 privatarum
1237 3197 1556 3252 feminarum

537 3287 794 3328 exuerunt
811 3293 825 3328 :
853 3273 1032 3347 itaque
1052 3275 1148 3328 etsi
1162 3274 1471 3347 redigantur
1485 3275 1558 3330 ad

537 3353 793 3423 privatam
833 3353 1184 3408 conditionem
1208 3392 1225 3418 ,
1257 3355 1388 3410 nihil
1427 3354 1559 3428 ipsis

538 3450 784 3506 asperum
797 3433 1022 3489 aecidat.
1041 3435 1110 3488 G.

608 3515 661 3565 6.
689 3517 964 3582 cognomen
983 3521 1334 3584 Augustarum.
1359 3512 1559 3586 Viden·

539 3601 626 3644 tur
645 3603 820 3646 tamen
835 3605 956 3666 post
968 3593 1223 3665 recepisse
1235 3631 1252 3657 ,
1265 3603 1326 3646 ut
1339 3606 1558 3666 apparet

541 3689 602 3722 ex
619 3671 776 3726 inser.
803 3671 947 3744 apud
965 3672 1250 3744 Gruterum
1275 3691 1328 3743 p.
1354 3677 1557 3743 247‚6;

541 3748 631 3802 ubi
649 3749 703 3802 in
729 3769 858 3804 arcu
881 3750 1098 3824 Traiani
1121 3789 1138 3815 ‚
1163 3750 1244 3805 vl
1263 3750 1401 3805 inim
1428 3771 1557 3806 con-

542 3827 714 3881 sulatu
739 3829 908 3902 posito
925 3867 942 3894 ‚
979 3831 1105 3886 hinc
1129 3831 1298 3886 honor
1331 3832 1558 3888 habetur

541 3925 804 3962 norm:
846 3927 972 3962 avo.
1016 3928 1239 3964 consvcx
1270 3929 1397 3964 nc.
1432 3911 1558 3966 hinc

542 4006 707 4038 mun
737 4005 1050 4042 ninculus
1077 4007 1197 4044 avc.
1218 4007 1408 4044 senoni
1426 4009 1553 4044 Ave.

539 4065 802 4120 Nimirum
835 4065 920 4118 hic
953 4067 1061 4137 ipse
1094 4069 1248 4125 etiam
1284 4085 1436 4136 pater
1451 4091 1555 4138 μμ,

1642 2573 1750 2624 m'ae
1764 2569 2074 2642 appellatur.
2092 2569 2169 2622 De
2180 2569 2411 2622 nummis
2422 2567 2651 2622 videatur

1639 2648 1836 2720 Spanh.
1866 2647 1993 2701 diss.
2016 2647 2117 2702 XI.
2142 2667 2199 2721 p.
2232 2666 2328 2713 271
2352 2661 2407 2702 et
2440 2649 2559 2702 228.
2585 2647 2647 2700 G.

1640 2757 1711 2770 —-
1728 2733 1843 2781 Seu.
1866 2727 2107 2782 Alta-um
2122 2747 2207 2780 m
2230 2727 2287 2782 in
2306 2727 2487 2798 priore
2502 2745 2651 2782 metn-

1638 2807 1736 2860 bro
1765 2808 1911 2860 latet.
1947 2806 2060 2860 vid.
2098 2807 2148 2860 J.
2176 2810 2241 2860 A.
2269 2807 2646 2864 Emesena&

1640 2915 1711 2928 —
1734 2876 1835 2936 Seu*
1851 2889 1990 2954 quod
2012 2891 2122 2954 plus
2148 2905 2264 2938 etse.
2306 2885 2546 2940 Alterum
2574 2905 2646 2938 sen

1640 2964 1871 3036 intellige
1916 2965 1969 3018 in
2012 2964 2342 3037 pmcedente
2380 2967 2645 3028 membro,

1639 3061 1962 3116 quamquam
1996 3043 2129 3098 alius
2154 3003 2645 3136 liguro·qnamdi1i

1642 3121 2079 3194 appellationem,
2118 3122 2279 3194 patri·
2310 3124 2521 3196 patria,
2554 3135 2644 3178 etc.

1640 3199 1706 3253 In
1722 3201 2059 3273 wriptoribm
2068 3202 2401 3273 huj-:aetatis
2416 3203 2646 3273 nequem

1642 3291 1757 3344 est,
1788 3299 1851 3334 ex
1894 3281 2163 3351 particulis
2198 3281 2395 3336 talibus
2432 3281 2644 3353 priorem

1642 3358 1899 3412 omittere.
1916 3361 2051 3414 Eu.

1711 3439 1975 3492 LXXXV.
2024 3459 2069 3494 1.
2112 3447 2227 3492 Iam
2256 3443 2409 3492 eciam
2444 3457 2506 3491 et.
2532 3443 2644 3494 Dan

1642 3519 1912 3587 particula
1932 3519 1999 3573 ab
2018 3519 2317 3591 negligente
2340 3519 2551 3572 librario
2564 3519 2643 3572 ite-

1640 3608 1765 3650 rata
1782 3614 1796 3648 ε
1818 3597 1965 3668 quod
1982 3617 2089 3651 non
2108 3597 2303 3652 vidiae
2319 3597 2461 3650 viros
2476 3597 2641 3650 doctos

1642 3675 1863 3729 mireris.
1899 3671 2110 3730 Scribe:
2140 3683 2256 3736 Iam
2296 3691 2346 3728 ee
2374 3679 2425 3728 in
2444 3680 2643 3744 privato·

1642 3773 1749 3805 rum
1761 3792 1778 3815 ,
1805 3767 1903 3808 etc.
1928 3753 2042 3808 Hoc
2056 3771 2104 3808 ot
2126 3756 2339 3827 respicit
2354 3756 2639 3808 sententiam

1642 3853 1673 3885 a
1690 3833 1857 3886 Plinio
1870 3853 1979 3887 non
1991 3853 2285 3905 expressam
2309 3853 2323 3887 :
2352 3861 2377 3882 ι
2394 3835 2457 3888 In
2476 3835 2642 3906 princi·

1639 3931 1768 3984 pum
1792 3913 1979 3968 animis
2004 3913 2289 3968 exolevisse
2306 3932 2415 3971 nun
2432 3915 2638 3982 ιιιίιςιιωῖ

1642 3992 1835 4046 etenim
1860 3993 1915 4046 in
1937 3995 2239 4065 principum
2253 3991 2441 4054 domo,
2472 4012 2639 4048 nonen

1644 4083 1849 4126 tantum
1866 4110 1881 4135 ,
1904 4083 2035 4133 ete.-
2054 4073 2109 4126 S.
