2857 4690
475 335 568 418 24
1030 335 1109 404 C.
1162 337 1504 406 PLINII
1551 337 1746 405 LIB.
1799 336 2019 405 VIII.

470 456 665 544 tium,
682 456 777 526 sic
794 458 995 525 etiam
1006 456 1181 552 juris
1200 458 1515 528 senatorii
1535 456 1942 527 oblivionem
1961 454 2318 550 quamdam
2335 471 2406 524 et
2423 457 2640 552 igno-

475 567 803 636 rationem
850 566 1132 637 induxit.
1175 568 1444 657 Quotus
1489 569 1670 638 enim
1707 569 1988 663 quisque
2023 581 2162 634 tam
2200 568 2497 661 patiens,
2531 581 2636 636 ut

472 676 633 745 velit
659 675 941 764 discere,
978 677 1161 772 quod
1192 680 1261 747 in
1295 704 1421 749 usu
1457 704 1595 747 non
1631 679 1717 747 sit
1749 674 2140 746 habiturus?
2168 676 2386 760 Adde,
2423 677 2634 770 quod

474 783 745 854 difficile
782 802 884 855 est
922 801 1183 873 tenere,
1227 813 1376 884 quae
1420 788 1783 884 acce'periS‚
1823 788 1952 856 nisi
1995 811 2323 856 exerceas,
2367 789 2632 881 Itaque

472 896 750 965 reducta
778 895 1048 966 libertas
1075 898 1275 968 rudes
1302 925 1425 969 nos
1455 914 1522 969 et
1543 899 1886 993 imperitos
1909 895 2387 992 deprehendit:
2413 897 2630 990 cujus

464 1005 823 1076 dulcedine
882 1009 1141 1078 accensi
1190 1010 1494 1104 cogimur
1543 1007 1847 1105 quaedam
1897 1007 2113 1076 facere
2161 1019 2353 1092 ante,
2401 1029 2626 1100 quam

405 1128 439 1187 4
474 1129 691 1187 nosse.
738 1121 903 1188 Erat
936 1135 1161 1190 autem
1200 1121 1570 1216 antiquitus
1605 1119 2021 1204 institutum,
2056 1131 2132 1185 ut
2166 1141 2207 1184 a
2241 1115 2624 1210 majoribus

474 1242 677 1312 natu,
714 1253 850 1296 non
889 1230 1163 1298 auribus
1190 1229 1392 1299 modo
1409 1284 1428 1318 ,
1457 1255 1692 1300 verum
1719 1230 1920 1298 etiam
1945 1225 2154 1297 oculis
2179 1226 2624 1311 disceremuS,

474 1361 624 1431 quae
674 1338 974 1408 facienda
1032 1365 1187 1409 mox
1236 1341 1398 1435 ipsi,
1437 1365 1514 1410 ac
1551 1365 1672 1435 per
1711 1340 1886 1408 vices
1923 1336 2242 1433 quasdam
2285 1334 2620 1404 tradenda

409 1457 439 1508 5
476 1448 845 1518 minoribus
886 1449 1304 1520 haberemus.
1347 1450 1511 1520 Inde
1549 1447 2025 1519 adolescentuli
2061 1447 2284 1518 statim
2321 1460 2623 1515 castren-

476 1559 660 1626 sibus
680 1559 1025 1653 stipendiis
1046 1561 1550 1647 imbuebantur,
1574 1575 1652 1629 ut
1669 1561 1999 1654 imperare
2016 1612 2035 1646 ‚
2056 1554 2356 1652 parendo
2370 1607 2390 1640 ‚
2407 1554 2620 1623 duces

477 1691 710 1764 agere,
750 1668 913 1738 dum
951 1686 1356 1766 sequuntur,
1396 1684 1892 1739 assuescerent:
1923 1668 2077 1737 inde
2108 1667 2396 1735 honores
2442 1665 2618 1758 peti-

478 1779 616 1847 turi
663 1780 1057 1849 assistebant
1092 1783 1292 1851 curiae
1332 1781 1623 1868 foribuS‚
1663 1797 1730 1850 et
1767 1779 2024 1852 consilii
2062 1776 2312 1874 publici
2349 1789 2616 1870 specta-

408 1897 441 1945 ⁶
479 1903 658 1958 tores
687 1905 872 1978 ante,
900 1916 1103 1986 quam
1132 1906 1476 1962 consortes
1507 1906 1718 1960 erant.
1749 1895 1925 1962 Suus
1953 1891 2196 1984 cuique
2221 1911 2464 1982 parens
2487 1910 2620 1979 pro

477 2000 834 2094 magistr0‚
874 2017 995 2070 aut
1028 2003 1138 2072 cui
1175 2027 1417 2097 parens
1457 2027 1594 2071 non
1642 2016 1820 2090 erat,
1865 1999 2188 2069 maximus
2229 1997 2511 2091 quisque
2549 2010 2622 2064 et

478 2113 958 2181 vetustissimus
982 2139 1106 2208 pro
1128 2128 1424 2208 parente.
1445 2112 1616 2201 Quae
1634 2125 1926 2206 potestas
1945 2106 2414 2191 referentibuS,
2431 2104 2620 2200 quod

480 2221 955 2290 censentibus
928 2247 1079 2316 Jus,
1110 2249 1257 2336 quae
1281 2224 1381 2292 vis
1410 2221 1946 2316 magistratibus,
1975 2244 2121 2313 quae
2147 2217 2381 2286 ceteris
2409 2214 2616 2283 liber-

480 2345 615 2418 tas3
662 2332 777 2401 ubi
816 2314 1228 2421 cedendum,
1264 2334 1377 2403 uhi
1416 2330 1893 2415 resistendum;
1931 2329 2113 2426 quod
2149 2327 2396 2398 silentii
2437 2340 2618 2394 tem-

476 2465 633 2536 pus»,
673 2442 822 2535 quis
858 2442 1122 2511 dicendi
1154 2443 1422 2531 moduS,
1444 2469 1592 2540 quae
1617 2442 1958 2513 distinctio
1986 2438 2434 2536 pugnantium
2458 2460 2618 2505 sen-

402 553 433 605 3

478 2615 742 2686 scripsisse
762 2634 916 2680 eum,
948 2626 1069 2686 post
1092 2616 1379 2669 Domitiani
1410 2614 1496 2667 fu·

478 2710 645 2758 retes,
658 2708 895 2748 mereata
913 2698 1100 2749 Nerva
1116 2708 1167 2749 et
1183 2695 1398 2767 Traiani
1413 2696 1502 2747 be-

480 2774 677 2827 neficio
694 2775 982 2845 republica.
996 2774 1143 2841 Quid
1154 2787 1268 2827 tum
1278 2776 1502 2847 juvabat

483 2852 687 2907 discere
707 2855 829 2926 jura
848 2892 863 2918 ,
892 2854 1085 2927 quibus
1116 2854 1197 2907 nti
1229 2872 1339 2905 non
1369 2852 1498 2907 lice-

482 2945 564 2986 ret
580 2971 598 2997 ‚
624 2952 694 2986 ne
724 2932 793 2987 ad
819 2933 923 2987 hoc
956 2932 1171 3005 quidem
1188 2970 1203 2997 ,
1234 2942 1293 2985 ut
1320 2950 1379 2985 ea
1405 2932 1502 2985 tibi

484 3013 697 3085 cognita
713 3031 828 3065 esse
844 3010 1204 3083 significares?
1229 3012 1299 3065 G.

556 3094 610 3146 3.
644 3094 986 3159 Deprehendie.
1025 3092 1209 3163 Ipsum
1240 3090 1342 3143 hoc
1356 3108 1500 3143 wer·

484 3170 614 3224 bum
632 3171 793 3225 habet
808 3188 925 3223 eam
944 3169 1053 3221 vim
1070 3206 1087 3233 ,
1114 3180 1175 3220 ut
1192 3188 1502 3241 oppressum

485 3250 761 3323 inopinato
778 3286 794 3315 ,
830 3259 884 3302 et
911 3260 1122 3321 captum
1156 3260 1321 3301 notet.
1357 3248 1504 3320 Saepe

485 3330 561 3384 ita
594 3330 789 3383 Fabius
824 3348 973 3383 meus
992 3366 1008 3393 ,
1044 3326 1135 3382 sed
1170 3328 1382 3401 proprie
1398 3365 1415 3391 ,
1454 3340 1504 3380 et

487 3407 633 3461 unde
676 3408 899 3479 intelligi
943 3407 1255 3481 metaphora
1302 3407 1469 3480 possit
1485 3446 1503 3472 ‚

486 3486 661 3541 Instit.
685 3488 783 3541 Or.
804 3488 909 3541 XII
928 3525 944 3553 ,
973 3506 1003 3541 s
1024 3527 1039 3551 ‚
1062 3494 1127 3552 14
1150 3504 1163 3539 :
1186 3493 1351 3539 Parva
1368 3507 1507 3556 quae-

486 3570 608 3617 dam
636 3570 902 3629 animalia,
930 3570 981 3619 ἔτι
1008 3569 1245 3636 angustiis
1275 3570 1501 3627 mobilia,

488 3665 663 3713 campo
704 3648 1139 3713 deprehenduntur.
1193 3643 1337 3699 Add.
1384 3664 1506 3699 mox

488 3724 624 3776 vm
637 3759 653 3787 ,
684 3740 771 3794 17,
796 3730 850 3787 4.
878 3723 947 3776 G.

560 3806 615 3856 6.
653 3806 768 3870 Quis
798 3805 995 3854 dicendi
1022 3808 1209 3859 modus.
1235 3803 1506 3869 Quamdiu

488 3879 665 3935 dicere
684 3882 763 3935 fas
782 3880 948 3935 esset?
969 3900 1039 3935 an
1055 3882 1259 3948 liceret,
1277 3895 1337 3935 ut
1352 3901 1506 3936 mora

488 3960 757 4034 injiciatur
802 3961 1014 4033 negotio
1036 3998 1054 4025 ,
1097 3973 1149 4014 et
1194 3962 1470 4016 differatur
1485 3998 1503 4027 ,

487 4040 636 4112 quod
652 4044 763 4115 jam
777 4039 1021 4112 impediri
1038 4060 1146 4093 non
1166 4054 1358 4113 potest,
1370 4046 1502 4094 diem

490 4124 695 4177 debendo
734 4124 988 4173 eximere?
1028 4122 1203 4175 Locus
1236 4140 1299 4177 ea
1337 4122 1405 4175 de
1441 4140 1500 4175 re

1594 2614 1844 2669 classicus
1861 2625 1960 2677 est,
1979 2612 2117 2666 Gell.
2139 2612 2243 2676 1V,
2268 2628 2352 2663 ιο.
2376 2612 2429 2662 C.
2451 2612 2623 2661 θωυ-

1593 2699 1768 2747 consul
1775 2698 1845 2746 M.
1863 2698 2096 2745 Catormn
2107 2695 2396 2745 sententiam
2409 2690 2617 2758 rogae-ie.

1599 2776 1722 2825 Cato
1751 2794 1875 2834 rem,
1913 2792 2064 2842 quam
2098 2774 2456 2829 consulebatur,
2493 2786 2620 2835 quo-

1598 2858 1733 2905 niam
1757 2872 1856 2904 noa
1883 2871 1910 2902 e
1930 2854 2182 2919 republica
2203 2852 2483 2907 videbatur,
2504 2865 2622 2913 pen-

1581 2936 1683 3004 fici
1701 2934 1915 2984 nolebat.
1935 2933 2058 3000 Ejus
2073 2932 2146 2981 rei
2155 2930 2326 2998 gratia
2351 2928 2616 2986 ducendoe,

1597 3015 1748 3080 longa
1765 3013 1991 3063 oratione
2007 3012 2252 3069 utebatur,
2275 3009 2622 3072 eximebatque

1598 3092 1802 3141 dicendo
1822 3092 1966 3139 diem.
1983 3094 2114 3139 Erat
2131 3090 2258 3137 enim
2265 3089 2351 3155 jus
2367 3086 2614 3144 senatori,

1599 3173 1696 3237 (en
1717 3180 1922 3241 partem
1937 3168 2075 3240 juris
2093 3164 2340 3218 senatorii
2355 3164 2404 3234 Ξ)
2431 3177 2486 3213 ut
2505 3181 2620 3213 sen-

1599 3252 1803 3300 tentiam
1817 3262 2036 3317 rogatus,
2057 3250 2240 3297 diceret
2251 3258 2369 3295 ante
2379 3244 2626 3312 quidquid

1599 3334 1748 3381 vellet
1773 3332 1890 3379 alite
1914 3330 2012 3387 rei,
2042 3340 2092 3376 ee
2115 3328 2289 3393 quoad
2303 3326 2467 3375 vellet.
2489 3321 2616 3383 Vid,

1599 3407 1840 3461 Gronov.
1862 3406 2018 3459 Obss.
2041 3406 2093 3468 1,
2123 3424 2184 3457 υ
2201 3441 2217 3468 ,
2238 3414 2290 3456 et
2310 3401 2436 3456 add.
2457 3423 2618 3477 supra

1601 3488 1712 3555 v1,
1738 3488 1800 3550 5,
1828 3502 1851 3537 1
1872 3521 1888 3549 ,
1911 3498 1964 3539 et
1985 3485 2090 3548 vl,
2119 3502 2216 3553 19,
2240 3485 2304 3547 33
2339 3482 2477 3535 infra
2505 3485 2616 3552 lx,

1607 3569 1701 3634 13,
1736 3586 1789 3637 9.
1817 3565 1886 3618 G.
1915 3596 1988 3607 -·
2010 3567 2269 3617 Distinca'o
2287 3568 2618 3632 pugnantium

1601 3648 1963 3697 sententiarum.
1995 3644 2150 3697 Recte
2192 3642 2415 3713 explicat
2455 3642 2620 3696 Cata-

1599 3742 1745 3778 naeus
1765 3722 1832 3777 de
1853 3726 2136 3785 dividenda,
2163 3734 2222 3774 ut
2241 3720 2372 3774 alias
2397 3720 2622 3792 loquun-

1600 3816 1708 3867 tur,
1725 3808 1963 3855 sententia
1973 3842 1989 3864 ,
2008 3803 2100 3856 ubi
2113 3820 2175 3855 ex
2187 3812 2336 3872 parte
2352 3800 2621 3872 amplecti-

1601 3902 1723 3937 mur
1759 3884 1974 3937 aher-ius
2017 3882 2328 3936 sententiam
2348 3920 2364 3946 ‚
2413 3896 2478 3931 ex
2515 3879 2618 3933 alia

1599 3972 1752 4035 parte
1767 3980 1882 4015 eam
1898 3961 2210 4015 refutamus.
2223 3958 2618 4030 Elegantissime

1597 4042 1716 4096 Seu.
1737 4060 1822 4112 ep.
1852 4059 1879 4093 2
1893 4060 1913 4093 1
1939 4059 1952 4093 ε
1982 4043 2130 4108 Quod
2144 4044 2194 4091 in
2219 4040 2521 4109 senatufien'
2534 4056 2614 4089 so-

1597 4124 1685 4181 let,
1697 4122 1989 4190 facisndmn
2014 4123 2064 4171 in
2079 4120 2397 4188 philosophia
2423 4136 2614 4185 quoque
