2857 4690
532 343 627 431 34
1091 345 1164 413 C.
1215 343 1563 412 PLINII
1611 344 1801 424 LIB.
1854 341 2080 412 VIII.

480 531 484 536 .
523 470 841 552 haustus,
875 467 1123 561 premit
1169 465 1407 553 valle-S,
1447 467 1705 536 innatat
1749 467 2037 560 campis3
2079 489 2342 560 quaque
2377 465 2664 560 planum

522 569 945 673 solum,'pro
984 578 1124 646 solo
1168 579 1488 647 cernitur.
1531 578 1729 672 Inde,
1767 602 1914 672 quae
1955 577 2120 646 solet
2159 578 2436 648 flumina
2479 582 2660 648 acci-

521 714 713 784 pere,
734 705 799 759 et
825 691 1145 785 permista
1175 688 1524 776 devehere,
1542 687 1724 756 velut
1745 689 1982 757 obvius
2011 703 2192 756 retro
2213 691 2420 784 cogit3
2447 704 2661 782 atque

450 815 481 868 3
519 801 609 869 ita
638 801 869 870 alienis
902 801 1090 894 aquis
1120 801 1339 894 operit
1371 824 1594 895 agi-OS,
1621 791 1786 893 quos
1822 800 1962 892 ipse
1999 823 2136 868 non
2168 800 2401 892 tangit.
2437 801 2657 888 Anio,

524 895 1035 982 delicatissimus
1078 912 1413 997 amnium,
1450 910 1730 1006 ideoque
1771 912 2226 1005 adjacentibus
2261 909 2432 980 villis
2467 910 2660 982 velut

526 1023 845 1092 invitatus
894 1035 1356 1115 retentusque,
1398 1047 1637 1116 magna
1687 1046 1768 1090 ex
1817 1035 2005 1115 parte
2053 1045 2359 1106 nemora,
2401 1021 2654 1114 quibus

516 1134 981 1218 inumbratur,
1012 1132 1209 1227 fregit
1244 1147 1313 1201 et
1342 1134 1600 1227 rapuit:
1631 1133 1893 1201 subruit
1918 1148 2209 1218 monteS,
2239 1147 2308 1200 et
2337 1131 2656 1200 deciden-

510 1245 681 1311 tium
716 1242 889 1312 mole
919 1241 1225 1338 pluribus
1254 1240 1418 1312 locis
1448 1242 1740 1328 clausus,
1775 1243 1936 1312 dum
1965 1244 2279 1312 amissum
2313 1244 2440 1311 iter
2469 1267 2652 1336 quae·

510 1354 631 1440 rit,
672 1352 940 1448 impulit
972 1368 1180 1440 tecta,
1208 1377 1287 1422 ac
1321 1377 1391 1420 se
1420 1377 1619 1446 super
1645 1355 1871 1422 ruinas
1901 1354 2121 1422 evexit
2147 1367 2346 1447 atque
2379 1350 2644 1420 extulit.

439 1471 472 1526 4
510 1463 847 1533 Viderunt
890 1464 994 1550 hi,
1022 1488 1191 1558 quos
1233 1463 1706 1534 excelsioribus
1741 1467 1936 1533 terris
1972 1463 2078 1532 illa
2114 1477 2469 1557 tempestas
2503 1489 2646 1532 non

508 1574 981 1668 deprehendit,
1018 1573 1178 1643 alibi
1223 1574 1507 1644 divitum
1544 1590 1936 1670 apparatus,
1963 1590 2028 1644 et
2065 1600 2331 1670 gravem
2369 1573 2643 1668 suppel-

506 1685 834 1774 lectilem,
877 1685 1039 1756 alibi
1086 1688 1528 1756 instrumenta
1573 1687 1783 1772 ruris3
1824 1685 1918 1754 ibi
1963 1687 2194 1771 boves,
2234 1700 2486 1770 aratra,
2535 1711 2639 1753 re·

505 1811 754 1886 ctoreS,
784 1797 895 1865 hic
933 1795 1150 1866 soluta
1184 1813 1251 1866 et
1285 1796 1494 1865 libera
1529 1810 1863 1888 armenta3
1900 1811 2100 1890 atque
2137 1797 2310 1864 inter
2347 1795 2488 1864 haec
2525 1821 2636 1864 ar-

502 1909 751 1986 borum,
779 1924 1084 1996 truncoS,
1114 1924 1229 1979 aut
1257 1908 1564 1978 villarum
1601 1909 1820 1978 trabes
1853 1904 2080 2003 [atque
2105 1903 2424 2004 culmina]
2457 1908 2643 1976 varie

436 2031 465 2082 5
506 2019 767 2114 lateque
818 2020 1171 2090 fluitantia.
1214 2023 1315 2090 Ac
1354 2045 1442 2088 ne
1487 2018 1598 2088 illa
1645 2018 1914 2113 quidem
1959 2018 2104 2086 loca
2144 2017 2318 2086 malo
2357 2041 2636 2088 vacave-

504 2145 695 2219 runt,
733 2130 819 2200 ad
860 2156 1007 2224 quae
1046 2155 1183 2199 non
1215 2131 1511 2200 ascendit
1547 2130 1778 2198 amnis,
1830 2131 2001 2198 Nam
2034 2153 2158 2223 pro
2189 2152 2382 2220 amne
2421 2129 2639 2198 imber

568 2337 637 2347 --
652 2311 796 2357 Retro
818 2308 961 2374 cogit.
982 2307 1155 2375 AEque
1177 2305 1386 2375 elegans
1406 2315 1484 2357 est
1501 2343 1516 2371 ,

497 2382 643 2454 quod
689 2402 749 2458 ex
792 2382 1035 2436 Mediceo
1080 2382 1226 2435 dedit
1270 2384 1480 2436 Cortius
1499 2423 1515 2449 ,

496 2466 661 2513 sistere
687 2466 832 2530 cogit.
867 2462 953 2515 Sic
975 2464 1159 2533 paullo
1184 2474 1301 2533 post
1326 2462 1515 2526 habet,

496 2560 547 2591 se
576 2560 720 2608 super
748 2543 918 2591 ruinas
952 2543 1119 2609 ejecit,
1159 2560 1255 2612 pro
1290 2541 1518 2593 aliorum

497 2619 807 2671 evexit.Haec
820 2620 945 2672 talia
968 2632 1109 2684 sunt,
1127 2632 1205 2685 ut,
1227 2620 1373 2692 qnod
1387 2638 1516 2692 proe-

494 2701 691 2762 feram,
726 2718 833 2751 non
868 2700 1130 2753 inveniam
1153 2738 1167 2763 ,
1203 2718 1265 2752 ac
1294 2698 1517 2770 proinde

495 2798 557 2831 ex
582 2776 863 2831 interdicto
889 2783 964 2829 uti
982 2782 1268 2846 possidetis,
1304 2778 1514 2831 interim

496 2876 649 2929 agere
671 2859 958 2910 statuerim.
983 2858 1052 2910 G.

566 2936 618 2988 3.
652 2941 780 2988 Anio
788 2966 1004 2990 .......
1026 2940 1217 2991 extulit.
1243 2939 1373 2993 Sunt
1398 2938 1513 2991 haec

495 3017 665 3069 omnia
688 3054 704 3079 ,
730 3026 782 3067 et
805 3016 1033 3088 plurima
1064 3018 1169 3070 alia
1198 3017 1253 3069 in
1282 3018 1383 3069 hac
1403 3018 1512 3087 epi·

493 3097 624 3151 stola
637 3135 651 3158 ,
678 3092 755 3146 ela
766 3094 1029 3149 horatiora
1052 3108 1101 3149 et
1122 3095 1476 3168 splendidiora
1494 3135 1510 3162 ,

493 3194 651 3247 quani
683 3188 970 3243 exspectes.
992 3176 1180 3228 Omnis
1203 3176 1414 3248 epistola
1434 3189 1513 3229 est

492 3255 653 3309 chriae
671 3271 833 3326 quam
856 3255 1082 3326 epistolae
1111 3254 1361 3317 similior3
1391 3269 1443 3309 et
1466 3257 1510 3309 si

494 3354 554 3389 ex
583 3334 729 3389 nulla
762 3336 861 3388 alia
894 3346 1095 3407 pateret
1114 3372 1129 3397 ,
1156 3334 1383 3385 Plinium
1412 3335 1510 3387 has

494 3416 737 3485 epistolas
767 3416 833 3469 de
868 3413 1126 3467 industria
1160 3426 1209 3467 et
1244 3416 1311 3477 εἰς
1338 3421 1512 3487 κτῆμα

493 3494 790 3565 scripsisse,
828 3496 1066 3567 profecto
1104 3514 1163 3547 ex
1192 3494 1292 3549 bac
1319 3494 1509 3547 intelli·

490 3587 709 3645 geretur.
771 3577 1027 3629 Caeterum
1089 3594 1255 3647 quum
1310 3571 1508 3627 Plinius

488 3654 742 3707 Anienem
764 3658 1157 3707 delicatissimum
1176 3655 1413 3707 amnium
1434 3652 1511 3706 di-

488 3733 585 3792 xit,
620 3734 836 3786 virtutes
869 3737 997 3788 tales
1031 3736 1285 3807 cogitasse
1320 3746 1510 3805 putan-

491 3810 591 3865 dus
612 3825 688 3865 est
706 3854 721 3879 ,
753 3832 870 3885 quae
898 3833 1019 3867 eum
1046 3834 1255 3867 amnem
1284 3814 1506 3879 accolis,

489 3892 576 3943 vel
627 3893 973 3945 invisentibus
1014 3892 1464 3965 jucundissimum
1487 3932 1503 3958 ,

490 3973 897 4026 amoenissimum
920 3974 1153 4027 facerent
1172 4013 1188 4036 ,
1209 3987 1265 4026 ut
1283 3975 1503 4046 liquoris

486 4052 769 4121 puritatem
790 4090 806 4116 ‚
846 4070 1031 4106 cursus
1071 4052 1504 4124 tranquillitatem

488 4148 603 4182 eam
631 4172 646 4197 ,
696 4150 813 4203 quse
856 4131 1222 4187 exundationis
1268 4134 1502 4204 pericula

1615 2303 1842 2358 excludit
1860 2341 1875 2368 ‚
1904 2315 1956 2357 et
1972 2323 2088 2375 quae
2109 2303 2299 2357 similia
2321 2315 2462 2358 sunt.
2483 2304 2548 2358 E.
2563 2335 2633 2347 -—

1613 2387 2010 2437 Delicatissimus.
2059 2383 2325 2454 Choaspes
2363 2388 2632 2435 delicatam

1614 2464 1804 2517 vehere
1822 2484 2006 2533 aquam
2025 2462 2218 2517 dicitur
2243 2464 2426 2528 Quint.
2443 2464 2633 2517 Curtio

1612 2542 1686 2607 V,
1697 2560 1762 2609 11,
1775 2560 1807 2610 9
1817 2583 1828 2594 .
1841 2544 2074 2595 Acumen
2089 2545 2144 2594 in
2155 2544 2278 2606 hoc,
2292 2542 2383 2595 sed
2397 2542 2632 2613 sophista

1613 2620 1748 2673 illud
1767 2622 1988 2693 dignum
2008 2660 2024 2686 ‚
2047 2621 2191 2693 quod
2219 2623 2388 2675 amnis
2407 2636 2516 2675 tam
2541 2621 2630 2674 de·

1612 2702 1797 2755 licatus
1817 2741 1831 2767 ,
1886 2713 1947 2754 ut
1987 2700 2287 2773 adjacentes
2332 2720 2454 2754 eum
2492 2700 2631 2753 ville

1609 2780 1832 2833 invitent
1851 2792 1904 2833 et
1921 2780 2197 2843 retineant,
2223 2800 2364 2833 nune
2383 2797 2625 2845 nemora,

1611 2860 1803 2930 quibus
1816 2860 2165 2923 inumbretur,
2179 2860 2408 2930 fregerit,
2421 2873 2632 2913 montes

1608 2940 1870 2993 subruerit
1885 2980 1900 3005 ,
1925 2952 2025 2994 etc.
2046 2940 2099 2993 S.

1682 3030 1734 3077 4.
1763 3026 2035 3088 Tempestas
2059 3039 2156 3069 non
2176 3021 2503 3085 deprehendit.
2525 3024 2626 3070 De-

1600 3102 1901 3167 prehendere
1911 3119 2023 3153 esse
2035 3099 2353 3170 opprimere,
2369 3110 2624 3171 tanquam

1607 3180 1662 3231 in
1702 3176 1942 3251 decipula
1961 3220 1977 3246 ,
2018 3190 2140 3231 ante
2175 3180 2513 3231 observatum
2553 3178 2623 3232 ad

1608 3259 1744 3311 VIII
1757 3296 1773 3324 ‚
1799 3267 1883 3325 14,
1908 3260 1957 3313 3.
1980 3257 2253 3323 Quosdam
2279 3262 2623 3311 excelsior-ihm

1607 3342 1748 3399 loeis,
1791 3338 1894 3391 hoc
1927 3351 2032 3399 est,
2075 3336 2286 3409 propter
2323 3337 2377 3391 id
2411 3339 2582 3409 ipsum
2603 3378 2620 3402 ,

1603 3417 1748 3489 quod
1787 3416 2150 3471 excelsioribus
2183 3418 2237 3470 in
2279 3418 2408 3471 locis
2442 3438 2622 3473 versa-

1603 3509 1806 3561 rentur,
1826 3516 1935 3550 non
1961 3498 2216 3569 oppressit
2234 3510 2531 3571 tempestas.
2551 3499 2620 3553 Hi

1606 3576 1884 3630 observare
1892 3576 2114 3629 aliorum
2130 3589 2326 3648 strages
2341 3578 2390 3631 et
2401 3596 2618 3632 narrare

1604 3668 1840 3726 possunt.
1871 3656 2138 3711 Servanda
2159 3676 2349 3729 nempe
2371 3660 2618 3713 omnibus

1604 3734 1774 3789 modis
1795 3749 1872 3790 est
1891 3737 2131 3809 negativa
2148 3737 2430 3810 particula,
2455 3757 2616 3809 quam

1605 3818 1741 3870 male
1762 3816 1950 3870 omittit
1971 3816 2103 3869 lib‘er
2129 3815 2396 3871 Mediceus
2413 3856 2429 3879 ,
2459 3819 2614 3873 etiam

1603 3896 1656 3949 in
1692 3915 1822 3951 voce
1859 3901 1946 3965 qm'
1977 3916 2074 3969 pro
2108 3918 2229 3965 quos
2259 3897 2428 3967 posita
2463 3897 2616 3949 vitio·

1600 3994 1708 4029 sus.
1727 3976 1795 4029 G.
1817 4006 1884 4017 -—
1904 3983 2068 4045 Atque
2091 3978 2322 4028 culmina.
2351 3976 2559 4029 Abstmt
2583 3995 2616 4030 ι

1599 4055 1914 4127 quibusdam
1935 4056 2201 4110 codicibus
2219 4056 2330 4109 haec
2342 4058 2524 4111 verba.
2541 4056 2610 4110 G.

1671 4137 1728 4195 5.,
1749 4140 1835 4187 Ad
1851 4156 1978 4204 quoe.
1999 4135 2141 4191 Med.
2163 4136 2356 4189 omittit
2371 4140 2460 4190 ad.
2482 4138 2590 4193 En.
