2857 4690
690 359 1211 431 PANEGYR.
1265 361 1486 430 CAP.
1542 363 1914 431 XXXIX.
2233 389 2368 461 297

234 483 536 554 obtinere
565 507 585 571 ;
618 509 743 554 cur
777 485 962 554 enim
997 485 1283 579 posteris
1322 481 1612 578 amplior
1659 484 1908 570 honor,
1961 507 2164 579 quam
2225 511 2372 556 ma·
2409 471 2470 576 7'

224 595 487 689 joribus
524 593 945 665 haberetur?
992 619 1197 664 curve
1249 619 1416 668 non·
1451 609 1634 664 retro
1691 619 1962 690 quoque
2001 612 2378 669 recurreret

230 705 507 800 aequitas
557 703 848 776 eadem?
899 708 1007 774 Tu
1048 702 1351 800 quidem,
1394 707 1649 794 Caesar,
1681 704 1864 776 illam
1907 707 2374 803 exceptionem

229 816 609 906 removisti,
638 820 707 884 si
734 814 1171 906 modostlms
1210 821 1282 886 in
1294 833 1651 913 potestate
1678 823 1916 918 patris
1940 819 2196 908 fuiss-ec
2211 845 2234 888 .-
2275 821 2376 888 in·-

228 926 479 1014 tuituS,
530 926 777 1020 opinor
801 977 821 1013 ‚
858 928 996 997 vim
1038 925 1392 1023 legemque
1440 943 1696 998 naturae
1722 982 1743 1017 ‚
1779 953 1932 1024 quae
1986 955 2247 1026 semper
2304 932 2376 1000 in

228 1037 485 1116 ditione
535 1052 893 1162 parentum
934 1061 1076 1108 esse
1132 1037 1380 1108 liberos
1422 1039 1659 1133 jussit,
1702 1063 1856 1126 nec,
1905 1041 2006 1110 uti
2047 1041 2224 1110 inter
2260 1065 2376 1136 pe-

228 1148 466 1236 cudes,
504 1149 602 1219 sic
637 1149 815 1218 inter
858 1149 1168 1222 homines
1201 1163 1606 1246 potestatem
1641 1163 1711 1220 et
1745 1151 2109 1245 imperium
2144 1149 2376 1222 valen-

228 1261 518 1332 tioribus
562 1258 771 1330 dedit.

322 1374 655 1446 XXXIX.
691 1374 831 1444 Nec
870 1390 1033 1441 vero
1054 1385 1415 1441 contentus
1446 1371 1744 1466 primum
1769 1371 2190 1466 cognationis
2227 1397 2378 1468 gra-

228 1481 389 1556 dum
432 1481 783 1552 abstulisse
811 1483 1165 1553 Vicesimae
1185 1535 1206 1570 ,
1247 1482 1620 1554 secundum
1653 1507 1923 1577 quoque
1961 1483 2204 1552 exemit
2221 1537 2241 1572 ,
2281 1509 2382 1554 ca-

228 1595 495 1688 vitque,
546 1607 625 1666 ut
654 1593 740 1667 ,in
794 1593 1043 1665 sororis
1078 1592 1275 1668 honis
1320 1592 1563 1682 frater,
1598 1605 1668 1661 et
1717 1605 1995 1682 contra,
2041 1592 2114 1661 in
2153 1591 2380 1665 fratris

226 1729 451 1792 soror,
476 1719 689 1800 utque
705 1728 903 1792 avus,
942 1705 1089 1774 avia
1116 1757 1135 1790 ,
1162 1703 1237 1774 in
1272 1703 1496 1800 neptis
1527 1703 1964 1798 nepotisque,
1998 1717 2068 1771 et
2092 1703 2378 1772 invicem

226 1814 350 1900 illi,
378 1829 811 1884 servarentur
827 1815 1181 1884 immunes.
1206 1815 1329 1884 His
1351 1839 1662 1909 quoque,
1687 1814 1934 1909 quibus
1960 1838 2084 1908 per
2104 1813 2378 1883 Latium

226 1925 461 1995 civitas
490 1925 796 1994 Romana
820 1925 1146 2019 patuisset
1164 1978 1185 2013 ,
1205 1924 1381 1994 idem
1396 1922 1706 2013 indulsit,
1725 1924 2173 2019 omnibusque
2203 1923 2380 1993 inter

226 2058 293 2102 se
334 2035 827 2130 cognationum
862 2035 1017 2129 jura
1054 2034 1420 2122 commisit,
1447 2031 1650 2104 simul
1677 2049 1746 2104 et
1772 2035 2055 2130 pariter,
2089 2048 2157 2103 et
2189 2059 2377 2104 more

226 2158 517 2232 naturae;
538 2169 689 2240 quae
714 2143 973 2240 priores
998 2145 1340 2240 principes
1366 2169 1405 2213 a
1428 2143 1714 2240 ,singulis
1739 2145 1963 2241 rogari
1984 2143 2379 2242 gestiebant,

226 2280 365 2325 non
390 2270 535 2324 tam
560 2255 921 2356 praestandi
946 2257 1175 2325 animo
1194 2309 1215 2340 ,
1239 2279 1446 2352 quam
1475 2255 1790 2353 negandi.
1813 2260 1916 2326 Ex
1931 2280 2068 2352 quo
2095 2255 2378 2353 intelligi
2417 2298 2445 2334 2

224 2380 448 2468 potest
466 2382 771 2461 ,quantae
791 2366 1258 2462 benignitatiS‚
1276 2367 1513 2462 quanti
1535 2366 1809 2463 spiritus
1822 2366 2054 2455 fuerit,
2079 2391 2342 2462 sparsas
2358 2421 2379 2454 ,
2458 2382 2462 2387 ’

223 2492 465 2573 atque,
510 2493 585 2548 ut
635 2479 726 2548 ita
773 2478 1029 2567 dicam,
1066 2477 1315 2549 laceras
1355 2476 1762 2575 gentilitates
1814 2477 2126 2574 colligere
2175 2492 2378 2573 atque

224 2604 629 2665 connectere
638 2644 659 2679 ,
672 2605 742 2660 et
750 2592 940 2685 quasi
956 2588 1217 2661 renasci
1230 2590 1255 2684 j
1266 2590 1505 2678 ubere3
1521 2590 1778 2660 deferre
1791 2588 1974 2685 quod
1987 2590 2380 2685 negabatur,

224 2715 431 2795 atque
466 2700 537 2769 id
579 2715 895 2796 praestare
928 2702 1226 2788 cunctis,
1252 2699 1439 2795 quod
1479 2725 1650 2797 saepe
1696 2699 1942 2796 singuli
1975 2726 2129 2769 non
2163 2700 2378 2797 impe-

227 2825 545 2899 trassent3
592 2826 973 2907 postremo,
1009 2812 1231 2907 ipsum
1275 2810 1403 2879 sibi
1439 2811 1698 2907 eripere
1741 2825 1845 2881 tot
1867 2810 2380 2905 sbeneficiorum

226 2922 651 3008 occasiones,
686 2937 823 2992 tam
853 2946 1281 2999 numerosam
1311 2918 1654 3016 obligandi
1694 2919 2206 3043 imputandique
2243 2945 2382 2989 ma-

226 3032 485 3103 teriam.
503 3031 877 3127 Indignum
915 3030 1117 3101 oredo
1144 3031 1203 3099 ei
1240 3032 1495 3118 visum,
1535 3029 1621 3099 ab
1659 3030 1934 3100 homine
1973 3029 2153 3125 peti,
2195 3028 2380 3125 quod

228 3138 321 3209 dii
360 3140 721 3213 dedissent.
774 3145 1053 3213 Sorores
1100 3140 1258 3213 estis
1314 3154 1384 3212 et
1422 3138 1668 3228 frater,
1719 3164 1884 3212 avus
1940 3154 2009 3210 et
2057 3154 2375 3283 nepotes·
2358 3192 2378 3227 ,

296 3326 351 3379 7.
382 3314 556 3360 Retro.
611 3328 882 3364 dtr-ocurrer
855 3322 923 3361 et.
950 3308 1140 3378 Inepta
1162 3322 1257 3357 va
1348 3262 1610 3359 liberavit.
1634 3270 1840 3359 Eodem
1864 3324 2023 3359 sensu
2035 3307 2252 3372 primum
2260 3324 2382 3374 gra-

230 3386 383 3441 riatio
394 3388 667 3443 sententie
680 3386 1050 3460 praecedentis!
1068 3387 1260 3439 Praeter
1345 3388 1464 3441 dum
1483 3390 1690 3438 abstulit
1714 3390 1778 3437 γι·
1757 3406 1872 3439 mesa
1865 3388 1986 3441 ’.Μ
2012 3390 2072 3437 E.

229 3468 463 3540 aliquem
498 3469 677 3533 lusum
700 3468 983 3522 verborum
1000 3504 1017 3530 ‚
1054 3476 1107 3518 et
1134 3483 1259 3519 acu-e
1422 3462 2378 3527 2.PerLacium.vid.xXXV11,3.G.

228 3566 351 3601 men
370 3548 645 3612 variandi,
664 3546 797 3601 nihi}
818 3559 932 3600 erat
949 3544 1129 3619 ,quod
1147 3543 1259 3597 vim
1418 3545 1474 3599 3.
1499 3548 1687 3611 Quanti
1718 3548 1935 3613 spir-iem.
1959 3544 2186 3610 Quantae
2215 3544 2381 3597 animi

228 3638 319 3680 aut
349 3627 597 3681 virtutem
628 3626 849 3687 adderet
874 3625 1161 3679 sententio.
1189 3623 1257 3677 Ε.
1347 3624 1761 3697 magnitudinis,
1784 3643 1903 3697 quae
1919 3662 1936 3690 ,
1956 3623 2260 3697 posthabita
2281 3624 2382 3676 uti-

227 3738 297 3748 —-
314 3708 437 3761 Non
465 3720 545 3761 est
563 3708 789 3761 variatio
820 3706 1089 3761 sententia
1114 3704 1259 3777 prio-
1344 3702 1506 3759 litatis
1525 3706 1730 3759 ratione
1746 3744 1764 3770 ,
1785 3706 1950 3759 solam
1975 3706 2306 3758 honestatem
2327 3716 2382 3757 et

224 3787 297 3841 ris
318 3825 339 3851 ,
368 3787 573 3844 nedum
604 3788 787 3859 inepta
823 3786 1070 3841 variatio.
1109 3784 1258 3849 Quid
1340 3784 1600 3857 justitiam
1645 3786 1794 3857 sequi
1829 3796 2024 3858 posset.
2054 3783 2216 3851 Quod
2240 3788 2382 3854 spiri-

228 3868 365 3921 cnim
386 3868 410 3921 ἓ
429 3887 565 3922 num
582 3868 803 3942 equitas
826 3866 970 3927 idem
990 3864 1138 3939 quod
1158 3864 1257 3921 ho·
1346 3878 1450 3916 tum
1475 3863 1685 3918 addidit
1708 3865 1952 3929 Plinius,
1981 3864 2190 3939 egregie
2207 3866 2379 3930 cavit,

226 3946 362 4001 nor?
378 3948 434 4003 S.
1346 3963 1415 3997 ne
1426 3944 1696 4017 Traianus
1705 3964 1768 3999 ex
1776 3944 2012 4019 quadam
2021 3945 2380 3999 imbecillitate

292 4026 550 4083 XXXIX.
578 4044 627 4079 1.
648 4029 939 4080 Secaemdum.
956 4062 969 4075 .
992 4062 1005 4074 .
1028 4026 1253 4077 muniit.
1344 4024 1548 4087 animi,
1573 4036 1636 4077 ut
1662 4042 1796 4099 saepe
1823 4024 1888 4079 fit
1908 4025 2210 4098 ,benignus
2235 4024 2382 4077 vido-

227 4125 313 4159 ωε
358 4125 577 4181 quoquc
608 4146 625 4173 ,
670 4105 767 4177 qui
813 4103 1049 4159 secundo
1088 4102 1259 4176 gradu
1348 4114 1514 4159 retur.
1533 4104 1598 4159 E.

226 4188 438 4267 cognati
476 4196 653 4244 essent
671 4222 689 4256 ,
712 4185 981 4251 Vicesima
1005 4182 1257 4245 solvenda
1420 4192 1474 4257 4.
1494 4188 1692 4244 Sorores
1710 4189 1822 4239 escis
1841 4188 2080 4257 etsi-ater.
2101 4182 2283 4237 Plures
2299 4201 2380 4235 soz
