2857 4690
2033 195 2062 229 X

388 285 397 296 '
450 302 541 374 88
1060 303 1136 370 c,
1187 302 1536 372 PLINII
1584 302 1775 370 ΜΒ.
1826 301 1954 370 lx.

446 437 771 506 incidisse.
806 435 937 504 Sed
967 436 1305 506 confodias
1334 435 1519 521 licet,
1544 433 1906 503 dummodo
1925 433 2064 527 jam
2087 458 2264 503 nunc
2292 432 2596 505 destines

448 544 658 628 diem,
708 568 841 636 quo
887 556 956 610 et
996 542 1079 611 de
1124 542 1250 612 illis
1294 559 1361 611 et
1396 543 1479 610 de
1516 543 1617 610 his
1655 564 1878 610 coram
1924 543 2182 636 exigere
2225 543 2594 636 possimus,

447 652 583 718 Aut
607 651 785 718 enim
827 663 896 717 tu
940 673 1046 717 me
1089 650 1423 735 timidum,
1457 663 1572 716 aut
1596 672 1720 743 ego
1752 662 1819 716 te
1851 650 2276 717 temerarium
2317 647 2592 718 faciam.

450 755 635 824 Vale.

532 976 601 986 --
636 947 850 1012 Exigere
882 947 1139 1012 possimus.
1180 943 1463 996 peculiaris
1558 943 1730 1015 qualis
1765 955 1841 996 est
1876 941 1930 994 in
1972 946 2196 1010 exsequi,
2235 946 2562 1014 exedificat-e
2569 982 2592 1004 ‚

446 1025 597 1077 verbi
610 1025 789 1087 notio,
811 1024 867 1076 in
886 1041 993 1094 qua
1012 1043 1119 1075 non
1140 1024 1283 1076 illam
1302 1023 1462 1077 modo
1559 1034 1660 1076 etc.
1675 1021 1802 1074 Vid.
1815 1023 1920 1085 vt,
1943 1041 2026 1085 υ,
2051 1023 2104 1086 3,
2123 1034 2174 1074 et
2193 1021 2259 1074 de
2277 1023 2370 1076 illa
2387 1027 2600 1073 exami-

447 1105 555 1176 vim,
571 1104 731 1156 habet
744 1143 761 1166 ,
780 1124 809 1157 a
829 1123 934 1176 qua
952 1125 1161 1156 examen
1179 1105 1329 1177 quasi
1344 1123 1466 1155 exa·
1561 1107 1636 1154 nis
1655 1101 2041 1173 significatione
2057 1101 2124 1154 ad
2138 1102 2364 1167 Quintil.
2382 1103 2462 1154 vl
2479 1140 2496 1164 ,
2521 1105 2556 1156 5
2575 1139 2596 1165 ,

380 1207 385 1214 ·
443 1202 590 1252 ὅπα-η
614 1181 813 1236 dictum
834 1195 940 1248 est3
961 1183 1053 1236 sed
1068 1184 1213 1236 illam
1228 1201 1462 1256 quoque,
1563 1186 1593 1234 5
1607 1220 1626 1244 ,
1657 1192 1709 1235 et
1731 1182 2094 1234 Burmannum
2123 1179 2191 1235 ad
2209 1181 2390 1234 Ovidii
2409 1182 2598 1234 Meta-

448 1263 541 1314 uhi
572 1274 651 1314 est
688 1267 763 1314 ad
779 1267 937 1336 finem
970 1283 1116 1332 agere
1128 1302 1145 1324 ,
1178 1263 1430 1334 perficere
1445 1300 1462 1327 ,
1562 1261 1772 1332 mol-ph.
1800 1263 1828 1312 1
1844 1299 1860 1326 ‚
1895 1281 1914 1311 1
1929 1263 2011 1314 18.
2039 1261 2106 1314 G.

450 1461 1702 1486 ”SEufiU-mmmmmmmmu
1706 1461 2594 1483 mmmmmmmm

1296 1657 1737 1747 XXVII.

730 1885 997 1944 Historiae
1030 1883 1415 1942 reverentiam
1447 1881 1681 1954 haberi,
1713 1883 1980 1959 exemplo
2007 1894 2302 1940 monstrat.

734 2100 743 2110 ·
837 2097 897 2142 e.
934 2095 1287 2188 marnys
1336 2093 1794 2140 Lan-:nano
1845 2067 1879 2098 ⁴*
1930 2083 2191 2138 suas

550 2277 892 2366 QUANTA
930 2289 1256 2369 potestas,
1294 2287 1546 2371 quanta
1592 2271 1914 2367 dignita,
1952 2285 2202 2366 quanta
2238 2271 2588 2365 majestas,

450 2402 781 2481 quantum
824 2386 1111 2477 denique
1156 2409 1406 2453 numen
1461 2386 1544 2451 sit
1587 2383 1915 2467 historiae‚
1956 2407 2163 2475 quum
2201 2380 2588 2475 frequenter

450 2494 645 2577 aliaS‚
676 2510 819 2563 tum
857 2496 1156 2587 proxime
1195 2495 1388 2562 sensi.
1424 2494 1845 2561 Recitaverat
1875 2491 2145 2585 quidam
2173 2493 2584 2562 verissimum

452 2605 729 2689 librum,
765 2618 1153 2698 partemque
1186 2601 1329 2695 ejus
1363 2602 1430 2669 in
1465 2600 1670 2670 alium
1701 2600 1874 2669 diem
1913 2616 2359 2669 reservaverat
2389 2626 2586 2671 :ecce

452 2714 646 2781 amici
686 2713 1027 2806 cujusdam
1068 2705 1334 2780 orantes
1371 2713 1960 2806 obsecrantesque,
2000 2736 2083 2779 ne
2126 2710 2378 2805 reliqua
2419 2714 2582 2781 reci·

387 2854 414 2886 2
452 2838 641 2891 taret.
670 2823 925 2892 Tantus
952 2822 1265 2891 audiendi
1290 2848 1440 2916 quae
1469 2822 1778 2907 fecerint,
1806 2822 2060 2917 pudor,
2091 2822 2333 2915 quibus
2361 2821 2584 2893 nullus

450 2931 772 3019 faciendi,
801 2924 948 3026 quse
976 2932 1205 3001 audire
1235 2934 1657 3001 erubescunt.
1693 2936 1777 3001 Et
1806 2932 1914 3001 ille
1943 2933 2210 3028 quidem
2245 2934 2583 3026 praestitit,

450 3042 631 3138 quod
687 3042 1051 3138 rogabatur
1090 3069 1105 3111 ε
1140 3044 1399 3112 sinebat
1447 3043 1630 3113 fides,
1680 3044 1882 3112 Liber
1918 3059 2175 3125 tamen,
2213 3058 2289 3111 ut
2331 3042 2580 3111 factum

447 3154 665 3249 ipsum
683 3209 703 3243 ,
730 3168 992 3241 manet,
1022 3156 1350 3236 manebit,
1380 3153 1770 3247 legeturque
1795 3179 2088 3247 semper,
2118 3169 2306 3222 tanto
2335 3154 2579 3248 magiS,

448 3266 607 3358 quia
632 3289 766 3333 non
798 3266 1045 3333 statim.
1075 3266 1453 3333 Incitantur
1481 3265 1658 3333 enim
1691 3266 1992 3333 homines
2022 3264 2104 3333 ad
2129 3264 2580 3358 agnoscenda,

448 3399 593 3467 quae
635 3374 1064 3444 differuntur.
1100 3374 1286 3443 Vale.

500 3576 1004 3628 .XXV11.*Laeer-ani
1008 3594 1301 3649 cognomen
1310 3575 1466 3629 Ciau-
1563 3576 1748 3628 stolam
1766 3614 1779 3639 ,
1803 3574 1869 3627 de
1887 3594 1995 3647 quo
2017 3573 2086 3627 ad
2105 3576 2130 3627 1
2147 3616 2161 3641 ‚
2185 3576 2336 3645 epist.
2367 3592 2452 3627 αι.
2475 3574 2574 3627 Fn.

446 3654 546 3706 diis
564 3690 579 3714 ,
633 3653 849 3707 Plautiis
868 3694 883 3720 ,
928 3656 1111 3709 Sextiis
1160 3673 1460 3709 commune.
1637 3675 1684 3707 2.
1709 3658 2050 3723 Agnosceuda,
2093 3656 2350 3727 Excerpta
2396 3654 2578 3706 Brum-

445 3733 603 3785 Multi
628 3739 842 3785 Paterno
868 3735 1163 3788 inscribunt
1189 3734 1329 3787 hanc
1346 3734 1464 3805 epi·
1561 3735 1694 3786 meri
1715 3737 2076 3803 cognoscenda,
2099 3729 2244 3805 quod
2270 3733 2471 3787 malim.
2491 3734 2546 3787 S.

1121 3943 1900 3979 ψ
