2857 4690
50 4373 63 4430 “-Ι

501 360 645 457 392
1161 362 1977 433 ANNOTATloNEs

569 495 689 557 Cap.
713 487 967 554 LXXXV,
989 505 1108 542 sect.
1139 494 1190 543 5.
1217 494 1286 541 Ee
1309 494 1360 541 in
1376 509 1460 541 eo.
1482 528 1495 541 .
1516 506 1645 543 .tota
1662 494 1827 559 gloria
1854 496 1959 542 Tua
1983 507 2083 552 est,
2108 496 2199 561 qui
2213 496 2433 563 superior
2456 496 2647 549 factus

496 576 746 625 descendis
769 577 820 624 in
853 576 1396 642 omniafamiliaritatis
1422 576 1612 644 officia.
1638 574 1725 626 sic
1748 572 1965 644 vulgata
1984 612 2002 637 ,
2028 579 2180 647 cujus
2200 596 2367 649 quum
2392 580 2539 649 justo
2556 599 2643 633 re-

499 656 747 710 tiueutior
781 657 848 707 sit
873 656 1220 720 Arutzenius,
1246 656 1316 709 ab
1335 674 1396 709 ea
1415 674 1627 727 quoque
1654 655 1927 709 discedere
1953 657 2151 712 veritus
2174 671 2253 712 est
2270 662 2639 724 Schwarzius3

497 738 740 810 quamvis
765 738 881 811 ipeo
913 750 1042 791 teste
1065 737 1286 791 Codices
1307 738 1541 792 melioris
1570 752 1704 793 ηοω
1722 780 1739 807 ,
1764 753 1824 793 ut
1852 740 2161 795 parisiensis
2174 782 2191 807 ,
2210 756 2433 817 uterque
2450 746 2641 797 Vene-

395 858 401 863 -
499 834 584 875 tus
600 860 617 887 ‚
640 822 770 896 quin
793 834 844 874 et
855 820 1136 874 Patavinus
1151 860 1168 887 ‚
1189 822 1324 874 liber
1339 821 1637 875 Vossianus
1654 822 1827 893 legant
1832 826 1990 892 fiatis,
2012 836 2065 877 et
2092 824 2381 880 Vaticanus
2408 828 2641 899 integer·

497 905 666 957 rimus
689 922 752 956 ac
771 903 1214 974 Guelferbytanus
1225 907 1393 972 ficis,
1415 907 1651 976 profatis
1662 928 1685 965 ;
1706 924 1879 976 neque
1899 918 2055 978 neget
2062 910 2240 976 faetus
2259 910 2318 963 h.
2342 912 2381 963 1.
2404 912 2639 964 otiosum

499 986 690 1040 videri.
721 986 922 1051 Quidni
947 986 1106 1058 igitur
1143 986 1443 1040 dubitemus
1472 988 1693 1059 obsequi
1709 991 1867 1057 fatis,
1907 987 2052 1044 haud
2092 991 2309 1061 quidem
2346 1012 2411 1045 eo
2440 1012 2601 1046 seusu
2622 1031 2639 1055 ,

501 1089 658 1142 quem
688 1068 1013 1123 Schwarzius
1053 1070 1251 1133 innuit,
1277 1083 1336 1123 ut
1359 1072 1485 1139 flua
1525 1072 1631 1123 sint
1660 1088 1759 1143 pro
1785 1093 1933 1134 casu,
1972 1078 2263 1126 calamitate
2294 1088 2350 1129 et
2380 1079 2637 1143 per-icida,

500 1154 694 1227 quibus
723 1154 962 1224 superior
986 1153 1054 1207 sit
1071 1154 1334 1217 Traianus
1357 1154 1603 1226 princeps
1628 1155 1856 1225 optimus
1875 1194 1891 1219 ,
1918 1155 2013 1209 sed
2054 1156 2329 1229 quomodo
2354 1158 2546 1211 Cicero
2576 1156 2635 1209 in

499 1238 726 1290 Verrem
744 1274 761 1301 ,
783 1238 809 1289 1
829 1274 846 1301 ,
872 1255 992 1308 cap.
1023 1237 1071 1289 X
1091 1277 1108 1303 ,
1133 1249 1260 1290 sect.
1284 1256 1351 1307 ²9
1369 1275 1385 1300 ,
1405 1240 1481 1289 ait
1503 1239 1723 1293 Verrem
1750 1236 1973 1306 dixisse,
1998 1240 2271 1295 Metellum
2288 1244 2522 1311 nonfaeo
2536 1281 2553 1301 .
2582 1252 2641 1293 ut

501 1332 712 1375 ceteros
731 1340 796 1374 ex
811 1321 974 1392 ipsius
994 1320 1190 1373 familia
1205 1356 1222 1383 ,
1238 1320 1332 1373 sed
1352 1338 1516 1392 opera
1530 1338 1624 1375 sua
1638 1360 1656 1386 ,
1676 1323 1949 1379 consulem
1968 1324 2182 1378 factum.
2200 1332 2327 1376 Fato
2348 1325 2408 1377 h.
2434 1324 2473 1377 1.
2494 1324 2637 1377 idem

502 1417 582 1457 est
608 1424 671 1459 ac
705 1421 826 1457 nutu
857 1408 1018 1457 divim
1049 1420 1098 1455 ee
1113 1406 1294 1473 flavore
1324 1422 1369 1456 s.
1408 1408 1516 1456 Diis
1542 1409 1615 1457 sie
1640 1410 1931 1459 volentibus.
1962 1408 2165 1461 Caveas
2194 1408 2355 1483 igitur
2371 1446 2387 1471 ,
2410 1427 2484 1461 ne
2514 1426 2639 1459 cum

501 1487 796 1541 Schwanio
836 1488 966 1543 velis
1002 1492 1295 1556 superiorem
1305 1492 1439 1558 sireis
1470 1488 1671 1544 dictum
1704 1509 1806 1562 pro
1842 1494 2088 1558 superior-e
2119 1508 2283 1562 quam
2304 1493 2457 1561 saca,
2498 1490 2556 1543 h.
2586 1512 2637 1543 e.

503 1592 669 1625 casum
685 1586 734 1623 et
739 1570 966 1641 pericula
974 1594 997 1634 ,·
1013 1572 1156 1643 quod
1173 1592 1334 1645 quam
1353 1572 1631 1645 indignum
1644 1572 1820 1625 Plinio
1840 1573 2021 1626 fuisset
2036 1572 2183 1627 dictu
2198 1611 2215 1638 ,
2229 1574 2409 1645 quivis
2428 1574 2637 1627 sentiat.

576 1658 695 1723 Cap.
714 1660 1061 1718 LXXXVIII,
1079 1670 1198 1707 sect.
1223 1660 1274 1707 3.
1295 1662 1370 1707 Ac
1379 1660 1597 1723 μήνη-ωτι
1618 1660 1855 1708 neminem
1876 1660 1927 1708 in
1950 1678 2037 1709 usu
2058 1660 2231 1718 habes,
2254 1661 2352 1708 nisi
2374 1674 2466 1707 am
2498 1662 2609 1708 Tibi
2618 1696 2637 1717 ,

505 1751 598 1788 aue
616 1742 760 1806 patri
788 1753 870 1790 tuo
883 1775 900 1802 ,
929 1754 1023 1790 am
1049 1742 1232 1805 opte'mo
1265 1742 1441 1807 cuique
1468 1744 1747 1809 principum
1775 1744 2003 1791 dilectum
2036 1762 2056 1791 .-
2088 1744 2351 1808 .statimque
2385 1744 2475 1791 lios
2512 1744 2643 1809 ipsos·

505 1824 726 1889 quotidie
756 1826 934 1873 deinde
961 1826 1033 1873 ita
1056 1826 1255 1890 formas
1275 1862 1290 1883 ‚
1327 1838 1382 1873 ut
1415 1844 1469 1873 se
1502 1842 1603 1873 mm
1634 1838 1723 1874 ma
1746 1824 1988 1891 fhrtnna,
2015 1826 2106 1874 sed
2134 1842 2227 1875 sua
2258 1826 2561 1885 metiantur,
2590 1838 2639 1875 ee

506 1920 646 1957 tanto
669 1910 826 1975 magis
852 1910 992 1975 digni
1001 1944 1016 1969 ,
1046 1910 1218 1975 quibus
1241 1910 1398 1958 honor
1415 1910 1572 1959 omnis
1585 1922 1849 1974 pra-stetur
1869 1927 1904 1957 a
1928 1911 2080 1958 nobis.
2096 1906 2325 1977 Vulgata
2350 1906 2465 1959 haec
2486 1905 2639 1958 lectio

508 1988 692 2043 nititur
709 1990 950 2043 omnium
969 1989 1230 2043 Codicum
1249 2008 1505 2043 consensu
1522 2029 1538 2056 ‚
1558 1990 1659 2041 nisi
1678 1986 1825 2059 quod
1843 1988 2133 2041 Vaticanus
2150 1988 2395 2061 princeps
2414 2001 2465 2041 et
2478 1988 2639 2041 Guel-

509 2074 818 2145 ferbytanus
844 2078 1108 2142 statimque
1142 2090 1196 2126 nt
1223 2078 1311 2126 laos
1347 2078 1475 2141 ipsos
1505 2076 1714 2133 cotidie,
1740 2076 1915 2123 deinde
1956 2076 2031 2123 ita
2038 2074 2255 2140 for-mm.
2296 2071 2401 2125 Sed
2430 2090 2531 2125 nec
2561 2072 2637 2124 sit:

507 2157 832 2211 emendatior
867 2159 930 2211 fit
961 2170 1151 2213 textus.
1189 2158 1463 2230 Displicuit
1494 2156 1725 2229 primum
1762 2154 1893 2209 illud
1928 2160 2113 2224 optimo
2152 2158 2329 2221 cuique
2354 2159 2637 2223 principum

510 2244 739 2293 dilectum
777 2242 852 2295 M.
895 2246 1058 2294 Gudio
1073 2282 1090 2304 ,
1124 2243 1272 2296 nulla
1315 2240 1477 2295 credo
1506 2240 1816 2293 auctoritate
1845 2238 1956 2292 Ms.
1994 2238 2199 2290 munito
2226 2256 2241 2290 ε
2276 2240 2497 2310 ejusque
2533 2236 2637 2289 fide

510 2325 802 2380 Schwarzio
823 2340 874 2380 et
890 2326 1128 2381 Gesnero
1153 2323 1474 2381 eliminanda
1502 2343 1601 2377 vox
1610 2325 1891 2392 principum
1908 2320 2214 2389 videbatur,
2236 2321 2311 2376 ita
2330 2333 2389 2374 ut
2403 2322 2637 2376 schwar-

509 2409 621 2462 zius
644 2429 761 2464 eam
791 2421 850 2463 ut
874 2410 1089 2464 dubiam
1117 2410 1325 2463 uncinis
1351 2407 1647 2462 includeret
1664 2448 1680 2475 ‚
1706 2407 1974 2460 Gesnerus
1998 2403 2175 2458 delere
2198 2423 2307 2457 non
2336 2403 2596 2458 dubitaret
2616 2442 2635 2467 ‚

511 2491 658 2563 quod
691 2511 814 2544 cum
845 2493 1079 2563 Trsjsno
1097 2533 1114 2560 ,
1141 2493 1459 2564 cognomine
1492 2495 1675 2559 optimo
1690 2531 1706 2558 ‚
1733 2491 1893 2544 etiam
1923 2489 2053 2544 ulios
2080 2490 2313 2561 optimos
2336 2489 2599 2562 Principes
2616 2527 2635 2552 .

511 2586 573 2625 ut
593 2573 978 2644 Vespasianum
1004 2585 1056 2626 et
1077 2575 1259 2628 Titum
1282 2592 1602 2646 componere
1626 2572 1877 2626 uoluisset
1894 2571 2117 2625 Plinius.
2142 2573 2209 2624 At
2236 2571 2309 2624 sic
2334 2589 2437 2624 vox
2452 2575 2633 2640 princi-

505 2675 628 2722 pum
671 2654 862 2708 leniori
912 2657 1204 2710 mutatione
1247 2656 1521 2710 emendari
1558 2657 1729 2728 potuit
1770 2657 1824 2709 iu
1862 2659 2110 2724 pra-cipue
2129 2694 2146 2717 ‚
2182 2653 2327 2726 quod
2368 2667 2423 2707 et
2458 2668 2631 2726 aptum

513 2749 592 2790 est
625 2737 963 2809 sequentibus
992 2743 1242 2809 proeeipue
1277 2743 1507 2791 dilectum
1546 2743 1826 2808 statimque.
1864 2739 2127 2792 Nimirum
2156 2741 2325 2790 statim
2347 2777 2363 2798 ,
2410 2739 2631 2810 priorem

514 2821 771 2894 syllabam
788 2821 990 2876 habens
1007 2824 1222 2896 longam
1235 2862 1251 2889 ,
1269 2827 1437 2876 Nonio
1456 2825 1520 2876 L.
1540 2824 1641 2886 IV,
1666 2822 1767 2886 423
1787 2835 1839 2875 et
1857 2823 2065 2874 Donato
2084 2820 2152 2874 ad
2170 2819 2407 2874 Terentii
2428 2821 2631 2874 Phorm.

513 2905 588 2966 V,
612 2906 644 2958 3
664 2942 680 2969 ,
706 2925 738 2976 7
756 2943 772 2968 ,
793 2916 871 2958 est
885 2921 1125 2976 perpetuo
1139 2947 1154 2968 ,
1179 2910 1439 2975 aqualiter
1462 2921 1513 2957 et
1530 2909 1675 2973 quasi
1696 2925 1793 2956 nno
1814 2920 1957 2956 statu.
1981 2905 2158 2970 Quam
2178 2905 2287 2957 vim
2308 2904 2455 2956 vocis
2475 2907 2631 2956 statim

514 2988 672 3040 etiam
697 2985 1034 3044 adhibuimus
1060 2989 1128 3042 sd
1152 2991 1326 3043 locum
1349 2988 1521 3042 Taciti
1548 2988 1739 3061 4nnal.
1767 2989 1869 3052 IV,
1892 2987 1960 3042 38
1980 3026 1996 3053 ,
2024 3006 2079 3060 p.
2114 2991 2214 3040 216
2234 3025 2249 3051 ,
2271 2985 2355 3041 ed.
2383 2987 2497 3059 Rip.
2521 2987 2629 3038 vin·

514 3069 802 3124 dicandum
824 3110 841 3137 ,
870 3083 922 3125 et
950 3071 1300 3126 subodoratus
1327 3084 1405 3124 est
1432 3070 1701 3124 Livineius
1729 3068 1797 3124 ad
1823 3071 1882 3122 h.
1914 3071 1950 3122 1.
1976 3069 2127 3122 Plinii
2146 3109 2162 3133 ,
2184 3071 2241 3122 in
2266 3071 2421 3143 cujus
2442 3069 2627 3140 Paneg.

515 3173 564 3207 c.
591 3155 692 3208 XV
709 3165 842 3207 extr.
864 3154 1104 3208 eamdem
1124 3155 1559 3224 significationem
1582 3151 1812 3206 admittit
1830 3153 2150 3206 Schwarzius
2170 3153 2224 3204 in
2240 3153 2509 3222 supplem.
2525 3163 2627 3203 not.

515 3257 572 3309 p.
603 3237 725 3304 593.
747 3239 868 3291 Nou
887 3237 1017 3292 vidit
1041 3239 1151 3290 hoec
1171 3237 1378 3309 Lipsius
1397 3276 1413 3301 ,
1432 3238 1609 3308 quiex
1628 3241 1890 3304 statimque
1915 3234 2107 3307 frigide
2134 3237 2259 3288 fecit
2276 3251 2627 3304 sumptumque,

517 3319 642 3374 dein
668 3327 1083 3390 animatumque,
1103 3319 1249 3396 quod
1267 3321 1527 3374 Gruterus
1546 3319 1707 3373 etiam
1732 3320 2018 3372 hariolatus
2048 3331 2142 3372 est.
2174 3319 2309 3371 Dein
2331 3319 2631 3370 Arntzeuius

519 3422 677 3457 ausus
712 3417 790 3458 est
823 3405 1084 3478 conjicere
1114 3408 1479 3472 probatumque
1495 3426 1517 3465 ‚-
1549 3405 1703 3475 quasi
1735 3403 2005 3456 estimatio
2036 3413 2087 3455 et
2116 3403 2359 3476 probatio
2393 3413 2633 3474 sequatur

518 3485 873 3544 dilectionem.
902 3491 1173 3542 Mittamus
1211 3489 1370 3559 igitur
1415 3489 1515 3541 hos
1559 3489 1791 3542 hariolos
1821 3501 1874 3542 et
1923 3490 2155 3561 legamus
2192 3505 2206 3540 :
2250 3489 2431 3557 optimo
2470 3491 2631 3556 cecique

513 3577 760 3640 prece-spuo
773 3577 999 3625 dilectum
1011 3563 1288 3642 studiaque.
1306 3573 1337 3624 J
1341 3589 1426 3624 am
1442 3571 1793 3626 existimemus
1808 3611 1824 3636 ,
1842 3576 2009 3625 statim
2026 3591 2055 3624 a
2074 3572 2361 3643 glossatore
2376 3569 2631 3624 redditum

523 3673 636 3708 esse
657 3675 754 3726 per
772 3660 992 3723 quotidie
1010 3676 1054 3709 s.
1075 3659 1255 3709 cotidie
1272 3677 1291 3709 :
1307 3655 1451 3727 quod
1476 3675 1597 3710 cum
1620 3657 1679 3710 iu
1704 3667 1905 3710 textum
1925 3655 2213 3728 irrepserit,
2244 3672 2439 3708 novam
2464 3673 2525 3706 ex
2546 3653 2631 3707 ad·

523 3737 712 3789 verbiis
747 3739 1024 3791 cumulatis
1058 3739 1253 3791 creavit
1291 3738 1657 3793 difficultatem
1681 3758 1697 3804 ;
1730 3739 1968 3811 adeoque
2003 3739 2057 3791 in
2084 3749 2230 3792 textu
2258 3736 2631 3792 obliterandum

525 3820 685 3873 venit.
717 3820 876 3885 Quod
901 3833 1074 3874 autem
1107 3822 1398 3876 Vaticanus
1427 3823 1611 3877 Codex
1643 3835 1694 3875 et
1724 3823 2055 3894 Guelferbyt.
2083 3820 2283 3874 habent
2310 3835 2393 3882 m,
2419 3833 2565 3872 muto
2586 3821 2631 3872 in

524 3919 653 3964 mm,
675 3903 821 3975 quud
839 3905 1021 3976 optimi
1040 3905 1316 3975 scriptores
1334 3907 1491 3958 etiam
1514 3914 1583 3978 τῷ
1594 3907 1811 3972 primum
1828 3915 2105 3975 opponunt
2118 3941 2134 3968 ,
2157 3915 2209 3958 et
2226 3906 2557 3975 conjungunt
2574 3911 2635 3971 τῷ

523 3987 725 4046 ᾰεύιᾰες
743 3987 818 4039 ita
835 3987 1128 4042 Columella
1147 3989 1212 4040 L.
1235 3991 1288 4042 ll
1307 4027 1322 4053 ,
1351 3991 1412 4044 18
1435 4001 1489 4042 et
1510 3990 1695 4044 Celsus
1708 3989 1818 4055 111,
1838 3991 1873 4042 6
1894 4001 2207 4046 construunt
2220 3991 2453 4057 primum.
2469 4026 2482 4038 .
2504 4003 2633 4044 aum,
