<?xml version="1.0" encoding="UTF-8"?>
<!DOCTYPE html PUBLIC "-//W3C//DTD XHTML 1.0 Transitional//EN"
    "http://www.w3.org/TR/xhtml1/DTD/xhtml1-transitional.dtd">
<html xmlns="http://www.w3.org/1999/xhtml" xml:lang="en" lang="en">
 <head>
  <title>
</title>
<meta http-equiv="Content-Type" content="text/html;charset=utf-8" />
  <meta name='ocr-system' content='tesseract 3.04.00' />
  <meta name='ocr-capabilities' content='ocr_page ocr_carea ocr_par ocr_line ocrx_word'/>
</head>
<body>
  <div class='ocr_page' id='page_1' title='image "./cpliniisecundie00schgoog_0439.png"; bbox 0 0 2857 4690; ppageno 0'>
   <div class='ocr_carea' id='block_1_1' title="bbox 527 370 2653 590">
    <p class='ocr_par' dir='ltr' id='par_1_1' title="bbox 527 370 2653 590">
     <span class='ocr_line' id='line_1_1' title="bbox 529 370 2125 459; baseline -0.004 -14"><span class='ocrx_word' id='word_1_1' title='bbox 529 374 680 459; x_wconf 74' lang='lat'><strong>428</strong></span> <span class='ocrx_word' id='word_1_2' title='bbox 1037 370 1489 443; x_wconf 72' lang='lat' dir='ltr'><strong>NoTlrlA</strong></span> <span class='ocrx_word' id='word_1_3' title='bbox 1542 370 2125 443; x_wconf 68' lang='lat' dir='ltr'><strong>Ll‘fERARrA</strong></span> 
     </span>
     <span class='ocr_line' id='line_1_2' title="bbox 527 500 2653 590; baseline -0.002 -16"><span class='ocrx_word' id='word_1_4' title='bbox 527 506 665 575; x_wconf 82' lang='lat' dir='ltr'><strong>MS.</strong></span> <span class='ocrx_word' id='word_1_5' title='bbox 697 502 831 575; x_wconf 85' lang='lat' dir='ltr'><strong>Pal.</strong></span> <span class='ocrx_word' id='word_1_6' title='bbox 869 519 934 573; x_wconf 85' lang='lat' dir='ltr'><strong>et</strong></span> <span class='ocrx_word' id='word_1_7' title='bbox 968 518 1121 573; x_wconf 74' lang='lat' dir='ltr'><strong>vett.</strong></span> <span class='ocrx_word' id='word_1_8' title='bbox 1151 504 1298 574; x_wconf 87' lang='lat' dir='ltr'><strong>edd.</strong></span> <span class='ocrx_word' id='word_1_9' title='bbox 1328 530 1517 590; x_wconf 88' lang='lat' dir='ltr'><strong>usus,</strong></span> <span class='ocrx_word' id='word_1_10' title='bbox 1556 502 1857 574; x_wconf 82' lang='lat' dir='ltr'><strong>Francos.</strong></span> <span class='ocrx_word' id='word_1_11' title='bbox 1900 503 1985 572; x_wconf 90' lang='lat' dir='ltr'><strong>ad</strong></span> <span class='ocrx_word' id='word_1_12' title='bbox 2016 503 2111 572; x_wconf 88' lang='grc' dir='ltr'><strong>Μ.</strong></span> <span class='ocrx_word' id='word_1_13' title='bbox 2156 500 2285 571; x_wconf 90' lang='grc'><strong>161</strong></span> <span class='ocrx_word' id='word_1_14' title='bbox 2316 525 2377 589; x_wconf 87' lang='grc'><strong>1,</strong></span> <span class='ocrx_word' id='word_1_15' title='bbox 2405 502 2515 571; x_wconf 86' lang='lat' dir='ltr'><strong>cui</strong></span> <span class='ocrx_word' id='word_1_16' title='bbox 2542 502 2653 571; x_wconf 85' lang='lat' dir='ltr'><strong>ed.</strong></span> 
     </span>
    </p>
   </div>
   <div class='ocr_carea' id='block_1_2' title="bbox 525 608 2655 1555">
    <p class='ocr_par' dir='ltr' id='par_1_2' title="bbox 525 608 2655 1555">
     <span class='ocr_line' id='line_1_3' title="bbox 526 608 2654 705; baseline -0.001 -25"><span class='ocrx_word' id='word_1_17' title='bbox 526 636 860 681; x_wconf 78' lang='lat' dir='ltr'><strong>accessere</strong></span> <span class='ocrx_word' id='word_1_18' title='bbox 897 612 1182 705; x_wconf 85' lang='lat' dir='ltr'><strong>Panegg.</strong></span> <span class='ocrx_word' id='word_1_19' title='bbox 1229 626 1483 681; x_wconf 81' lang='lat' dir='ltr'><strong>veteres</strong></span> <span class='ocrx_word' id='word_1_20' title='bbox 1525 613 1665 705; x_wconf 85' lang='lat' dir='ltr'><strong>jam</strong></span> <span class='ocrx_word' id='word_1_21' title='bbox 1716 624 1871 681; x_wconf 86' lang='lat' dir='ltr'><strong>ante</strong></span> <span class='ocrx_word' id='word_1_22' title='bbox 1920 608 2423 703; x_wconf 76' lang='lat' dir='ltr'>quadriennium</span> <span class='ocrx_word' id='word_1_23' title='bbox 2478 632 2517 676; x_wconf 86' lang='lat' dir='ltr'><strong>a</strong></span> <span class='ocrx_word' id='word_1_24' title='bbox 2578 634 2654 677; x_wconf 85' lang='lat' dir='ltr'><strong>se</strong></span> 
     </span>
     <span class='ocr_line' id='line_1_4' title="bbox 527 713 2653 813; baseline -0.002 -28"><span class='ocrx_word' id='word_1_25' title='bbox 527 716 704 786; x_wconf 89' lang='lat' dir='ltr'><strong>editi.</strong></span> <span class='ocrx_word' id='word_1_26' title='bbox 750 716 1122 787; x_wconf 83' lang='lat' dir='ltr'><strong>Editionem</strong></span> <span class='ocrx_word' id='word_1_27' title='bbox 1169 717 2167 813; x_wconf 85' lang='lat' dir='ltr'><strong>Stephano-Casaubonianam‚</strong></span> <span class='ocrx_word' id='word_1_28' title='bbox 2218 714 2304 781; x_wconf 88' lang='lat' dir='ltr'><strong>ad</strong></span> <span class='ocrx_word' id='word_1_29' title='bbox 2342 713 2653 782; x_wconf 85' lang='lat' dir='ltr'><strong>ultimum</strong></span> 
     </span>
     <span class='ocr_line' id='line_1_5' title="bbox 541 819 2655 919; baseline -0.001 -29"><span class='ocrx_word' id='word_1_30' title='bbox 541 820 733 893; x_wconf 79' lang='lat'><strong>1620</strong></span> <span class='ocrx_word' id='word_1_31' title='bbox 763 838 833 891; x_wconf 78' lang='lat' dir='ltr'><strong>et</strong></span> <span class='ocrx_word' id='word_1_32' title='bbox 882 820 1071 893; x_wconf 75' lang='grc'><strong>1633</strong></span> <span class='ocrx_word' id='word_1_33' title='bbox 1113 826 1404 893; x_wconf 78' lang='lat' dir='ltr'><strong>Genevae</strong></span> <span class='ocrx_word' id='word_1_34' title='bbox 1441 826 1819 919; x_wconf 81' lang='lat' dir='ltr'>repetitam,</span> <span class='ocrx_word' id='word_1_35' title='bbox 1859 824 2193 916; x_wconf 80' lang='lat' dir='ltr'><strong>excipiunt</strong></span> <span class='ocrx_word' id='word_1_36' title='bbox 2224 819 2655 889; x_wconf 74' lang='lat' dir='ltr'><strong>Elzevirianae</strong></span> 
     </span>
     <span class='ocr_line' id='line_1_6' title="bbox 525 924 2649 1024; baseline -0.002 -25"><span class='ocrx_word' id='word_1_37' title='bbox 525 942 834 999; x_wconf 83' lang='lat' dir='ltr'><strong>accurate</strong></span> <span class='ocrx_word' id='word_1_38' title='bbox 875 942 944 997; x_wconf 85' lang='lat' dir='ltr'><strong>et</strong></span> <span class='ocrx_word' id='word_1_39' title='bbox 983 928 1319 1024; x_wconf 82' lang='lat' dir='ltr'><strong>eleganter</strong></span> <span class='ocrx_word' id='word_1_40' title='bbox 1364 954 1686 1024; x_wconf 82' lang='lat' dir='ltr'><strong>expressae</strong></span> <span class='ocrx_word' id='word_1_41' title='bbox 1710 976 1729 1011; x_wconf 82' lang='lat'><strong>‚-</strong></span> <span class='ocrx_word' id='word_1_42' title='bbox 1788 931 2002 1023; x_wconf 85' lang='lat' dir='ltr'><strong>prima</strong></span> <span class='ocrx_word' id='word_1_43' title='bbox 2054 924 2246 1011; x_wconf 91' lang='grc'><strong>1640</strong></span> <span class='ocrx_word' id='word_1_44' title='bbox 2272 980 2293 1013; x_wconf 94' lang='grc'><strong>,</strong></span> <span class='ocrx_word' id='word_1_45' title='bbox 2330 925 2519 1019; x_wconf 87' lang='lat' dir='ltr'><strong>cujus</strong></span> <span class='ocrx_word' id='word_1_46' title='bbox 2564 927 2649 995; x_wconf 83' lang='lat' dir='ltr'><strong>ad</strong></span> 
     </span>
     <span class='ocr_line' id='line_1_7' title="bbox 529 1029 2651 1129; baseline -0.002 -25"><span class='ocrx_word' id='word_1_47' title='bbox 529 1034 774 1105; x_wconf 80' lang='lat' dir='ltr'><strong>calcem</strong></span> <span class='ocrx_word' id='word_1_48' title='bbox 819 1058 992 1103; x_wconf 82' lang='lat' dir='ltr'><strong>varr.</strong></span> <span class='ocrx_word' id='word_1_49' title='bbox 1033 1034 1208 1104; x_wconf 86' lang='lat' dir='ltr'><strong>lectt.</strong></span> <span class='ocrx_word' id='word_1_50' title='bbox 1251 1035 1509 1129; x_wconf 82' lang='lat' dir='ltr'><strong>rejectae</strong></span> <span class='ocrx_word' id='word_1_51' title='bbox 1558 1050 1753 1120; x_wconf 85' lang='lat' dir='ltr'><strong>sunt,</strong></span> <span class='ocrx_word' id='word_1_52' title='bbox 1804 1033 2010 1102; x_wconf 83' lang='lat' dir='ltr'><strong>altera</strong></span> <span class='ocrx_word' id='word_1_53' title='bbox 2077 1029 2310 1117; x_wconf 83' lang='grc'><strong>1653,</strong></span> <span class='ocrx_word' id='word_1_54' title='bbox 2348 1046 2418 1100; x_wconf 84' lang='lat' dir='ltr'><strong>et</strong></span> <span class='ocrx_word' id='word_1_55' title='bbox 2460 1036 2651 1101; x_wconf 85' lang='lat' dir='ltr'><strong>tertia</strong></span> 
     </span>
     <span class='ocr_line' id='line_1_8' title="bbox 539 1138 2652 1237; baseline -0.002 -28"><span class='ocrx_word' id='word_1_56' title='bbox 539 1138 766 1236; x_wconf 84' lang='lat'><strong>1659,</strong></span> <span class='ocrx_word' id='word_1_57' title='bbox 809 1166 886 1209; x_wconf 89' lang='lat' dir='ltr'><strong>ex</strong></span> <span class='ocrx_word' id='word_1_58' title='bbox 923 1142 1020 1209; x_wconf 87' lang='lat' dir='ltr'><strong>M.</strong></span> <span class='ocrx_word' id='word_1_59' title='bbox 1060 1144 1133 1209; x_wconf 90' lang='lat' dir='ltr'><strong>Z.</strong></span> <span class='ocrx_word' id='word_1_60' title='bbox 1179 1143 1563 1212; x_wconf 76' lang='lat' dir='ltr'><strong>Boxllorm&#39;i</strong></span> <span class='ocrx_word' id='word_1_61' title='bbox 1596 1142 1861 1237; x_wconf 88' lang='lat' dir='ltr'><strong>ingenio</strong></span> <span class='ocrx_word' id='word_1_62' title='bbox 1902 1138 2403 1209; x_wconf 78' lang='lat' dir='ltr'><strong>emendatiores,</strong></span> <span class='ocrx_word' id='word_1_63' title='bbox 2444 1140 2652 1206; x_wconf 84' lang='lat' dir='ltr'><strong>luter·</strong></span> 
     </span>
     <span class='ocr_line' id='line_1_9' title="bbox 531 1244 2651 1343; baseline 0.001 -33"><span class='ocrx_word' id='word_1_64' title='bbox 531 1260 804 1315; x_wconf 80' lang='lat' dir='ltr'><strong>venerat</strong></span> <span class='ocrx_word' id='word_1_65' title='bbox 819 1249 1014 1316; x_wconf 85' lang='lat' dir='ltr'><strong>etiam</strong></span> <span class='ocrx_word' id='word_1_66' title='bbox 1037 1273 1076 1317; x_wconf 91' lang='lat' dir='ltr'><strong>e</strong></span> <span class='ocrx_word' id='word_1_67' title='bbox 1099 1250 1451 1317; x_wconf 85' lang='lat' dir='ltr'><strong>Germanis</strong></span> <span class='ocrx_word' id='word_1_68' title='bbox 1468 1252 1636 1343; x_wconf 87' lang='lat' dir='ltr'>Aug.</span> <span class='ocrx_word' id='word_1_69' title='bbox 1669 1247 2081 1331; x_wconf 78' lang='lat' dir='ltr'><strong>Buchnencs,</strong></span> <span class='ocrx_word' id='word_1_70' title='bbox 2104 1244 2291 1337; x_wconf 84' lang='lat' dir='ltr'><strong>cujus</strong></span> <span class='ocrx_word' id='word_1_71' title='bbox 2302 1244 2651 1312; x_wconf 79' lang='lat' dir='ltr'><strong>Animadv.</strong></span> 
     </span>
     <span class='ocr_line' id='line_1_10' title="bbox 541 1349 2651 1444; baseline 0 -25"><span class='ocrx_word' id='word_1_72' title='bbox 541 1350 734 1437; x_wconf 89' lang='grc'><strong>1644</strong></span> <span class='ocrx_word' id='word_1_73' title='bbox 777 1351 1024 1435; x_wconf 82' lang='lat' dir='ltr'><strong>editas,</strong></span> <span class='ocrx_word' id='word_1_74' title='bbox 1077 1353 1228 1423; x_wconf 88' lang='lat' dir='ltr'><strong>dein</strong></span> <span class='ocrx_word' id='word_1_75' title='bbox 1278 1351 1505 1440; x_wconf 83' lang='lat'>1650,</span> <span class='ocrx_word' id='word_1_76' title='bbox 1546 1352 1745 1423; x_wconf 81' lang='lat' dir='ltr'><strong>Andr.</strong></span> <span class='ocrx_word' id='word_1_77' title='bbox 1780 1358 2053 1423; x_wconf 66' lang='lat' dir='ltr'><strong>Bivium</strong></span> <span class='ocrx_word' id='word_1_78' title='bbox 2088 1351 2431 1444; x_wconf 82' lang='lat' dir='ltr'><strong>conjunxit</strong></span> <span class='ocrx_word' id='word_1_79' title='bbox 2482 1349 2651 1419; x_wconf 83' lang='lat' dir='ltr'><strong>lectt.</strong></span> 
     </span>
     <span class='ocr_line' id='line_1_11' title="bbox 529 1459 2650 1555; baseline 0 -33"><span class='ocrx_word' id='word_1_80' title='bbox 529 1480 701 1525; x_wconf 74' lang='lat' dir='ltr'><strong>varr.</strong></span> <span class='ocrx_word' id='word_1_81' title='bbox 745 1461 831 1526; x_wconf 84' lang='grc' dir='ltr'><strong>Η.</strong></span> <span class='ocrx_word' id='word_1_82' title='bbox 865 1460 1218 1554; x_wconf 81' lang='lat' dir='ltr'><strong>Stephani,</strong></span> <span class='ocrx_word' id='word_1_83' title='bbox 1257 1462 1563 1555; x_wconf 89' lang='lat' dir='ltr'><strong>notisque</strong></span> <span class='ocrx_word' id='word_1_84' title='bbox 1598 1460 1883 1529; x_wconf 87' lang='lat' dir='ltr'><strong>Casaub.</strong></span> <span class='ocrx_word' id='word_1_85' title='bbox 1923 1472 1990 1527; x_wconf 84' lang='lat' dir='ltr'><strong>et</strong></span> <span class='ocrx_word' id='word_1_86' title='bbox 2022 1460 2135 1539; x_wconf 87' lang='lat' dir='ltr'><strong>iis,</strong></span> <span class='ocrx_word' id='word_1_87' title='bbox 2164 1480 2312 1551; x_wconf 65' lang='lat' dir='ltr'><strong>quae</strong></span> <span class='ocrx_word' id='word_1_88' title='bbox 2344 1482 2426 1524; x_wconf 85' lang='lat' dir='ltr'><strong>ex</strong></span> <span class='ocrx_word' id='word_1_89' title='bbox 2458 1459 2650 1550; x_wconf 83' lang='lat' dir='ltr'><strong>Casp.</strong></span> 
     </span>
    </p>
   </div>
   <div class='ocr_carea' id='block_1_3' title="bbox 531 1563 2802 1661">
    <p class='ocr_par' dir='ltr' id='par_1_3' title="bbox 531 1563 2802 1661">
     <span class='ocr_line' id='line_1_12' title="bbox 531 1563 2802 1661; baseline -0.002 -28"><span class='ocrx_word' id='word_1_90' title='bbox 531 1563 802 1635; x_wconf 66' lang='lat' dir='ltr'><strong>Barcha·</strong></span> <span class='ocrx_word' id='word_1_91' title='bbox 829 1564 1232 1636; x_wconf 86' lang='lat' dir='ltr'><strong>Adversariis</strong></span> <span class='ocrx_word' id='word_1_92' title='bbox 1268 1563 1623 1661; x_wconf 84' lang='lat' dir='ltr'><strong>collegerat</strong></span> <span class='ocrx_word' id='word_1_93' title='bbox 1658 1565 1741 1635; x_wconf 91' lang='lat' dir='ltr'><strong>ad</strong></span> <span class='ocrx_word' id='word_1_94' title='bbox 1780 1568 1948 1659; x_wconf 89' lang='lat' dir='ltr'><strong>Epp.</strong></span> <span class='ocrx_word' id='word_1_95' title='bbox 1982 1578 2050 1633; x_wconf 90' lang='lat' dir='ltr'><strong>et</strong></span> <span class='ocrx_word' id='word_1_96' title='bbox 2070 1564 2308 1657; x_wconf 71' lang='lat' dir='ltr'><strong>Pane-g.</strong></span> <span class='ocrx_word' id='word_1_97' title='bbox 2338 1564 2499 1631; x_wconf 81' lang='grc' dir='ltr'><strong>ΧΠ.</strong></span> <span class='ocrx_word' id='word_1_98' title='bbox 2530 1566 2653 1630; x_wconf 85' lang='lat' dir='ltr'><strong>Re·</strong></span> <span class='ocrx_word' id='word_1_99' title='bbox 2800 1596 2802 1603; x_wconf 93' lang='lat'>·</span> 
     </span>
    </p>
   </div>
   <div class='ocr_carea' id='block_1_4' title="bbox 529 1669 2657 2297">
    <p class='ocr_par' dir='ltr' id='par_1_4' title="bbox 529 1669 1918 1762">
     <span class='ocr_line' id='line_1_13' title="bbox 529 1669 1918 1762; baseline 0.001 -25"><span class='ocrx_word' id='word_1_100' title='bbox 529 1671 730 1762; x_wconf 85' lang='lat' dir='ltr'><strong>petita</strong></span> <span class='ocrx_word' id='word_1_101' title='bbox 763 1673 962 1739; x_wconf 86' lang='lat' dir='ltr'><strong>etiam</strong></span> <span class='ocrx_word' id='word_1_102' title='bbox 1008 1687 1109 1742; x_wconf 86' lang='lat' dir='ltr'><strong>est</strong></span> <span class='ocrx_word' id='word_1_103' title='bbox 1143 1672 1282 1742; x_wconf 78' lang='lat' dir='ltr'><strong>haec</strong></span> <span class='ocrx_word' id='word_1_104' title='bbox 1311 1672 1512 1741; x_wconf 89' lang='lat' dir='ltr'><strong>editio</strong></span> <span class='ocrx_word' id='word_1_105' title='bbox 1555 1698 1658 1742; x_wconf 89' lang='lat' dir='ltr'><strong>an.</strong></span> <span class='ocrx_word' id='word_1_106' title='bbox 1701 1669 1918 1743; x_wconf 83' lang='lat'><strong>1665.</strong></span> 
     </span>
    </p>

    <p class='ocr_par' dir='ltr' id='par_1_5' title="bbox 531 1776 2657 2297">
     <span class='ocr_line' id='line_1_14' title="bbox 635 1776 2655 1872; baseline -0.001 -29"><span class='ocrx_word' id='word_1_107' title='bbox 635 1778 1102 1872; x_wconf 59' lang='lat' dir='ltr'><strong>Panegyrthm·</strong></span> <span class='ocrx_word' id='word_1_108' title='bbox 1133 1778 1359 1866; x_wconf 84' lang='lat' dir='ltr'><strong>Plinii,</strong></span> <span class='ocrx_word' id='word_1_109' title='bbox 1399 1777 1503 1846; x_wconf 83' lang='lat' dir='ltr'><strong>vel</strong></span> <span class='ocrx_word' id='word_1_110' title='bbox 1540 1802 1693 1847; x_wconf 89' lang='lat' dir='ltr'><strong>cum</strong></span> <span class='ocrx_word' id='word_1_111' title='bbox 1728 1778 1937 1845; x_wconf 90' lang='lat' dir='ltr'><strong>choro</strong></span> <span class='ocrx_word' id='word_1_112' title='bbox 1958 1791 2347 1845; x_wconf 61' lang='lat' dir='ltr'><strong>caeterorum</strong></span> <span class='ocrx_word' id='word_1_113' title='bbox 2374 1776 2655 1868; x_wconf 72' lang='lat' dir='ltr'><strong>Panegy-</strong></span> 
     </span>
     <span class='ocr_line' id='line_1_15' title="bbox 532 1880 2656 1977; baseline -0.001 -28"><span class='ocrx_word' id='word_1_114' title='bbox 532 1884 819 1951; x_wconf 83' lang='lat' dir='ltr'><strong>ricorum</strong></span> <span class='ocrx_word' id='word_1_115' title='bbox 844 1937 865 1968; x_wconf 87' lang='lat'>‚</span> <span class='ocrx_word' id='word_1_116' title='bbox 902 1882 1005 1951; x_wconf 84' lang='lat' dir='ltr'><strong>vel</strong></span> <span class='ocrx_word' id='word_1_117' title='bbox 1034 1885 1161 1951; x_wconf 89' lang='lat' dir='ltr'><strong>isto</strong></span> <span class='ocrx_word' id='word_1_118' title='bbox 1189 1886 1506 1953; x_wconf 81' lang='lat' dir='ltr'><strong>comitatu</strong></span> <span class='ocrx_word' id='word_1_119' title='bbox 1536 1896 1913 1977; x_wconf 84' lang='lat' dir='ltr'><strong>segregatus</strong></span> <span class='ocrx_word' id='word_1_120' title='bbox 1934 1934 1953 1964; x_wconf 89' lang='lat'>‚</span> <span class='ocrx_word' id='word_1_121' title='bbox 1980 1880 2259 1975; x_wconf 82' lang='lat' dir='ltr'><strong>profecit</strong></span> <span class='ocrx_word' id='word_1_122' title='bbox 2287 1894 2355 1949; x_wconf 91' lang='lat' dir='ltr'><strong>et</strong></span> <span class='ocrx_word' id='word_1_123' title='bbox 2382 1880 2656 1949; x_wconf 85' lang='lat' dir='ltr'><strong>subinde</strong></span> 
     </span>
     <span class='ocr_line' id='line_1_16' title="bbox 531 1984 2657 2083; baseline -0.001 -28"><span class='ocrx_word' id='word_1_124' title='bbox 531 1987 616 2056; x_wconf 90' lang='lat' dir='ltr'><strong>ad</strong></span> <span class='ocrx_word' id='word_1_125' title='bbox 642 1987 830 2057; x_wconf 83' lang='lat' dir='ltr'><strong>Plinii</strong></span> <span class='ocrx_word' id='word_1_126' title='bbox 859 1988 1168 2083; x_wconf 73' lang='lat' dir='ltr'><strong>epistolas</strong></span> <span class='ocrx_word' id='word_1_127' title='bbox 1196 1992 1488 2060; x_wconf 83' lang='lat' dir='ltr'><strong>accessit.</strong></span> <span class='ocrx_word' id='word_1_128' title='bbox 1520 1992 1723 2061; x_wconf 82' lang='lat' dir='ltr'><strong>Henr.</strong></span> <span class='ocrx_word' id='word_1_129' title='bbox 1746 1986 2117 2083; x_wconf 82' lang='lat' dir='ltr'><strong>Stephanus</strong></span> <span class='ocrx_word' id='word_1_130' title='bbox 2148 1984 2414 2079; x_wconf 85' lang='lat' dir='ltr'><strong>quidem</strong></span> <span class='ocrx_word' id='word_1_131' title='bbox 2446 1988 2657 2053; x_wconf 83' lang='lat' dir='ltr'><strong>miuus</strong></span> 
     </span>
     <span class='ocr_line' id='line_1_17' title="bbox 533 2091 2655 2187; baseline -0.001 -26"><span class='ocrx_word' id='word_1_132' title='bbox 533 2094 616 2163; x_wconf 86' lang='lat' dir='ltr'><strong>de</strong></span> <span class='ocrx_word' id='word_1_133' title='bbox 665 2092 792 2164; x_wconf 87' lang='lat' dir='ltr'><strong>illis</strong></span> <span class='ocrx_word' id='word_1_134' title='bbox 844 2095 1270 2165; x_wconf 80' lang='lat' dir='ltr'><strong>emendandis</strong></span> <span class='ocrx_word' id='word_1_135' title='bbox 1323 2091 1677 2173; x_wconf 73' lang='lat' dir='ltr'><strong>sollicitus.</strong></span> <span class='ocrx_word' id='word_1_136' title='bbox 1718 2117 1917 2187; x_wconf 86' lang='lat' dir='ltr'><strong>quam</strong></span> <span class='ocrx_word' id='word_1_137' title='bbox 1968 2092 2055 2161; x_wconf 93' lang='lat' dir='ltr'><strong>de</strong></span> <span class='ocrx_word' id='word_1_138' title='bbox 2094 2107 2281 2161; x_wconf 80' lang='lat' dir='ltr'><strong>textu</strong></span> <span class='ocrx_word' id='word_1_139' title='bbox 2344 2091 2655 2185; x_wconf 85' lang='lat' dir='ltr'><strong>epistola-</strong></span> 
     </span>
     <span class='ocr_line' id='line_1_18' title="bbox 537 2198 2653 2297; baseline -0 -29"><span class='ocrx_word' id='word_1_140' title='bbox 537 2225 684 2269; x_wconf 87' lang='lat' dir='ltr'><strong>rum</strong></span> <span class='ocrx_word' id='word_1_141' title='bbox 715 2251 736 2287; x_wconf 91' lang='lat'>‚</span> <span class='ocrx_word' id='word_1_142' title='bbox 794 2204 1242 2272; x_wconf 80' lang='lat' dir='ltr'><strong>recensionem</strong></span> <span class='ocrx_word' id='word_1_143' title='bbox 1305 2204 1591 2297; x_wconf 84' lang='lat' dir='ltr'><strong>Panegg.</strong></span> <span class='ocrx_word' id='word_1_144' title='bbox 1654 2202 1789 2269; x_wconf 82' lang='lat' dir='ltr'><strong>xll</strong></span> <span class='ocrx_word' id='word_1_145' title='bbox 1834 2198 2101 2293; x_wconf 84' lang='lat' dir='ltr'><strong>reliquit</strong></span> <span class='ocrx_word' id='word_1_146' title='bbox 2149 2201 2251 2268; x_wconf 87' lang='lat' dir='ltr'><strong>Jo.</strong></span> <span class='ocrx_word' id='word_1_147' title='bbox 2302 2201 2605 2267; x_wconf 75' lang='lat' dir='ltr'><strong>Livineio</strong></span> <span class='ocrx_word' id='word_1_148' title='bbox 2634 2251 2653 2281; x_wconf 85' lang='lat'><strong><em>‚</em></strong></span> 
     </span>
    </p>
   </div>
   <div class='ocr_carea' id='block_1_5' title="bbox 535 2302 2802 2404">
    <p class='ocr_par' dir='ltr' id='par_1_6' title="bbox 535 2300 2802 2404">
     <span class='ocr_line' id='line_1_19' title="bbox 535 2302 2802 2404; baseline -0.002 -28"><span class='ocrx_word' id='word_1_149' title='bbox 535 2304 784 2402; x_wconf 67' lang='lat' dir='ltr'><strong>Belgae,</strong></span> <span class='ocrx_word' id='word_1_150' title='bbox 805 2309 1018 2402; x_wconf 87' lang='lat' dir='ltr'><strong>quiex</strong></span> <span class='ocrx_word' id='word_1_151' title='bbox 1051 2332 1128 2379; x_wconf 87' lang='lat' dir='ltr'><strong>ea</strong></span> <span class='ocrx_word' id='word_1_152' title='bbox 1167 2310 1561 2404; x_wconf 75' lang='lat' dir='ltr'><strong>praecipuam</strong></span> <span class='ocrx_word' id='word_1_153' title='bbox 1582 2306 1843 2378; x_wconf 86' lang='lat' dir='ltr'><strong>laudem</strong></span> <span class='ocrx_word' id='word_1_154' title='bbox 1880 2306 2129 2402; x_wconf 85' lang='lat' dir='ltr'><strong>reperit</strong></span> <span class='ocrx_word' id='word_1_155' title='bbox 2160 2305 2229 2372; x_wconf 90' lang='lat' dir='ltr'><strong>in</strong></span> <span class='ocrx_word' id='word_1_156' title='bbox 2251 2302 2657 2374; x_wconf 76' lang='lat' dir='ltr'><strong>plantiniana</strong></span> <span class='ocrx_word' id='word_1_157' title='bbox 2800 2389 2802 2396; x_wconf 26' lang='grc' dir='ltr'>Ι</span> 
     </span>
    </p>
   </div>
   <div class='ocr_carea' id='block_1_6' title="bbox 535 2409 2666 4097">
    <p class='ocr_par' dir='ltr' id='par_1_7' title="bbox 535 2409 2666 4097">
     <span class='ocr_line' id='line_1_20' title="bbox 546 2409 2657 2509; baseline -0.001 -28"><span class='ocrx_word' id='word_1_158' title='bbox 546 2437 570 2481; x_wconf 98' lang='grc'><strong>1</strong></span> <span class='ocrx_word' id='word_1_159' title='bbox 591 2411 762 2509; x_wconf 89' lang='grc'><strong>599.</strong></span> <span class='ocrx_word' id='word_1_160' title='bbox 797 2417 889 2482; x_wconf 89' lang='lat' dir='ltr'><strong>Et</strong></span> <span class='ocrx_word' id='word_1_161' title='bbox 915 2418 1140 2483; x_wconf 83' lang='lat' dir='ltr'><strong>Justus</strong></span> <span class='ocrx_word' id='word_1_162' title='bbox 1179 2419 1449 2509; x_wconf 69' lang='lat' dir='ltr'><strong>Llpsius</strong></span> <span class='ocrx_word' id='word_1_163' title='bbox 1474 2439 1683 2483; x_wconf 86' lang='lat' dir='ltr'><strong>unum</strong></span> <span class='ocrx_word' id='word_1_164' title='bbox 1724 2410 1913 2500; x_wconf 87' lang='lat' dir='ltr'><strong>Plinii</strong></span> <span class='ocrx_word' id='word_1_165' title='bbox 1946 2415 2183 2505; x_wconf 85' lang='lat' dir='ltr'><strong>Paneg.</strong></span> <span class='ocrx_word' id='word_1_166' title='bbox 2211 2427 2537 2506; x_wconf 87' lang='lat' dir='ltr'><strong>perpetuo</strong></span> <span class='ocrx_word' id='word_1_167' title='bbox 2578 2409 2657 2478; x_wconf 91' lang='lat' dir='ltr'><strong>il-</strong></span> 
     </span>
     <span class='ocr_line' id='line_1_21' title="bbox 535 2513 2657 2606; baseline -0 -21"><span class='ocrx_word' id='word_1_168' title='bbox 535 2515 838 2588; x_wconf 82' lang='lat' dir='ltr'><strong>lustravit</strong></span> <span class='ocrx_word' id='word_1_169' title='bbox 871 2522 1350 2590; x_wconf 87' lang='lat' dir='ltr'><strong>commentario</strong></span> <span class='ocrx_word' id='word_1_170' title='bbox 1391 2545 1499 2589; x_wconf 86' lang='lat' dir='ltr'><strong>an.</strong></span> <span class='ocrx_word' id='word_1_171' title='bbox 1546 2517 1783 2606; x_wconf 87' lang='lat'>1600,</span> <span class='ocrx_word' id='word_1_172' title='bbox 1820 2543 2056 2588; x_wconf 83' lang='lat' dir='ltr'><strong>recuso</strong></span> <span class='ocrx_word' id='word_1_173' title='bbox 2103 2513 2299 2602; x_wconf 91' lang='grc'><strong>1604</strong></span> <span class='ocrx_word' id='word_1_174' title='bbox 2332 2570 2353 2603; x_wconf 95' lang='grc'><strong>,</strong></span> <span class='ocrx_word' id='word_1_175' title='bbox 2410 2515 2602 2586; x_wconf 79' lang='lat'><strong>1622</strong></span> <span class='ocrx_word' id='word_1_176' title='bbox 2638 2567 2657 2597; x_wconf 88' lang='lat'>‚</span> 
     </span>
     <span class='ocr_line' id='line_1_22' title="bbox 554 2621 2659 2720; baseline 0 -29"><span class='ocrx_word' id='word_1_177' title='bbox 554 2621 744 2694; x_wconf 77' lang='lat'><strong>1652</strong></span> <span class='ocrx_word' id='word_1_178' title='bbox 803 2639 873 2692; x_wconf 86' lang='lat' dir='ltr'><strong>ct</strong></span> <span class='ocrx_word' id='word_1_179' title='bbox 923 2624 1059 2720; x_wconf 80' lang='lat'><strong>167</strong></span> <span class='ocrx_word' id='word_1_180' title='bbox 1081 2651 1102 2694; x_wconf 90' lang='lat'>1</span> <span class='ocrx_word' id='word_1_181' title='bbox 1123 2678 1137 2694; x_wconf 89' lang='lat'><strong><em>.</em></strong></span> <span class='ocrx_word' id='word_1_182' title='bbox 1189 2629 1393 2696; x_wconf 88' lang='lat' dir='ltr'><strong>Conr.</strong></span> <span class='ocrx_word' id='word_1_183' title='bbox 1440 2627 1921 2696; x_wconf 69' lang='lat' dir='ltr'><strong>Rittershusim</strong></span> <span class='ocrx_word' id='word_1_184' title='bbox 1965 2623 2273 2716; x_wconf 78' lang='lat' dir='ltr'><strong>reliquias</strong></span> <span class='ocrx_word' id='word_1_185' title='bbox 2314 2623 2659 2714; x_wconf 85' lang='lat' dir='ltr'><strong>conjectu-</strong></span> 
     </span>
     <span class='ocr_line' id='line_1_23' title="bbox 539 2727 2661 2828; baseline 0 -32"><span class='ocrx_word' id='word_1_186' title='bbox 539 2753 763 2797; x_wconf 86' lang='lat' dir='ltr'><strong>rarum</strong></span> <span class='ocrx_word' id='word_1_187' title='bbox 793 2731 862 2797; x_wconf 90' lang='lat' dir='ltr'><strong>in</strong></span> <span class='ocrx_word' id='word_1_188' title='bbox 901 2730 1156 2801; x_wconf 73' lang='lat' dir='ltr'><strong>veteres</strong></span> <span class='ocrx_word' id='word_1_189' title='bbox 1187 2735 1474 2828; x_wconf 84' lang='lat' dir='ltr'><strong>Panegg.</strong></span> <span class='ocrx_word' id='word_1_190' title='bbox 1524 2731 1717 2817; x_wconf 90' lang='grc'><strong>1604</strong></span> <span class='ocrx_word' id='word_1_191' title='bbox 1764 2731 1988 2800; x_wconf 83' lang='lat' dir='ltr'><strong>edidit.</strong></span> <span class='ocrx_word' id='word_1_192' title='bbox 2010 2727 2140 2798; x_wconf 89' lang='lat' dir='ltr'><strong>Sed</strong></span> <span class='ocrx_word' id='word_1_193' title='bbox 2172 2729 2453 2798; x_wconf 85' lang='lat' dir='ltr'><strong>Livineii</strong></span> <span class='ocrx_word' id='word_1_194' title='bbox 2490 2731 2661 2797; x_wconf 84' lang='lat' dir='ltr'><strong>curis</strong></span> 
     </span>
     <span class='ocr_line' id='line_1_24' title="bbox 537 2833 2660 2933; baseline 0 -32"><span class='ocrx_word' id='word_1_195' title='bbox 537 2837 606 2902; x_wconf 87' lang='lat' dir='ltr'><strong>in</strong></span> <span class='ocrx_word' id='word_1_196' title='bbox 653 2859 886 2906; x_wconf 86' lang='lat' dir='ltr'><strong>omnes</strong></span> <span class='ocrx_word' id='word_1_197' title='bbox 925 2839 1208 2933; x_wconf 83' lang='lat' dir='ltr'><strong>Panegg.</strong></span> <span class='ocrx_word' id='word_1_198' title='bbox 1249 2865 1400 2909; x_wconf 88' lang='lat' dir='ltr'><strong>suas</strong></span> <span class='ocrx_word' id='word_1_199' title='bbox 1440 2838 1784 2932; x_wconf 84' lang='lat' dir='ltr'><strong>conjunxit</strong></span> <span class='ocrx_word' id='word_1_200' title='bbox 1826 2836 2169 2930; x_wconf 85' lang='lat' dir='ltr'><strong>religiosus</strong></span> <span class='ocrx_word' id='word_1_201' title='bbox 2208 2833 2423 2902; x_wconf 88' lang='lat' dir='ltr'><strong>editor</strong></span> <span class='ocrx_word' id='word_1_202' title='bbox 2460 2837 2660 2902; x_wconf 85' lang='lat' dir='ltr'><strong>Janus</strong></span> 
     </span>
     <span class='ocr_line' id='line_1_25' title="bbox 542 2941 2661 3039; baseline -0.001 -29"><span class='ocrx_word' id='word_1_203' title='bbox 542 2943 905 3029; x_wconf 62' lang='lat' dir='ltr'><strong>Gnaeus-5,</strong></span> <span class='ocrx_word' id='word_1_204' title='bbox 954 2944 1338 3039; x_wconf 75' lang='lat' dir='ltr'><strong>addiditque</strong></span> <span class='ocrx_word' id='word_1_205' title='bbox 1379 2946 1577 3014; x_wconf 89' lang='lat' dir='ltr'><strong>etiam</strong></span> <span class='ocrx_word' id='word_1_206' title='bbox 1618 2943 1766 3012; x_wconf 81' lang='lat' dir='ltr'><strong>val.</strong></span> <span class='ocrx_word' id='word_1_207' title='bbox 1810 2941 2082 3012; x_wconf 84' lang='lat' dir='ltr'><strong>Acidalii</strong></span> <span class='ocrx_word' id='word_1_208' title='bbox 2130 2955 2199 3008; x_wconf 90' lang='lat' dir='ltr'><strong>et</strong></span> <span class='ocrx_word' id='word_1_209' title='bbox 2243 2941 2661 3008; x_wconf 86' lang='lat' dir='ltr'><strong>Rittershusii</strong></span> 
     </span>
     <span class='ocr_line' id='line_1_26' title="bbox 543 3045 2661 3142; baseline -0.002 -24"><span class='ocrx_word' id='word_1_210' title='bbox 543 3048 961 3142; x_wconf 77' lang='lat' dir='ltr'><strong>conjecturas</strong></span> <span class='ocrx_word' id='word_1_211' title='bbox 999 3047 1024 3133; x_wconf 95' lang='lat'>(</span> <span class='ocrx_word' id='word_1_212' title='bbox 1055 3051 1232 3120; x_wconf 90' lang='lat' dir='ltr'><strong>unde</strong></span> <span class='ocrx_word' id='word_1_213' title='bbox 1267 3065 1422 3122; x_wconf 76' lang='lat' dir='ltr'><strong>aetas</strong></span> <span class='ocrx_word' id='word_1_214' title='bbox 1470 3051 1611 3120; x_wconf 83' lang='lat' dir='ltr'><strong>haee</strong></span> <span class='ocrx_word' id='word_1_215' title='bbox 1650 3050 2393 3118; x_wconf 73' lang='lat' dir='ltr'><strong>Livineio-Gnaen&#39;ana</strong></span> <span class='ocrx_word' id='word_1_216' title='bbox 2438 3045 2661 3141; x_wconf 85' lang='lat' dir='ltr'><strong>appel-</strong></span> 
     </span>
     <span class='ocr_line' id='line_1_27' title="bbox 539 3150 2663 3254; baseline -0.001 -31"><span class='ocrx_word' id='word_1_217' title='bbox 539 3153 734 3223; x_wconf 87' lang='lat' dir='ltr'><strong>landa</strong></span> <span class='ocrx_word' id='word_1_218' title='bbox 763 3157 935 3242; x_wconf 89' lang='lat' dir='ltr'><strong>est),</strong></span> <span class='ocrx_word' id='word_1_219' title='bbox 962 3181 1065 3224; x_wconf 88' lang='lat' dir='ltr'><strong>an.</strong></span> <span class='ocrx_word' id='word_1_220' title='bbox 1117 3156 1305 3254; x_wconf 80' lang='lat'>1607</span> <span class='ocrx_word' id='word_1_221' title='bbox 1327 3213 1347 3244; x_wconf 89' lang='lat'>‚</span> <span class='ocrx_word' id='word_1_222' title='bbox 1375 3158 1653 3252; x_wconf 81' lang='lat' dir='ltr'><strong>repetita</strong></span> <span class='ocrx_word' id='word_1_223' title='bbox 1689 3179 1844 3225; x_wconf 91' lang='lat' dir='ltr'><strong>cum</strong></span> <span class='ocrx_word' id='word_1_224' title='bbox 1876 3153 2045 3249; x_wconf 88' lang='lat' dir='ltr'><strong>Epp.</strong></span> <span class='ocrx_word' id='word_1_225' title='bbox 2089 3150 2217 3223; x_wconf 90' lang='grc'><strong>161</strong></span> <span class='ocrx_word' id='word_1_226' title='bbox 2246 3175 2303 3220; x_wconf 91' lang='grc'><strong>1.</strong></span> <span class='ocrx_word' id='word_1_227' title='bbox 2336 3156 2663 3222; x_wconf 84' lang='lat' dir='ltr'><strong>Gruterus</strong></span> 
     </span>
     <span class='ocr_line' id='line_1_28' title="bbox 539 3259 2662 3357; baseline -0.001 -29"><span class='ocrx_word' id='word_1_228' title='bbox 539 3261 607 3328; x_wconf 91' lang='lat' dir='ltr'><strong>in</strong></span> <span class='ocrx_word' id='word_1_229' title='bbox 641 3261 864 3356; x_wconf 79' lang='lat' dir='ltr'><strong>capita</strong></span> <span class='ocrx_word' id='word_1_230' title='bbox 891 3264 1140 3356; x_wconf 84' lang='lat' dir='ltr'><strong>primus</strong></span> <span class='ocrx_word' id='word_1_231' title='bbox 1167 3263 1462 3332; x_wconf 83' lang='lat' dir='ltr'><strong>distinxit</strong></span> <span class='ocrx_word' id='word_1_232' title='bbox 1476 3263 1954 3357; x_wconf 82' lang='lat' dir='ltr'><strong>Panegyricum</strong></span> <span class='ocrx_word' id='word_1_233' title='bbox 1986 3259 2197 3328; x_wconf 89' lang='lat' dir='ltr'><strong>Plinii.</strong></span> <span class='ocrx_word' id='word_1_234' title='bbox 2228 3261 2388 3328; x_wconf 85' lang='lat' dir='ltr'><strong>Post</strong></span> <span class='ocrx_word' id='word_1_235' title='bbox 2422 3283 2539 3326; x_wconf 88' lang='lat' dir='ltr'><strong>eos</strong></span> <span class='ocrx_word' id='word_1_236' title='bbox 2564 3283 2662 3326; x_wconf 85' lang='lat' dir='ltr'><strong>re-</strong></span> 
     </span>
     <span class='ocr_line' id='line_1_29' title="bbox 537 3362 2663 3460; baseline -0.002 -25"><span class='ocrx_word' id='word_1_237' title='bbox 537 3392 852 3438; x_wconf 82' lang='lat' dir='ltr'><strong>censuere</strong></span> <span class='ocrx_word' id='word_1_238' title='bbox 895 3371 989 3437; x_wconf 91' lang='grc' dir='ltr'><strong>Μ.</strong></span> <span class='ocrx_word' id='word_1_239' title='bbox 1037 3373 1106 3438; x_wconf 93' lang='grc' dir='ltr'><strong>Ζ.</strong></span> <span class='ocrx_word' id='word_1_240' title='bbox 1152 3369 1585 3439; x_wconf 72' lang='lat' dir='ltr'><strong>Boxhomius</strong></span> <span class='ocrx_word' id='word_1_241' title='bbox 1645 3364 1833 3438; x_wconf 80' lang='lat'>1632</span> <span class='ocrx_word' id='word_1_242' title='bbox 1861 3420 1881 3452; x_wconf 90' lang='lat'>‚</span> <span class='ocrx_word' id='word_1_243' title='bbox 1921 3379 1988 3435; x_wconf 89' lang='lat' dir='ltr'><strong>et</strong></span> <span class='ocrx_word' id='word_1_244' title='bbox 2030 3371 2459 3460; x_wconf 80' lang='lat' dir='ltr'><strong>Berneggero</strong></span> <span class='ocrx_word' id='word_1_245' title='bbox 2500 3362 2663 3432; x_wconf 90' lang='lat' dir='ltr'><strong>duce</strong></span> 
     </span>
     <span class='ocr_line' id='line_1_30' title="bbox 536 3469 2663 3570; baseline -0.002 -28"><span class='ocrx_word' id='word_1_246' title='bbox 536 3477 636 3543; x_wconf 80' lang='lat' dir='ltr'><strong>Jo.</strong></span> <span class='ocrx_word' id='word_1_247' title='bbox 689 3476 1254 3562; x_wconf 64' lang='lat' dir='ltr'><strong>Fnlrclzmcmmu,</strong></span> <span class='ocrx_word' id='word_1_248' title='bbox 1289 3477 1400 3570; x_wconf 88' lang='lat' dir='ltr'><strong>qui</strong></span> <span class='ocrx_word' id='word_1_249' title='bbox 1448 3478 1645 3546; x_wconf 86' lang='lat' dir='ltr'><strong>etiam</strong></span> <span class='ocrx_word' id='word_1_250' title='bbox 1698 3475 1765 3542; x_wconf 89' lang='lat' dir='ltr'><strong>in</strong></span> <span class='ocrx_word' id='word_1_251' title='bbox 1808 3474 2129 3542; x_wconf 87' lang='lat' dir='ltr'><strong>sectiones</strong></span> <span class='ocrx_word' id='word_1_252' title='bbox 2170 3469 2465 3540; x_wconf 84' lang='lat' dir='ltr'><strong>distinxit</strong></span> <span class='ocrx_word' id='word_1_253' title='bbox 2488 3523 2508 3555; x_wconf 88' lang='lat'>‚</span> <span class='ocrx_word' id='word_1_254' title='bbox 2548 3493 2663 3538; x_wconf 89' lang='lat' dir='ltr'><strong>no-</strong></span> 
     </span>
     <span class='ocr_line' id='line_1_31' title="bbox 539 3577 2663 3677; baseline -0.002 -30"><span class='ocrx_word' id='word_1_255' title='bbox 539 3595 770 3675; x_wconf 79' lang='lat' dir='ltr'><strong>tasque</strong></span> <span class='ocrx_word' id='word_1_256' title='bbox 805 3585 1047 3677; x_wconf 83' lang='lat' dir='ltr'><strong>Lipsii‚</strong></span> <span class='ocrx_word' id='word_1_257' title='bbox 1089 3584 1404 3666; x_wconf 83' lang='lat' dir='ltr'><strong>Livineii,</strong></span> <span class='ocrx_word' id='word_1_258' title='bbox 1434 3582 1742 3666; x_wconf 84' lang='lat' dir='ltr'><strong>Gruteri‚</strong></span> <span class='ocrx_word' id='word_1_259' title='bbox 1784 3578 2241 3661; x_wconf 83' lang='lat' dir='ltr'><strong>Rittershusii‚</strong></span> <span class='ocrx_word' id='word_1_260' title='bbox 2268 3577 2663 3670; x_wconf 84' lang='lat' dir='ltr'><strong>Berneggeri</strong></span> 
     </span>
     <span class='ocr_line' id='line_1_32' title="bbox 537 3683 2661 3784; baseline -0.002 -30"><span class='ocrx_word' id='word_1_261' title='bbox 537 3685 788 3756; x_wconf 86' lang='lat' dir='ltr'><strong>addidit</strong></span> <span class='ocrx_word' id='word_1_262' title='bbox 828 3687 1040 3762; x_wconf 82' lang='grc'><strong>1635.</strong></span> <span class='ocrx_word' id='word_1_263' title='bbox 1086 3688 1388 3784; x_wconf 82' lang='lat' dir='ltr'><strong>Amplior</strong></span> <span class='ocrx_word' id='word_1_264' title='bbox 1415 3702 1713 3757; x_wconf 86' lang='lat' dir='ltr'><strong>veterum</strong></span> <span class='ocrx_word' id='word_1_265' title='bbox 1751 3687 2045 3781; x_wconf 82' lang='lat' dir='ltr'><strong>Panegg.</strong></span> <span class='ocrx_word' id='word_1_266' title='bbox 2074 3685 2241 3752; x_wconf 84' lang='lat' dir='ltr'><strong>xlv</strong></span> <span class='ocrx_word' id='word_1_267' title='bbox 2274 3683 2475 3751; x_wconf 90' lang='lat' dir='ltr'><strong>editio</strong></span> <span class='ocrx_word' id='word_1_268' title='bbox 2515 3706 2661 3750; x_wconf 85' lang='lat' dir='ltr'><strong>cum</strong></span> 
     </span>
     <span class='ocr_line' id='line_1_33' title="bbox 539 3787 2662 3886; baseline -0.003 -25"><span class='ocrx_word' id='word_1_269' title='bbox 539 3794 712 3862; x_wconf 90' lang='lat' dir='ltr'><strong>notis</strong></span> <span class='ocrx_word' id='word_1_270' title='bbox 741 3797 936 3863; x_wconf 85' lang='lat' dir='ltr'><strong>Varr.</strong></span> <span class='ocrx_word' id='word_1_271' title='bbox 975 3810 1076 3866; x_wconf 85' lang='lat' dir='ltr'><strong>est</strong></span> <span class='ocrx_word' id='word_1_272' title='bbox 1109 3795 1403 3864; x_wconf 87' lang='lat' dir='ltr'><strong>Parisina</strong></span> <span class='ocrx_word' id='word_1_273' title='bbox 1444 3795 1527 3865; x_wconf 91' lang='lat' dir='ltr'><strong>cl.</strong></span> <span class='ocrx_word' id='word_1_274' title='bbox 1558 3799 1857 3864; x_wconf 77' lang='lat' dir='ltr'><strong>Puteani</strong></span> <span class='ocrx_word' id='word_1_275' title='bbox 1890 3789 2279 3886; x_wconf 85' lang='lat' dir='ltr'><strong>posthuma,</strong></span> <span class='ocrx_word' id='word_1_276' title='bbox 2332 3787 2562 3874; x_wconf 82' lang='grc'><strong>1643,</strong></span> <span class='ocrx_word' id='word_1_277' title='bbox 2596 3789 2662 3855; x_wconf 89' lang='grc' dir='ltr'><em>Π</em></span> 
     </span>
     <span class='ocr_line' id='line_1_34' title="bbox 541 3895 2659 3993; baseline -0.003 -29"><span class='ocrx_word' id='word_1_278' title='bbox 541 3897 673 3968; x_wconf 87' lang='lat' dir='ltr'><strong>vol.</strong></span> <span class='ocrx_word' id='word_1_279' title='bbox 717 3923 832 3968; x_wconf 88' lang='lat' dir='ltr'><strong>seu</strong></span> <span class='ocrx_word' id='word_1_280' title='bbox 893 3900 1106 3973; x_wconf 87' lang='grc'><strong>1655.</strong></span> <span class='ocrx_word' id='word_1_281' title='bbox 1153 3904 1498 3972; x_wconf 84' lang='lat' dir='ltr'><strong>Riviniana</strong></span> <span class='ocrx_word' id='word_1_282' title='bbox 1550 3901 1751 3970; x_wconf 84' lang='lat' dir='ltr'><strong>editio</strong></span> <span class='ocrx_word' id='word_1_283' title='bbox 1804 3902 1970 3993; x_wconf 83' lang='lat' dir='ltr'><strong>Epp.</strong></span> <span class='ocrx_word' id='word_1_284' title='bbox 2018 3895 2207 3965; x_wconf 87' lang='lat' dir='ltr'><strong>Plinii</strong></span> <span class='ocrx_word' id='word_1_285' title='bbox 2270 3909 2339 3964; x_wconf 91' lang='lat' dir='ltr'><strong>et</strong></span> <span class='ocrx_word' id='word_1_286' title='bbox 2380 3897 2659 3987; x_wconf 85' lang='lat' dir='ltr'><strong>Panegg.</strong></span> 
     </span>
     <span class='ocr_line' id='line_1_35' title="bbox 539 4000 2666 4097; baseline -0.002 -25"><span class='ocrx_word' id='word_1_287' title='bbox 539 4020 835 4075; x_wconf 83' lang='lat' dir='ltr'><strong>veterum</strong></span> <span class='ocrx_word' id='word_1_288' title='bbox 887 4005 1080 4077; x_wconf 87' lang='grc'><strong>1656</strong></span> <span class='ocrx_word' id='word_1_289' title='bbox 1115 4009 1240 4078; x_wconf 82' lang='lat' dir='ltr'><strong>hos</strong></span> <span class='ocrx_word' id='word_1_290' title='bbox 1269 4009 1534 4079; x_wconf 79' lang='lat' dir='ltr'><strong>exhibet</strong></span> <span class='ocrx_word' id='word_1_291' title='bbox 1576 4008 1715 4076; x_wconf 87' lang='lat' dir='ltr'><strong>sine</strong></span> <span class='ocrx_word' id='word_1_292' title='bbox 1744 4007 1951 4090; x_wconf 86' lang='lat' dir='ltr'><strong>notis,</strong></span> <span class='ocrx_word' id='word_1_293' title='bbox 1982 4019 2047 4071; x_wconf 91' lang='lat' dir='ltr'><strong>et</strong></span> <span class='ocrx_word' id='word_1_294' title='bbox 2089 4027 2166 4071; x_wconf 84' lang='lat' dir='ltr'><strong>ex</strong></span> <span class='ocrx_word' id='word_1_295' title='bbox 2208 4005 2291 4070; x_wconf 79' lang='lat' dir='ltr'><strong>H.</strong></span> <span class='ocrx_word' id='word_1_296' title='bbox 2338 4000 2666 4097; x_wconf 69' lang='lat' dir='ltr'><strong>Stephani</strong></span> 
     </span>
    </p>
   </div>
  </div>
 </body>
</html>
