2857 4690
743 345 1274 413 EPISTOLA
1325 346 1719 414 LXXXV.
2167 346 2303 443 189

180 468 280 560 qui
329 489 472 534 non
515 465 822 536 minores
839 465 1127 538 duorum
1181 482 1250 536 et
1289 468 1525 562 viginti
1566 492 1897 537 annorum
1924 483 2185 558 essent;
2235 486 2303 540 et

179 578 280 670 qui
303 576 727 672 accepissent
743 630 762 663 ‚
782 577 852 645 in
877 591 1184 646 senatum
1197 577 1521 673 cujusque
1552 567 1841 647 civitatis
1858 578 2303 672 pervenirent.

177 689 502 756 Caeterum
523 739 544 773 ‚
579 711 722 756 non
746 702 942 782 capto
980 689 1409 784 magistratu,
1450 713 1597 776 eos,
1627 687 1747 783 qui
1780 689 2073 758 minores
2105 691 2305 758 XXX

180 821 502 866 annorum
531 797 699 881 sint,
722 798 880 891 quia
904 798 1368 893 magistratum
1386 823 1624 894 capere
1642 799 1931 892 possint,
1951 799 2027 868 in
2050 799 2303 870 curiam

179 906 366 973 etiam
403 904 546 974 loci
581 907 906 1002 cujusque
941 931 1080 976 non
1123 908 1433 978 existimo
1474 907 1605 1003 legi
1636 931 1852 1006 posse.

179 1105 362 1176 piuant
376 1142 392 1168 ,
407 1105 466 1156 in
481 1117 731 1158 senatum
748 1124 798 1159 c.
813 1124 862 1158 c.
871 1067 1190 1175 pervenirent.
1289 1119 1535 1180 mcteque
1550 1105 1687 1162 adeo
1702 1143 1718 1172 ,
1738 1124 1925 1178 capere
1930 1110 2139 1176 possint.
2166 1107 2301 1160 Eme.

179 1181 268 1236 vel
279 1183 530 1256 paullum
540 1183 828 1238 attendenti
839 1184 1194 1257 patet,rescri·
1333 1217 1430 1240 .—-
1446 1189 1696 1239 Coecerum.
1720 1185 1766 1238 1.
1801 1203 1857 1258 q.
1882 1184 1992 1239 sed.
2014 1184 2143 1238 Vid.
2166 1187 2303 1238 Dra-

181 1261 399 1314 hendum
411 1279 753 1332 enepossene.
773 1265 1023 1319 Secusest
1039 1265 1095 1319 in
1113 1283 1194 1318 se-
1287 1265 1451 1318 kenb.
1482 1263 1555 1318 ad
1579 1265 1695 1318 Liv.
1724 1265 1827 1328 IX,
1858 1281 1947 1329 αι,
1980 1283 2033 1317 ι.
2055 1265 2113 1318 S.
2144 1297 2215 1306 —-
2242 1267 2305 1332 In

179 1341 476 1410 quenfibm,
490 1344 589 1397 ubi
601 1351 748 1397 mera
755 1345 1034 1417 prasentia
1047 1356 1190 1442 ‘3¹²⁸’
1288 1357 1505 1418 utroque
1527 1343 1755 1417 Longol.
1774 1345 2009 1400 malebat
2024 1347 2233 1414 possint.

183 1543 1644 1567 mmmmmmmmmmmmmmu
1655 1545 2307 1567 mmmm-mum

729 1693 1181 1823 LXXXV.
1243 1731 1755 1850 (LXXXII)

217 1948 495 2008 Libellum
520 1949 849 2029 supplicem
878 1949 1113 2022 Dionis,
1141 1949 1236 2007 cui
1269 1949 1667 2007 controversia
1694 1967 1826 2006 cum
1856 1949 2161 2026 Archippo
2192 1949 2266 2006 dc

623 2065 804 2125 opere
835 2045 1072 2124 publico
1102 2057 1261 2118 erat,
1285 2045 1625 2123 imperatori
1650 2045 1841 2104 mittit.

619 2250 682 2295 C.
735 2248 1074 2296 PLINIUS
1125 2247 1529 2294 TRAIANO
1581 2247 1759 2294 IMP.
1816 2247 1868 2294 S.

273 2422 496 2509 Quum
534 2424 762 2489 Prusae
783 2417 869 2487 ad
901 2417 1266 2512 Olympum
1287 2470 1308 2505 ‚
1343 2417 1675 2504 Domine,
1706 2415 1991 2511 publicis
2020 2420 2305 2512 negotiis

191 2526 350 2599 intra
403 2528 816 2624 hospitium,
848 2526 1082 2597 eodem
1149 2526 1257 2595 die
1315 2528 1651 2612 exitur-m,
1694 2551 2032 2615 vacarem,
2084 2528 2304 2599 Ascle·

191 2636 399 2727 piades
453 2638 889 2732 magistratus
929 2636 1285 2719 indicavit,
1335 2634 1741 2730 appellatum
1780 2662 1886 2706 me
1927 2663 1967 2707 a
2024 2637 2304 2709 Claudio

194 2746 552 2841 Eumolp0,
585 2772 798 2842 quum
835 2745 1239 2816 Cocceianus
1273 2745 1457 2814 Dion
1489 2745 1557 2813 in
1588 2744 1744 2814 bule
1779 2744 2111 2839 adsignari
2146 2734 2306 2817 civi·-

193 2857 298 2924 tati
323 2882 533 2952 opuS,
555 2857 748 2951 cujus
783 2880 1014 2926 curam
1041 2871 1302 2951 egerat,
1338 2852 1535 2923 vellet
1568 2880 1585 2922 ε
1615 2870 1761 2923 tum
1795 2854 2164 2951 Eumolpus
2190 2856 2303 2925 ad-

192 2965 408 3037 sistens
445 2966 684 3037 Flavio
727 2967 1072 3061 Archippo
1119 2964 1288 3034 dixit
1311 3018 1330 3053 ‚
1367 2964 1757 3059 exigendam
1802 2991 1941 3035 esse
1995 2991 2034 3035 a
2082 2968 2304 3039 Dione

195 3077 508 3147 rationem
548 3076 769 3171 operis
791 3129 810 3162 ‚
845 3090 1204 3171 antequam
1255 3064 1636 3169 reipublicae
1676 3074 2047 3144 traderetur
2064 3130 2083 3163 ‚
2121 3076 2305 3170 quod

193 3183 366 3255 aliter
391 3188 657 3257 fecisset
691 3210 769 3256 ac
803 3184 1155 3255 debuisset.
1195 3184 1457 3279 Adjecit
1494 3184 1696 3253 etiam
1718 3238 1736 3271 ,
1783 3208 1924 3253 esse
1964 3186 2034 3252 in
2066 3183 2299 3254 eodem
2341 3214 2370 3248 ι

197 3316 378 3387 opere
424 3296 718 3391 positam
772 3311 956 3364 tuam
1009 3310 1326 3379 statuam,
1377 3309 1445 3362 et
1498 3318 1781 3388 corpora
1842 3293 2255 3388 sepultorum
2284 3348 2305 3381 ,

259 3488 526 3543 LXXXV.
553 3508 572 3541 1
587 3529 601 3541 .
629 3496 797 3541 Prusa
821 3493 897 3540 ad
925 3492 1193 3556 Olympum.
1291 3488 1471 3541 turbat
1492 3505 1507 3539 z
1538 3505 1705 3559 eaque
1724 3486 1797 3539 sic
1820 3485 2074 3539 mutanda
2097 3504 2112 3539 :
2136 3494 2303 3557 appel-

201 3565 280 3619 Eut
307 3570 450 3623 enim
491 3568 596 3622 alia
633 3586 844 3641 quoqne
879 3572 952 3619 ad
985 3571 1196 3635 Hypium
1290 3570 1447 3619 lacum
1472 3586 1548 3617 me
1566 3586 1601 3617 a
1628 3568 1834 3617 Claudio
1860 3570 2117 3633 Eumolpo.
2146 3566 2305 3637 (Hinc

201 3660 414 3701 montem
453 3659 508 3702 et
541 3646 780 3700 fluvium.
819 3647 975 3700 Forte
1010 3646 1194 3699 eadem
1291 3644 1471 3717 incipit
1495 3644 1729 3698 narratio
1749 3648 1989 3713 caussa.)
2010 3650 2168 3712 Quum
2189 3653 2305 3702 Coc·

203 3722 414 3793 Prusiae,
459 3727 531 3781 de
565 3746 674 3799 qua
709 3728 759 3779 X
779 3763 794 3788 ,
825 3728 894 3779 66
913 3763 930 3787 ‚
965 3726 1013 3780 5.
1039 3724 1196 3778 6.-
1289 3728 1629 3777 ceiannsoion
1646 3727 1699 3775 in
1721 3727 1853 3785 bule,
1876 3734 1977 3776 etc.
1999 3724 2134 3779 Ean.

201 3806 440 3875 Ζειηιοζοο.
451 3808 578 3861 Post
595 3807 736 3859 hanc
753 3825 932 3859 vocem
945 3806 1098 3876 plene
1117 3806 1196 3857 in·
1362 3824 1414 3855 2.
1446 3810 1508 3854 In
1540 3806 1709 3854 eodem
1742 3822 1903 3869 opere.
1929 3802 2070 3856 Male
2095 3808 2302 3861 omine.

203 3884 880 3959 tupmgendum.Nmntnr
889 3882 1198 3955 deindeipsa
1291 3894 1404 3935 tum
1420 3921 1437 3947 ,
1460 3894 1511 3936 et
1545 3882 1833 3953 majestatis
1862 3880 2069 3937 crimini
2093 3884 2303 3955 adfine,

205 3964 401 4031 Species.
429 3965 644 4020 Monuit
675 3976 728 4018 et
749 3965 799 4017 1.
822 3965 886 4017 A.
906 3964 1192 4019 Ernestius.
1293 3960 1461 4016 videri
1480 3960 1729 4015 volebant
1756 3972 2083 4016 accusatores
2102 3963 2301 4033 factum

203 4040 252 4092 S.
275 4074 340 4084 -
361 4044 427 4098 In
469 4044 738 4118 principio
777 4043 934 4115 hujus
970 4042 1198 4115 epistola
1293 4041 1471 4095 Dionis
1484 4078 1501 4104 ,
1522 4038 1613 4112 qni
1630 4052 1853 4093 statuam
1875 4040 2203 4111 imperatoris
2223 4047 2302 4099 vi-

206 4117 544 4195 interpunctio
559 4123 744 4177 vitiosa
759 4134 837 4175 eut
853 4160 869 4186 ,
881 4140 1198 4192 sensumque
1293 4121 1423 4173 cinis
1442 4119 1713 4173 sunu-ibus
1738 4120 2064 4175 funestatam.
2090 4123 2145 4177 si
2162 4126 2301 4179 enim
