2857 4690
862 423 1392 493 EPISTOLA
1443 421 1624 490 XII.
2251 429 2331 476 21

204 623 259 641 Ἃ
264 625 727 646 §Bnmmssn
730 627 969 646 mm

1705 619 2345 646 mmmnwtnws

1164 817 1388 906 XII.

450 1107 455 1112 ,
550 1045 898 1125 Capitonem
928 1045 1265 1120 auditurus,
1294 1047 1417 1124 ejus
1444 1044 1676 1104 laudem
1703 1043 1994 1124 praedicat.

524 1255 589 1300 C.
661 1253 1014 1301 PLINIUS
1074 1253 1590 1301 MINU'HANO

1653 1229 1686 1262 ¹*
1751 1251 1910 1300 sno
1975 1253 2029 1298 s.

302 1437 363 1502 H
380 1455 538 1502 nuc
575 1429 792 1502 solum
821 1429 996 1499 diem
1024 1455 1291 1499 excuso.
1322 1431 1752 1500 Recitaturus
1775 1445 1876 1498 est
1899 1430 2189 1499 Titinius
2219 1433 2344 1499 Ca·

208 1542 383 1634 pito;
417 1565 625 1636 quem
658 1565 784 1636 ego
812 1540 1075 1628 audire,
1105 1543 1329 1610 nescio
1360 1541 1572 1636 magis
1600 1539 1910 1627 debeam,
1935 1565 2022 1608 an
2050 1539 2339 1634 cupiam.

208 1653 332 1720 Vir
361 1667 463 1721 est
498 1653 835 1746 optimus,
869 1665 937 1722 et
976 1652 1152 1720 inter
1185 1651 1520 1746 praecipua
1559 1649 1766 1719 seculi
1803 1663 2195 1718 ornamenta
2229 1673 2346 1716 nu-

208 1761 603 1831 merandus:
642 1760 804 1832 colit
842 1761 1091 1847 studia,
1127 1761 1458 1830 studiosos
1489 1775 1706 1849 amat,
1743 1761 1960 1847 fovet,
1998 1760 2344 1855 provehit,

210 1870 743 1967 multorumque,
777 1873 893 1966 qui
918 1869 1137 1966 aliqua
1167 1885 1615 1964 componunt,
1642 1884 1909 1965 portus,
1933 1870 2116 1938 sinus
2133 1922 2153 1954 ,
2178 1893 2344 1963 prae-

210 1983 455 2068 mium3
503 1983 811 2050 omnium
856 1980 1271 2074 exemplum3
1322 1981 1621 2075 ipsarum
1666 1979 1953 2074 denique
1997 1977 2342 2048 literarum

204 2089 333 2181 jam
370 2092 867 2160 senescentium
904 2090 1219 2160 reductor
1255 2116 1333 2160 ac
1368 2085 1786 2160 reformator.
1825 2093 2124 2159 Domum
2153 2113 2341 2157 suam
2383 2123 2410 2154 2

212 2201 643 2270 recitantibus
681 2201 933 2295 praebet
970 2225 987 2269 ε
1025 2200 1393 2286 auditoria,
1417 2225 1558 2269 non
1586 2199 1768 2295 apud
1795 2223 1864 2268 se
1895 2212 2157 2267 tantum
2176 2252 2196 2284 ,
2221 2199 2345 2266 be-

210 2311 537 2405 nignitate
587 2311 757 2381 mira
800 2309 1213 2405 frequentat3
1254 2311 1420 2381 mihi
1467 2324 1684 2398 certe,
1728 2311 1780 2379 si
1823 2309 2025 2379 modo
2063 2309 2135 2377 in
2177 2309 2344 2378 urbe

210 2434 341 2501 est,
376 2418 599 2487 defuit
638 2444 1007 2513 nunquam.
1054 2425 1295 2507 Porro,
1350 2436 1540 2490 tanto
1581 2420 1845 2515 turpius
1882 2421 2166 2515 gratiam
2202 2445 2342 2489 non

214 2529 482 2615 referre,
525 2544 782 2623 quanto
824 2530 1169 2600 honestior
1192 2556 1420 2601 caussa
1448 2530 1828 2601 referendae.
1857 2534 1964 2600 An
1989 2586 2008 2619 ,
2032 2534 2086 2599 si
2112 2530 2341 2599 litibus
2380 2547 2412 2599 3

211 2652 488 2725 tererer‚
526 2640 923 2709 obstrictum
960 2665 1101 2710 esse
1136 2666 1247 2711 me
1280 2641 1618 2710 crederem
1658 2641 1935 2710 obeunti
1961 2641 2344 2710 vadimonia

212 2774 387 2837 mem
431 2774 645 2833 nunc,
689 2751 850 2844 quia
886 2750 1051 2819 mihi
1093 2776 1292 2820 omne
1329 2753 1709 2847 negotium,
1747 2752 1963 2819 omnis
2000 2752 2068 2819 in
2108 2751 2344 2820 studiis

212 2882 397 2943 cura,
448 2860 674 2927 minus
724 2858 987 2954 obligor
1037 2874 1225 2929 tanta
1272 2860 1623 2930 sedulitate
1661 2860 2062 2948 celebranti,
2099 2862 2168 2929 in
2207 2885 2343 2956 quo

208 2968 487 3065 obligari
518 2994 645 3065 ego
662 3022 681 3058 ‚
710 2994 795 3038 ne
817 2968 1033 3039 dicam
1062 2970 1234 3060 solo,
1266 2985 1447 3040 certe
1477 2972 1762 3041 maxime
1793 2972 2112 3066 possum?
2140 2971 2346 3061 Quod
2381 2974 2414 3033 4

272 3162 429 3215 XIL*
442 3158 585 3213 Vide
601 3158 673 3213 ad
690 3158 731 3212 1.
746 3160 831 3212 111
844 3201 861 3227 ‚
876 3160 1026 3231 epist.
1049 3178 1103 3231 9.
1123 3162 1225 3214 En.

278 3261 324 3295 1.
356 3244 537 3293 Titinii
567 3242 820 3307 Capitonis
851 3239 1031 3294 laudes
1066 3241 1229 3295 habes

211 3324 363 3376 etiam
382 3322 435 3385 1,
454 3338 541 3391 ep.
568 3336 651 3389 ¹7-
668 3320 773 3372 En.

276 3404 649 3467 -Mulcorumq
654 3417 727 3451 ue.
740 3398 907 3451 Aldus
923 3416 938 3451 τ
951 3403 1225 3451 multorum.

210 3480 351 3553 quud
378 3478 579 3533 nollem
610 3478 822 3531 Curtius
845 3478 1138 3549 sprevisset.
1172 3478 1227 3531 S.

210 3562 561 3612 ——Praeme'm
578 3558 861 3628 Exspectes
867 3561 1125 3626 gremium.
1142 3558 1231 3610 Ci-

212 3658 441 3711 oeropro
454 3632 533 3691 Μ.
546 3638 711 3691 cotio
721 3638 924 3701 XXIV,
936 3655 1059 3709 pag.
1078 3654 1101 3689 1
1112 3636 1175 3689 23
1185 3654 1231 3701 1,

214 3717 291 3771 ed.
308 3720 523 3771 Ernest.
538 3738 651 3769 cum
670 3722 727 3784 Q.
744 3720 965 3769 Metellus
984 3719 1233 3769 abstrahe-

218 3812 343 3849 retur
360 3816 389 3849 e
408 3801 519 3850 sinu
538 3800 825 3865 grenubque
841 3800 1041 3864 paerioe.
1064 3798 1119 3852 S.

282 3896 331 3930 a.
361 3883 540 3929 Pom.
575 3876 773 3929 Autem
794 3874 923 3928 vid.
950 3877 1011 3943 1,
1036 3876 1090 3943 8,
1128 3892 1227 3940 103

220 3954 245 4005 1
258 3992 273 4018 ,
292 3960 380 4019 24,
400 3964 453 4020 4.
479 3956 537 4009 S.

280 4032 331 4089 3.
358 4037 576 4087 obeunti
594 4036 905 4085 vadimonia.
930 4032 1233 4087 Vehemen-

220 4122 291 4165 ter
306 4114 507 4185 placuit
520 4150 537 4178 ‚
567 4114 715 4185 qnod
745 4110 1014 4167 Medicens
1042 4112 1235 4167 omittit

216 4193 641 4266 praepositionem
659 4228 676 4257 ‚
710 4210 819 4265 qua
850 4204 1098 4249 oneratur
1121 4192 1235 4247 vul-

1326 3179 1393 3233 go
1413 3162 1500 3217 hic
1529 3161 1678 3217 locus
1695 3199 1711 3227 ,
1743 3166 1943 3216 obeunti
1963 3168 2039 3217 ad
2051 3166 2348 3215 vadimonia

1326 3260 1451 3293 mea.
1471 3242 1844 3295 G.--Cortius:
1862 3244 2123 3295 «Alterum
2131 3243 2350 3313 [obeunti

1326 3322 1399 3371 ad
1420 3340 1475 3372 v.
1499 3320 1586 3392 m.]
1615 3322 1698 3373 vix
1737 3321 1958 3375 latinum
1993 3332 2091 3374 est.
2110 3345 2132 3367 ι
2161 3320 2346 3374 Confi-

1326 3397 1537 3453 dentius
1571 3400 1834 3473 Gierigius
1873 3418 1888 3453 z
1921 3402 2124 3453 ·Nemo
2167 3412 2346 3454 autem

1325 3476 1454 3531 dixit
1486 3482 1620 3530 obire
1650 3482 1726 3530 ad
1747 3483 1910 3531 ruod.-
1937 3480 2140 3533 Tamen
2167 3480 2347 3536 Livius

1325 3558 1377 3611 Χ
1392 3596 1409 3622 ,
1439 3557 1526 3622 25,
1555 3564 1644 3625 14,
1666 3578 1728 3609 ne
1756 3562 1832 3609 ad
1856 3562 2022 3610 omnio
2044 3564 2192 3613 simul
2213 3564 2348 3614 obire

1327 3658 1451 3689 unus
1477 3658 1576 3689 mm
1595 3641 1768 3705 possit.
1793 3638 1976 3711 Neque
2002 3639 2230 3693 offendit
2255 3640 2348 3694 illa

1327 3718 1491 3772 altera
1533 3718 1689 3771 lectio
1732 3718 2086 3772 Forcellinum
2107 3759 2123 3785 ,
2163 3720 2349 3775 eximie

1326 3797 1604 3851 callentem
1633 3798 1908 3851 latinitatis
1925 3838 1940 3865 ,
1963 3800 2057 3871 qui
2085 3799 2310 3871 explicat
2329 3817 2346 3851 :

1324 3874 1676 3941 discurrenti,
1697 3889 1750 3930 et
1769 3877 2028 3931 assistenti
2043 3878 2196 3945 mihi,
2215 3878 2348 3931 dum

1324 3973 1446 4008 mea
1465 3954 1768 4010 vadimonia
1790 3974 2066 4030 exsequor.
2091 3958 2147 4011 S.
2163 3987 2238 3998 —
2251 3964 2350 4008 Va-

1327 4037 1598 4085 dimonium
1615 4054 1760 4089 nunc
1783 4036 1893 4109 ipsa
1918 4038 2030 4091 dies
2045 4074 2061 4100 ,
2084 4050 2350 4109 quapra-

1328 4114 1498 4167 sentia
1523 4113 1579 4165 in
1599 4114 1804 4187 judicio
1833 4130 1884 4171 et
1911 4116 2173 4190 postulata
2196 4126 2276 4168 est
2293 4126 2350 4167 et

1329 4192 1604 4265 promilsso
1633 4196 1738 4250 Eun
