2857 4690
476 358 615 442 444
986 357 1440 426 NOTITIA
1487 359 2080 428 LITERARIA

584 511 789 582 1722.
830 489 1130 586 Lt'JJsioe,
1188 511 1295 557 12.
1332 486 1532 556 Plinii
1567 489 1948 584 Epistolae‚'
1973 515 2126 584 cum
2177 493 2358 562 notis
2401 497 2612 589 Casp.

482 598 985 694 Gomclzlingii.

580 707 785 806 1723.
824 713 1125 806 Lepsioe,
1174 733 1277 780 ια.
1312 708 1512 778 Plinii
1556 711 2032 804 Panegyricus,
2079 737 2278 806 quem
2317 714 2458 782 suis
2492 737 2612 782 va-

474 821 860 914 riorumque
896 818 1156 890 selectis
1194 821 1407 905 notis,
1435 835 1502 890 et
1540 821 1621 889 iis
1649 822 2006 890 maximam
2039 837 2298 917 partem
2317 825 2613 892 Germa-

472 931 667 1014 nicis,
716 929 1117 1001 illustratum
1168 931 1377 1008 edidit
1419 933 1632 1028 Casp.
1681 931 2143 1026 Gottschling,
2185 929 2478 1002 Silesius.
2509 971 2612 984 —

472 1043 630 1108 Haec
650 1094 669 1126 ,
704 1055 773 1108 et
800 1043 1109 1134 superior
1142 1039 1536 1110 Weinrichii
1572 1039 1778 1110 editio
1805 1093 1825 1128 ,
1860 1042 2145 1110 maxime
2173 1041 2480 1134 sequitur
2505 1065 2610 1111 re-

470 1151 849 1218 censionem
890 1149 1357 1220 Cellarianam.
1394 1152 1591 1219 Notae
1629 1165 1788 1220 sunt
1825 1148 2069 1220 futileS.

568 1259 772 1355 1723.
811 1262 1057 1345 Halae,
1103 1284 1207 1329 12.
1240 1263 1413 1354 Epp.
1450 1285 1511 1329 c.
1545 1283 1612 1328 n.
1653 1257 2165 1354 Gottschlz'ngii.

576 1391 599 1436 1
618 1371 778 1464 724.
830 1372 1104 1454 Tur-ini,
1152 1368 1267 1439 fol.
1313 1370 1761 1465 Panegyricus
1799 1377 1951 1438 cu‘m
1993 1369 2300 1438 versione
2345 1367 2612 1437 Gallica

470 1478 764 1548 Conradi
801 1479 1083 1549 Comitis
1114 1479 1205 1550 de
1243 1481 1506 1571 Quart,
1539 1478 1970 1574 ejusdemque
2013 1479 2190 1546 notis
2231 1478 2612 1565 historicis,

472 1588 721 1658 criticis
765 1604 833 1658 et
872 1587 1261 1658 moralibus.
1302 1589 1456 1658 vid.
1499 1588 1674 1658 infra
1715 1590 1890 1658 inter
1916 1613 2113 1658 νοτες.
2157 1585 2336 1660 Gall.

580 1696 893 1793 1726.-·
934 1725 1036 1769 12.
1076 1725 1135 1768 c.
1179 1725 1247 1769 n.
1276 1702 1514 1770 Germ.

568 1831 774 1904 1727.
822 1811 900 1876 V
890 1813 1163 1893 enetizir,
1204 1831 1313 1877 12.
1346 1809 1421 1876 C.
1462 1807 2208 1900 Plim'c'Panegyricus,
2243 1831 2400 1876 cum
2429 1812 2614 1876 notis

474 1921 554 1987 P.
597 1915 883 1988 Thomae
914 1920 1148 2003 Cevae,
1184 1922 1337 1988 Soc.
1364 1921 1550 1986 Jesu.
1586 1918 1836 1985 —Nec
1861 1939 2020 1984 vero
2045 1915 2148 1986 hae
2177 1930 2353 1984 notae
2380 1915 2612 2009 magni

469 2027 791 2097 momenti
825 2041 1015 2114 sunt,
1038 2040 1273 2121 utpote
1310 2027 1381 2093 in
1412 2050 1608 2096 usum
1641 2024 2044 2094 scholasticae
2081 2025 2279 2120 pubis
2318 2025 2606 2121 scriptae.

578 2163 601 2208 1
620 2163 777 2234 727.
815 2137 1133 2210 Norimb.
1173 2139 1238 2222 4.
1272 2137 1519 2206 Christ.
1567 2135 1784 2206 Gottl.
1825 2136 2204 2210 Schwarzic'
2237 2135 2604 2206 observatt.

472 2249 717 2317 criticae
750 2273 832 2315 ex
868 2247 1032 2317 Cod.
1075 2249 1297 2316 Msto.
2329 2237 2336 2244 ’

578 2360 1056 2457 1727.Ll'psiae
1080 2414 1101 2443 ,
1152 2383 1254 2428 12.
1290 2362 1367 2429 C.
1397 2356 1598 2427 Plinii
1627 2360 1797 2428 Caec.
1829 2360 1976 2428 Sec.
2017 2355 2331 2453 Epistolae
2372 2373 2444 2428 et
2479 2360 2606 2428 Pa-

472 2472 825 2565 negyricus
862 2494 920 2537 c.
950 2494 1016 2536 n.
1057 2468 1139 2537 ad
1184 2456 1459 2537 modum
1496 2470 1784 2539 Minelli.

582 2602 782 2675 1727.
814 2574 1064 2661 Halae,
1108 2578 1171 2647 8.
1201 2577 1430 2647 eadem
1461 2576 1564 2647 ed.
1651 2668 1656 2673 θ

588 2722 614 2767 1
634 2723 673 2795 7
688 2722 726 2766 2
739 2698 803 2768 8.
842 2700 914 2766 V
907 2702 1176 2786 enetisls,
1212 2702 1279 2785 4.
1309 2703 1726 2795 Panegyrzhc'
1759 2716 2022 2770 veteres
2039 2752 2062 2785 ,
2109 2712 2234 2767 etc.
2264 2700 2560 2769 Venetiis
2579 2752 2600 2787 ‚

475 2828 581 2898 ap.
624 2804 849 2873 Barth.
891 2808 928 2874 J
930 2806 1285 2875 avarinam.
1324 2807 1658 2900 Repetitio
1699 2806 2002 2875 editionis
2041 2806 2420 2875 Pari'siensis
2459 2809 2594 2878 Jac.

476 2910 563 2980 de
588 2913 694 2979 La
722 2915 965 2981 Baune
1000 2934 1058 2979 a.
1119 2910 1309 3009 1677
1336 2965 1357 2999 ‚
1402 2912 1530 2981 nisi
1569 2911 1748 3006 quod
1791 2912 2283 2982 observationes
2339 2914 2599 2981 criticas

471 3017 713 3087 Christ.
758 3017 969 3087 Gottl.
1003 3018 1385 3091 Schwarzii
1395 3072 1418 3105 ,
1450 3017 1536 3087 ad
1573 3020 2052 3114 Panegyricum
2085 3018 2306 3087 Latini
2340 3019 2562 3089 Pacati
2576 3070 2596 3104 ,

471 3123 813 3218 adjunctas
854 3123 1073 3193 habet.

657 3282 915 3352 AETAs
963 3282 1029 3351 v
1080 3284 1252 3376 Epp.
1305 3272 2409 3369 coRT1o-GQESNER1ANA

950 3388 2118 3524 1734-1'739-177041789-

496 3552 501 3555 ’
590 3586 941 3657 PANEG.
994 3586 1464 3655 PLINIANI
1520 3600 1670 3655 cett.
1725 3587 2467 3657 scnwARzlANA

1262 3724 1806 3827 1735-1789,

569 3890 939 3985 Principem
992 3888 1189 3983 hujus
1246 3903 1349 3957 aet.
1410 3888 1762 3958 editionem
1778 3943 1798 3978 ,
1841 3914 2120 3985 eamque
2173 3904 2242 3957 et
2286 3886 2586 3985 exemplo

465 3994 827 4067 Veenhusii
866 4016 1017 4064 cum
1056 3995 1229 4064 notis
1268 3992 1524 4065 selectis
1559 3997 1892 4066 variorum
1910 4050 1930 4083 ‚
1963 3996 2076 4091 qui
2126 3994 2278 4065 inde
2320 4020 2359 4065 a
2402 3996 2586 4066 Cata-
