2857 4690
492 340 623 413 138

1122 342 1201 409 C.
1254 340 1584 409 PLINII
1633 342 1823 411 LIB.
1879 344 1962 410 X.

478 466 531 533 si
572 486 903 533 mensurae
935 461 1221 567 fideliter
1260 478 1581 559 aguntur.
1627 468 1732 534 Ita
1770 480 1950 534 certe
1992 467 2328 560 prospicio
2371 490 2454 535 cx
2501 492 2614 537 ra·-

474 578 657 645 tione
692 575 1163 661 Prusensium,
1199 598 1401 669 quam
1439 598 1594 645 cum
1631 578 1930 645 Maximo
1965 590 2202 646 tracto.

472 780 791 851 conjuncta,
832 776 1063 832 videtur.
1108 776 1269 831 Nolui
1314 789 1492 830 tamen

469 869 658 910 contra
687 856 881 922 libros,
908 855 1055 929 quod
1085 856 1279 920 seiam,
1307 873 1492 908 omnes

470 935 674 1009 aliquid
708 947 927 989 mutare.
954 936 1039 990 sic
1064 954 1189 988 mox
1208 934 1325 1003 XL,
1345 944 1399 1002 4.
1417 934 1488 988 G.

470 1046 543 1058 ——
561 1014 797 1069 Adscivit
830 1014 1095 1085 Gierigius
1134 1030 1365 1084 agutur.
1398 1015 1488 1069 Cf.

468 1096 520 1152 J.
547 1097 613 1147 A.
634 1092 902 1148 Ernestius
924 1092 993 1146 ad
1010 1093 1070 1146 h.
1092 1092 1130 1147 l.
1157 1096 1211 1149 S.
1232 1126 1302 1135 —
1318 1100 1490 1165 Agun-

470 1190 572 1227 tur.
593 1175 760 1226 Aures
778 1191 908 1227 men
926 1170 1226 1227 desiderant
1244 1190 1488 1244 agantur:

468 1252 613 1325 quod
640 1253 799 1307 etiam
824 1252 879 1305 in
906 1252 1225 1307 editionibus
1244 1254 1489 1327 pluribus

467 1333 743 1405 reperitur.
779 1333 953 1389 Sensit
976 1346 1028 1387 et
1052 1332 1317 1389 Gesnerus
1340 1373 1356 1399 ,
1394 1334 1492 1389 aed

1589 774 1997 831 fundamentum
2021 795 2204 833 sensus
2229 796 2336 830 non
2361 775 2510 832 vidit.
2538 778 2613 831 11-

1586 852 1682 908 lud
1698 858 1932 908 videnem·
1942 878 2088 926 posse
2108 856 2500 929 conjunctivum
2527 878 2616 911 re-

1587 934 1770 1008 quirit.
1799 936 1933 989 Eu.

1655 1021 1891 1082 —Quam
1901 1020 2248 1069 “mnuatho
2261 1018 2616 1069 naemu-xi-

1585 1114 1705 1149 mus
1724 1095 1942 1167 Trajani
1963 1096 2180 1151 libertus
2199 1108 2250 1149 et
2270 1108 2613 1169 procurator,

1583 1180 1743 1248 qu'em
1778 1176 1832 1228 in
1865 1174 2110 1249 Bithynia
2139 1175 2452 1249 aliquandiu
2483 1194 2612 1228 cum

1583 1255 1754 1309 Plinio
1783 1274 1892 1309 una
1921 1256 2084 1311 fuine
2119 1274 2182 1309 ex
2215 1274 2336 1329 epp.
2367 1256 2472 1319 38,
2507 1258 2613 1315 51,

1585 1346 1824 1409 appu-et.
1843 1336 1946 1389 En.

490 1535 791 1555 mmm
796 1537 859 1554 Ἀ
864 1536 2120 1558 mmmmmmmmmmm
2127 1536 2485 1559 mffwmm
2491 1538 2585 1555 m

1345 1726 1736 1815 XXIX.

1078 1978 1524 2051 mimmius
1571 1980 1886 2029 nmmo
1932 1980 1984 2025 s.

565 2157 971 2226 Cummmu
1030 2156 1173 2224 sine
1220 2154 1493 2249 querela
1545 2154 1927 2251 corpusculi
1981 2154 2126 2241 tui,
2176 2172 2245 2225 et
2291 2171 2612 2243 tuorum,

470 2267 819 2366 pervenire
856 2267 926 2335 in
966 2266 1353 2362 Bithyniam
1398 2266 1768 2362 potuisse3‚
1809 2291 1886 2337 ac
1928 2265 2143 2336 simile
2185 2268 2308 2337 tibi
2351 2268 2478 2337 iter
2517 2270 2610 2337 ab

469 2378 738 2473 Epheso
778 2379 839 2445 ei
884 2378 1297 2473 navigationi
1340 2377 1600 2462 fuisset,
1642 2401 1845 2473 quam
1889 2395 2200 2474 expertus
2241 2403 2456 2475 usque
2491 2380 2612 2451 illo

401 2532 430 2564 2
470 2513 636 2558 eras.
686 2489 847 2578 Quo
887 2502 1110 2557 autem
1144 2487 1252 2558 die
1284 2489 1696 2583 pervenisses
1725 2491 1796 2558 in
1829 2489 2245 2586 Bithyniam,
2281 2493 2606 2588 cognovi,

468 2599 771 2669 Secunde
802 2599 1141 2669 carissime
1158 2650 1179 2687 ‚
1222 2597 1434 2670 literis
1468 2599 1619 2669 tuis.
1662 2601 2154 2686 provinciales,
2179 2603 2416 2690 credo,
2443 2627 2608 2698 pro·

470 2725 775 2806 spectum
814 2709 941 2780 sibi
973 2735 1014 2779 a
1047 2734 1191 2796 me,
1222 2708 1618 2804 intelligent.
1651 2712 1826 2782 Nam
1866 2725 1934 2780 et
1969 2725 2047 2782 tu
2074 2711 2262 2781 dabis
2296 2735 2607 2808 operam,

468 2833 546 2890 ut
586 2821 1018 2892 manifestum
1061 2821 1150 2889 sit
1192 2818 1357 2906 illis,
1404 2817 1691 2891 electum
1736 2835 1803 2890 te
1839 2847 2014 2908 esse,
2050 2823 2166 2917 qui
2207 2823 2295 2892 ad
2337 2820 2608 2892 eosdem

398 2949 431 3003 3
466 2933 599 3000 mei
637 2929 787 3004 loeo
820 2932 1203 3002 mittereris.
1242 2931 1567 3002 Rationes
1600 2945 1824 3000 autem
1861 2933 1932 3000 in
1963 2933 2198 3028 primis
2225 2933 2348 3000 tibi
2379 2957 2610 3002 rerum

465 3041 893 3138 publicarum
941 3041 1351 3112 excutiendae
1400 3056 1576 3111 sunt.
1638 3043 1815 3112 Nam
1873 3058 1940 3111 et
1992 3067 2132 3112 esse
2182 3065 2291 3110 eas
2336 3055 2608 3111 vexatas

464 3155 625 3224 satis
666 3168 951 3225 constat.
994 3157 1343 3224 Mensores
1379 3153 1492 3224 vix
1533 3154 1736 3222 etiam
1775 3154 1857 3222 iis
1892 3152 2210 3249 operibus
2235 3206 2255 3240 ‚
2299 3179 2450 3248 quae
2487 3169 2610 3224 aut

464 3267 735 3350 Romae,
782 3279 902 3334 aut
943 3265 1013 3331 in
1053 3264 1363 3357 proximo
1385 3317 1405 3351 ‚
1457 3261 1664 3352 fiunt,
1712 3263 2115 3332 sufficientes
2165 3264 2382 3332 habeo
2419 3289 2438 3332 ε
2489 3264 2610 3334 sed

466 3375 538 3445 in
580 3377 768 3446 omni
812 3375 1160 3470 provincia
1202 3375 1679 3461 inveniuntur,
1723 3375 1966 3470 quibus
2007 3373 2188 3442 credi
2241 3373 2492 3468 possit,
2537 3391 2610 3443 et

466 3487 617 3558 ideo
652 3511 791 3556 non
826 3487 1108 3556 deerunt
1146 3485 1305 3571 tibi,
1340 3485 1542 3555 modo
1578 3483 1740 3556 velis
1775 3483 2132 3578 diligenter
2168 3500 2503 3555 excutere.

1579 3681 1682 3736 deo
1704 3699 1718 3734 :
1739 3682 1905 3734 immo
1930 3683 2107 3735 omnia
2125 3723 2140 3747 ,
2168 3694 2226 3735 ut
2241 3697 2610 3758 peramanter,

1579 3762 1652 3816 ita
1677 3762 1904 3833 graviter
1928 3761 2122 3834 scripta
2145 3775 2292 3816 sunt.
2311 3764 2367 3817 S.

1651 3843 1704 3896 3.
1738 3843 1903 3914 Suffic.
1925 3841 2101 3896 Tanto
2132 3841 2274 3898 enim
2309 3841 2612 3901 aeffificandi

1579 3917 1752 3975 studio
1773 3923 2046 3976 tenebatur
2071 3923 2332 3997 Trajanus
2362 3936 2418 3976 ut
2439 3929 2608 3977 orbem

1579 4017 1818 4054 terrarum
1843 4005 2112 4074 aedeficasse
2135 4003 2411 4058 diceretur.
2441 4003 2552 4056 En.

532 3685 730 3740 XXIX.
749 3705 771 3739 1
784 3727 796 3739 .
816 3691 1042 3738 storum.
1058 3683 1237 3738 Nolim
1252 3695 1480 3738 tentare:

462 3787 556 3840 per
574 3785 630 3819 se
646 3766 786 3820 enim
804 3763 1130 3840 intelligitur,
1150 3762 1485 3836 gravissimos

462 3847 581 3900 illos
622 3858 777 3900 aestus
818 3845 975 3900 etiam
1014 3843 1293 3898 comitibus
1329 3837 1482 3894 Plinii

462 3929 711 3980 molestos
748 3925 927 3980 fuisse.
969 3925 1229 3979 caeterum
1262 3918 1393 3996 quid
1426 3921 1480 3972 in

464 4005 565 4062 hac
592 4007 811 4082 epistola
836 4005 1071 4082 joculare
1094 4003 1247 4066 insit,
1273 4018 1381 4054 non
1406 3999 1478 4052 vi-
