2857 4690
438 347 445 356 ’
493 417 581 460 22
1056 397 1133 463 c.
1180 397 1520 466 PLINII
1569 398 1764 465 ΜΒ.
1818 397 2042 464 vm.

491 516 545 582 si
585 511 681 582 illi
720 513 971 585 nullam
1006 520 1251 603 vicem,
1288 517 1474 586 nulla
1509 522 1700 612 quasi
1739 532 1975 587 mutua
2009 519 2230 587 officia
2268 518 2623 604 deberem,

490 623 857 694 solicitarer
886 627 1111 696 tamen
1138 627 1241 697 vel
1274 628 1545 724 ingenio
1579 628 1868 698 hominis
1896 627 2345 723 pulcherrimo
2374 641 2444 695 et
2471 651 2619 694 ma-

488 735 701 824 ximo,
754 751 820 805 et
867 738 934 806 in
985 763 1241 807 summa
1294 741 1644 810 severitate
1686 739 2097 825 dulcissime,
2129 737 2234 808 vel
2269 739 2622 807 honestate

486 845 801 916 materiae.
838 849 1087 918 Scribit
1108 851 1325 920 exitus
1352 849 1713 920 illustrium
1735 853 2064 937 virorum,
2091 852 2160 918 in
2189 851 2270 918 iis
2291 863 2620 944 quorum-

418 959 449 1011 5
487 955 641 1026 dam
690 957 858 1025 mihi
906 959 1425 1030 carissimorum.
1465 960 1718 1032 Videor
1751 984 1912 1058 ergo
1943 961 2132 1056 fungi
2158 960 2276 1055 pio
2311 984 2622 1046 munere,

489 1091 911 1162 quorumque
959 1072 1299 1166 exsequias
1346 1071 1680 1142 celebrare
1715 1098 1853 1142 non
1891 1071 2114 1160 licuit,
2147 1071 2392 1140 horum
2427 1071 2621 1165 quasi

487 1176 881 1249 funebribus
926 1179 1418 1252 laudationibus
1437 1237 1459 1272 ‚
1505 1184 1668 1253 seris
1697 1183 2000 1278 quidem,
2034 1181 2152 1252 sed
2183 1195 2373 1252 tanto
2409 1180 2624 1274 magis

487 1289 699 1376 veris,
738 1289 1072 1361 interesse.
1108 1292 1293 1364 Vale.
1322 1334 1331 1346 ·

562 1499 614 1564 4.
632 1495 808 1543 Exitus
827 1495 899 1544 :⁴111
896 1495 1083 1544 utrium
1101 1497 1340 1546 virorum.
1353 1495 1504 1558 Quos
1670 1499 1904 1546 —Tamo
1914 1498 2068 1562 magis
2079 1496 2225 1544 veris.
2237 1491 2378 1558 Quia
2386 1503 2513 1544 tunc
2524 1510 2623 1544 nec

486 1571 574 1623 ille
592 1581 651 1623 ut
667 1571 920 1638 coluerit,
942 1585 1119 1627 liu-rat
1132 1573 1323 1628 Noster
1345 1572 1504 1626 etiam
1602 1571 1870 1640 adulati0‚
1892 1592 1991 1626 nec
2012 1571 2247 1624 studium
2265 1569 2494 1643 partium
2515 1569 2622 1623 lau·

488 1651 546 1711 Ῑ
575 1667 661 1718 ¹7
687 1652 739 1704 3·
760 1651 831 1703 G·
1066 1681 1079 1690 ·
1603 1653 1818 1706 dantem
1838 1671 1870 1706 a
1896 1653 2111 1706 veritate
2137 1651 2387 1704 declinat.
2415 1651 2480 1701 E.

488 1865 2626 1888 ”mmmummmmm„u

850 2319 1097 2377 Felicem
1128 2316 1436 2395 praedicat,
1467 2313 1628 2393 quod
1655 2315 1830 2375 docto
1857 2327 2020 2394 patre
2054 2329 2268 2376 utatur.

1899 2502 1928 2531 ῃ

952 2526 1013 2571 G.
1068 2521 1425 2571 PLINIUS
1479 2525 1846 2571 GERIAL!
1979 2524 2160 2573 8110.

590 2704 895 2783 PROBO,
929 2699 1113 2794 quod
1147 2698 1405 2771 libellos
1433 2724 1616 2769 meos
1647 2724 1802 2770 cum
1839 2716 2028 2794 patre
2059 2699 2296 2794 legisti.
2328 2704 2626 2771 Pertinet

491 2812 577 2883 ad
612 2810 987 2905 profectum
1019 2826 1211 2881 tuum
1228 2864 1249 2897 ‚
1276 2837 1317 2879 a
1342 2811 1781 2881 disertissimo
1804 2811 1950 2879 viro
1973 2811 2224 2881 discere
2239 2801 2449 2905 {quid
2477 2812 2626 2883 lau-

492 2923 829 3009 dandum,
876 2922 1041 3017 quid
1088 2922 1752 3016 reprehendendum3
1809 2920 2006 2991 simul
2055 2922 2150 2989 ita
2211 2922 2508 3007 institui,
2553 2938 2630 2992 ut

492 3058 724 3103 vermn
760 3033 984 3103 dicere
1020 3058 1373 3104 assuescas
1407 3034 1652 3121 Vides,
1691 3056 1893 3129 quem
1919 3033 2136 3127 sequi,
2165 3031 2357 3125 cujus
2384 3030 2630 3103 debeas

424 3176 452 3209 α
490 3143 769 3240 implere
807 3143 1106 3237 vestigia.
1142 3148 1207 3214 O
1242 3157 1308 3212 te
1344 3140 1647 3215 beatum!
1681 3144 1790 3213 cui
1827 3142 2112 3236 contigit
2135 3142 2360 3210 vivum
2381 3196 2400 3230 ‚
2425 3156 2628 3239 atque

492 3254 667 3325 idem
704 3254 1039 3351 optimum
1080 3269 1146 3325 et
1186 3254 1804 3348 conjunctissimum
1843 3252 2181 3347 exemplar
2224 3278 2240 3321 :
2281 3252 2399 3347 qui
2435 3250 2627 3323 deni-

560 3456 739 3509 xta*
765 3459 979 3509 Geniali.
998 3454 1395 3509 Adolescentuli
1412 3454 1511 3507 hu-
1605 3456 1840 3526 proxime
1877 3454 2036 3506 habet
2075 3452 2433 3544 adjectivum,
2474 3456 2632 3527 cuju·

486 3532 1505 3611 junmultainhiaepistolis,proeterh.
1607 3534 1678 3589 ita
1703 3535 1778 3590 vis
1799 3545 2040 3605 ungena.
2067 3532 2168 3587 Hie
2189 3532 2629 3605 proximesequi-

490 3616 529 3669 l.
552 3616 749 3669 mentio
772 3616 854 3669 fit.
874 3616 979 3669 En.
1606 3626 1695 3667 tur
1725 3628 1876 3683 aeqaeoe
1913 3617 2058 3667 idem.
2097 3612 2266 3685 Igitur
2305 3612 2350 3665 si
2385 3612 2504 3684 quis
2544 3630 2630 3665 me

565 3716 615 3749 2.
646 3698 837 3747 Vivum.
858 3732 873 3746 .
893 3700 1187 3764 mataplan
1208 3692 1377 3749 Nimis
1394 3693 1510 3763 pnl—
1605 3706 1759 3766 cogat
1787 3693 2018 3747 retinere
2053 3713 2232 3753 unum,
2271 3703 2415 3747 certe
2439 3691 2514 3745 ita
2548 3692 2631 3744 di·—

491 3777 619 3829 chra
650 3776 763 3828 haec
786 3774 1041 3828 Gronovii
1063 3774 1367 3829 emendatio
1384 3810 1399 3837 ,
1422 3790 1508 3827 re·
1606 3788 1824 3845 sponam
1871 3775 2036 3829 verba
2053 3808 2070 3836 ‚
2113 3776 2196 3824 cui
2229 3776 2436 3844 contigit
2483 3792 2632 3825 unam

492 3868 641 3927 cepta
668 3874 701 3908 a
736 3853 962 3908 Cellario
976 3892 993 3920 ‚
1024 3874 1186 3927 quam
1218 3866 1278 3907 ut
1308 3872 1509 3926 expun-
1605 3856 1862 3922 optimam,
1879 3869 2032 3921 aeque
2043 3856 2174 3905 idum
2185 3855 2631 3923 conjunctis-simum

492 3954 614 4007 gere
632 3954 749 3989 eam
768 3973 785 3999 ‚
812 3946 863 3988 et
894 3953 1147 4005 reponere
1172 3952 1295 3987 eum
1326 3932 1512 3987 Coi-tio
1608 3938 1871 4001 exenaplar.
1891 3932 1993 3987 Sed
2007 3945 2219 4004 praestat
2237 3973 2252 3999 ,
2277 3932 2378 3985 tria
2400 3930 2632 4002 epitheta

492 4014 625 4069 illud
662 4014 893 4069 dilutum
928 4014 1085 4067 nimis
1121 4034 1269 4065 unum
1292 4012 1506 4085 possim.
1605 4013 1802 4066 habere
1829 4013 1934 4066 hoc
1963 4013 2252 4084 exemplar,
2277 4023 2336 4065 ut
2359 4012 2428 4065 sit
2449 4012 2529 4080 (a)
2553 4014 2631 4061 vi-

492 4095 713 4161 Quoties
750 4114 899 4146 unum
924 4090 1237 4147 intendendi
1270 4094 1380 4145 sive
1412 4110 1510 4145 au·-
1608 4112 1746 4153 vum,
1777 4092 2016 4164 adeoque
2035 4108 2294 4163 praem,
2315 4090 2528 4154 efficax,
2555 4090 2634 4157 (b)

492 4174 653 4244 gendi
692 4174 793 4227 vim
829 4174 1017 4237 habet,
1060 4172 1371 4244 adjunctum
1412 4172 1510 4225 sibi
1609 4176 1866 4239 optimum,
1912 4171 2060 4243 quod
2099 4170 2414 4225 imitandum
2455 4182 2592 4225 esset
2610 4207 2627 4234 ,
