2857 4690
494 363 624 444 124

1159 365 1236 434 C.
1290 366 1623 440 PLINII
1675 371 1866 439 LlB.
1919 372 2007 437 X.

483 510 638 554 nem
672 485 1033 577 tabellarii,
1061 510 1258 583 quem
1286 488 1371 559 ad
1396 505 1466 559 te
1498 514 1654 561 cum
1687 489 1980 585 epistolis
2007 490 2220 578 misit,
2247 489 2620 585 diplomate

485 593 736 689 adjuvi.

551 774 700 828 XIV.
729 774 851 828 Non
882 774 1161 847 persuadet
1197 776 1492 870 Gierigius,

480 854 585 909 hoc
632 853 929 927 epistolium
972 867 1175 926 partem
1212 857 1496 928 superioris

480 952 594 986 esse
606 931 911 987 decernens.
927 934 1157 989 Priorem
1173 936 1322 991 illum
1336 938 1499 993 tabel-

480 1012 669 1065 larium
698 1012 897 1065 Plinius
920 1015 1313 1087 opportunitate
1337 1036 1494 1081 usus,

478 1110 640 1162 quam
652 1110 807 1145 casus
820 1092 1103 1159 obtulerat,
1118 1094 1189 1148 ad
1202 1096 1328 1169 Traj
1332 1116 1493 1151 anum

479 1170 652 1223 misit:
666 1170 827 1244 hujus
846 1172 1061 1227 alterius
1078 1192 1321 1240 cursum,
1346 1178 1495 1248 quod

478 1249 597 1301 talis
632 1252 998 1322 opportunitas
1032 1253 1263 1321 deesset,
1292 1254 1495 1330 adjuvit

479 1326 784 1401 diplomate.
831 1332 1089 1385 Caeterum
1134 1344 1258 1388 ante
1300 1340 1494 1389 deberes

480 1406 689 1462 videtur
709 1410 963 1465 excidisse
982 1419 1066 1474 D.,
1094 1412 1149 1465 id
1169 1426 1249 1467 est
1267 1419 1491 1468 Domine.

489 1522 641 1539 .....
652 1492 883 1556 Epistolis
900 1489 969 1545 de
986 1510 1093 1547 una
1113 1492 1350 1565 epistola.
1372 1496 1491 1548 Jam

1595 788 1736 840 erat,
1767 788 1827 829 ut
1863 774 2076 847 publice
2109 776 2339 847 probitis
2371 775 2521 848 equis
2562 787 2623 829 et

1592 854 1850 909 vehiculis
1875 873 2061 908 cursus
2082 854 2225 908 illius
2247 852 2618 927 adjuvaretur.

1593 932 1676 989 sic
1700 933 1838 987 enim
1863 932 2228 989 Plutarchus·
2213 953 2267 987 m
2289 932 2464 987 Galba
2489 952 2619 1005 pag.

1600 1002 2062 1085 1494.En.116nr.
2081 1014 2620 1087 &mammaea-ov

1592 1096 1784 1157 οἰκίτας
1797 1091 2060 1167 δημοσίους
2075 1098 2541 1167 προχαιρισαμίνων,
2549 1099 2621 1149 τά

1591 1170 1830 1246 δόγματα
1853 1176 2142 1246 κομίζοντας
2159 1182 2230 1247 τῷ
2265 1174 2618 1245 αὐτοκράτορι,

1590 1254 1676 1307 καὶ
1715 1254 1784 1307 τὰ
1815 1258 2094 1325 καλούμενα
2129 1250 2439 1324 διπλώματα
2471 1274 2624 1309 σεση-

1591 1336 1827 1431 μασμίνα
1861 1330 2077 1399 Mnaso,
2117 1334 2153 1386 ἃ
2189 1334 2530 1405 γνωρίζοντες,
2573 1336 2619 1386 οἱ

1589 1414 1724 1467 κατὰ
1740 1414 1934 1467 vohs*
1903 1434 2163 1485 αρχοντες,
2183 1416 2231 1467 ἐν
2251 1416 2362 1473 ταῖς
2381 1420 2479 1465 τῶν
2495 1414 2622 1481 ὄχη-

1590 1494 1762 1563 μάτων
1780 1484 2010 1563 ἀμοιὸαῖς
2029 1494 2371 1561 ἐπιταχύνουσι
2391 1492 2482 1553 τὰς
2499 1512 2624 1562 προ-

478 1584 635 1637 supra
660 1568 981 1623 monuimus.
1010 1570 1064 1625 S.

1208 1620 1215 1631 ,
1587 1572 1798 1643 πομπὰς
1841 1581 1941 1627 τῶν
1981 1574 2426 1643 γραμματηφόρων.
2473 1570 2620 1625 Add.

460 1724 465 1729 ὓ
546 1650 894 1715 -Diplomaee
918 1653 1099 1718 adjuvi.
1131 1652 1299 1725 Cujus
1324 1671 1387 1705 ea
1417 1654 1496 1707 vis

1597 1666 1681 1713 10,
1709 1650 1914 1702 121.G.

500 1842 1421 1874 'mmmmmmmmmssssss
1426 1857 1519 1875 §58
1525 1858 1668 1876 §sc-M
1674 1858 2132 1879 mmssuw-Qm
2137 1858 2408 1878 ἱὶἱςὶὶω
2419 1858 2600 1878 mm

1126 2020 1331 2108 XV.
1398 2018 1946 2139 (LXVIII)

636 2232 915 2299 Excusat,
944 2227 1102 2305 quod
1131 2229 1384 2306 legatum
1416 2230 1566 2306 regis
1593 2233 1947 2289 Sauromatae
1980 2248 2098 2289 non
2131 2231 2454 2291 retinuerit.

1074 2421 1136 2466 C.
1190 2421 1547 2468 PLINIUS
1596 2423 2014 2470 TRAJANO.

576 2583 909 2651 LEGATO
946 2585 1356 2650 Sauromatae
1402 2583 1614 2674 regiS,
1663 2607 1874 2676 quum
1909 2607 2028 2653 sua
2073 2600 2309 2678 sponte
2351 2586 2613 2673 Niceae,

478 2691 591 2759 ubi
640 2715 745 2760 me
792 2693 1171 2777 invenerat,
1215 2689 1420 2760 biduo
1467 2690 1903 2778 substitisset,
1945 2690 2315 2788 longiorem
2353 2718 2616 2762 moram

478 2799 878 2885 faciendam,
904 2803 1229 2890 Domine,
1265 2825 1402 2869 non
1435 2801 1705 2895 putavi:
1743 2803 2039 2896 primum
2071 2803 2253 2899 quod
2283 2805 2614 2872 incertum

478 2911 695 2982 adhuc
719 2928 889 3000 erat,
914 2913 1184 3008 quando
1209 2911 1485 2981 libertus
1508 2927 1662 2981 tuus
1683 2914 2042 3008 Lycormas
2069 2928 2386 2983 venturus
2407 2927 2618 3002 esset3

478 3023 715 3094 deinde
742 3025 923 3120 quod
958 3025 1099 3119 ipse
1127 3023 1598 3118 proficiscebar
1623 3023 1695 3091 in
1722 3021 2049 3092 diversam
2081 3023 2438 3118 provinciae
2471 3048 2622 3117 par-

410 3146 419 3158 ·
478 3135 644 3221 tem,
675 3137 763 3203 ita
789 3133 994 3203 officii
1027 3135 1411 3204 necessitate
1443 3135 1772 3228 exigente.
1804 3137 1962 3203 Haec
1991 3135 2061 3202 in
2090 3135 2398 3203 notitiam
2427 3149 2618 3202 tuam

477 3244 867 3336 perferenda
906 3242 1308 3329 existimavi,
1344 3245 1502 3338 quia
1544 3246 1848 3338 proxime
1884 3247 2312 3339 scripseram,
2347 3244 2618 3339 petiisse

476 3358 873 3447 Lycormam
897 3409 915 3442 ‚
955 3369 1029 3423 ut
1072 3353 1513 3450 legationem,
1556 3354 1610 3423 si
1663 3381 1796 3450 qua
1849 3357 2136 3423 venisset
2181 3380 2220 3423 a
2267 3357 2571 3448 Bosporo
2596 3407 2618 3440 ‚

476 3491 687 3558 usque
740 3467 809 3533 in
858 3464 1218 3534 adventum
1266 3489 1464 3534 suum
1515 3465 1894 3534 retinerem.
1958 3462 2161 3553 Quod
2208 3464 2462 3532 diutius
2513 3461 2616 3530 fa-

476 3575 689 3642 ciendi
750 3573 934 3643 nulla
990 3575 1155 3644 mihi
1212 3573 1578 3669 probabilis
1630 3577 1800 3644 ratio
1856 3575 2194 3660 occurrit3
2243 3574 2616 3668 praesertim

476 3709 683 3779 quum
722 3684 1016 3780 epistolae
1046 3689 1419 3781 Lycormae,
1449 3711 1611 3780 quas
1644 3685 1970 3771 detinere,
2004 3700 2080 3752 ut
2111 3697 2266 3752 ante
2293 3683 2571 3779 praedixi
2595 3737 2616 3769 ,

478 3794 705 3882 nolui,
760 3793 1016 3890 aliquot
1072 3794 1305 3865 diebus
1354 3797 1540 3865 hunc
1593 3795 1884 3888 legatum
1937 3809 2372 3864 antecessurae
2425 3792 2616 3861 vidc-

478 3919 737 3973 rentur.

548 4059 666 4112 XV.
694 4079 741 4115 ι.
774 4067 951 4138 Nfceoe.
981 4065 1153 4118 Immo
1182 4067 1379 4116 Nica-ce.
1406 4064 1490 4116 Sic

480 4155 532 4196 ct
552 4143 689 4198 infru
714 4145 911 4198 malim.
932 4147 987 4199 S.

1665 4087 1713 4121 2.
1743 4072 1872 4134 Qm'a
1891 4069 2120 4135 proxime
2150 4071 2448 4136 scripseram.
2488 4067 2616 4141 Epi-

1591 4149 1721 4200 stola
1745 4148 1895 4200 XIII.
1915 4149 1982 4203 G.
