2857 4690
502 355 639 428 350

1057 355 1131 423 C.
1182 349 1518 422 PLINII
1569 353 2038 423 SECUNDI

496 497 563 550 te
602 492 946 574 nuncupet
985 491 1140 546 vota
1184 501 1321 544 non
1366 474 1620 544 utilitas
1658 491 1927 562 nostra,
1972 476 2086 546 sed
2123 476 2319 564 fides,
2355 481 2610 550 Caesar:

422 610 457 660 6
495 592 707 686 turpis
744 585 951 658 tutela
988 587 1341 684 principis,
1372 587 1482 656 cui
1531 601 1750 680 potest
1781 588 2121 682 imputari.
2159 589 2374 677 Queri
2415 589 2612 676 libet,

492 713 673 808 quod
702 714 772 783 in
800 725 1049 781 secreta
1086 725 1315 782 nostra
1345 735 1484 779 non
1511 710 1856 804 inquirant
1881 711 2217 804 principes
2235 761 2256 795 ,
2282 710 2411 780 nisi
2439 737 2612 806 quos

419 869 452 922 7
488 825 783 896 odimus:
810 847 967 894 nam
996 823 1049 890 si
1076 821 1307 890 eadem
1334 843 1496 888 cura
1521 819 1750 904 bonis,
1776 843 1922 913 quae
1947 815 2138 888 malis
2165 833 2372 908 esset,
2403 844 2608 915 quam

487 935 737 1028 ubique
781 931 1284 1002 admirationem
1324 929 1460 1018 tui,
1495 929 1677 1024 quod
1719 929 2036 1024 gaudium
2067 929 2610 1000 exsultationem-

484 1067 616 1140 que
651 1037 1209 1138 deprehenderes!
1248 1065 1416 1135 quos
1452 1041 1750 1109 omnium
1789 1065 1940 1111 cum
1977 1039 2372 1134 conjugibus
2407 1067 2490 1112 ac
2525 1041 2606 1111 li-

484 1153 697 1240 beriS‚
726 1177 896 1248 quos
924 1153 1125 1221 etiam
1154 1175 1307 1220 cum
1336 1148 1714 1220 domesticis
1751 1149 1882 1218 aris
1910 1148 2202 1242 focisque
2229 1149 2606 1222 sermones!

480 1263 699 1334 Scires
744 1261 1143 1332 mollissimis
1186 1259 1317 1329 illis
1360 1259 1636 1330 auribus
1675 1260 1906 1354 parci:
1952 1274 2021 1328 et
2059 1259 2344 1355 alioqui,
2390 1285 2606 1355 quum

480 1375 616 1456 sint
655 1373 885 1443 odium
930 1395 1251 1466 amorque
1288 1371 1658 1457 contraria,
1693 1369 1823 1439 hoc
1859 1393 2180 1464 perquam
2229 1369 2442 1439 simile
2481 1371 2604 1440 ha-

478 1484 675 1568 hent,
715 1481 897 1578 quod
930 1481 1025 1550 ibi
1060 1481 1620 1574 intemperantius
1654 1503 1958 1548 amamus
1991 1479 2206 1550 honos
2237 1480 2608 1576 principes,

412 1639 423 1652 ·
478 1593 595 1662 ubi
634 1592 907 1662 liberius
942 1590 1152 1661 malos
1188 1590 1474 1660 odimus.

544 1696 554 1706 ’
581 1713 823 1782 LXIX.
862 1712 1112 1808 Cepisti
1144 1727 1366 1782 tamen
1402 1725 1470 1778 et
1499 1707 1778 1778 affectus
1812 1709 2022 1778 nostri
2053 1723 2121 1778 et
2143 1709 2373 1802 judicii
2401 1734 2602 1805 expe-

412 1845 419 1858 ·
474 1825 862 1910 rimentum,
907 1837 1226 1917 quantum
1266 1819 1629 1890 maximum
1674 1841 1961 1913 praesens
2009 1843 2245 1914 capere
2295 1823 2602 1917 potuisti,

472 1931 585 2003 illo
614 1933 754 2020 die,
789 1956 924 2026 quo
960 1929 1355 2002 solicitudini
1388 1928 1756 2024 pudorique
1787 1925 2286 1999 candidatorum
2315 1933 2408 2000 ita
2439 1955 2604 2001 con·

472 2043 763 2132 suluisti‚
802 2068 887 2113 ne
924 2041 1117 2111 ullius
1162 2039 1475 2136 gaudium
1511 2037 1776 2106 alterius
1813 2037 2075 2106 tristitia
2110 2039 2446 2110 turbaret:
2488 2042 2601 2112 alii

472 2181 623 2226 cum
650 2155 900 2241 laetitia,
925 2153 1031 2223 alii
1057 2179 1210 2224 cum
1234 2176 1349 2248 spe
1375 2161 1788 2220 recesserunt
1815 2171 1830 2214 :
1856 2147 2076 2217 multis
2101 2149 2600 2245 gratulandum,

472 2289 669 2334 nemo
706 2261 1145 2334 consolandus
1182 2263 1323 2332 fuit.
1356 2261 1502 2347 Nec
1537 2255 1686 2326 ideo
1723 2257 1983 2350 segnius
2016 2257 2292 2352 juvenes
2332 2269 2600 2334 nostros

472 2377 854 2446 exhortatus
878 2398 978 2462 es,
1006 2388 1303 2443 senatum
1336 2368 1797 2453 circumirent,
1821 2371 2080 2437 'senatui
2109 2371 2560 2467 supplicarent
2575 2422 2599 2461 ,

468 2558 683 2621 propter
720 2544 991 2597 utilitatem
1020 2542 1231 2624 civiuin.
1252 2540 1485 2592 Enna.

538 2618 864 2687 -Sodfidea
888 2614 1125 2666 Omnino
1148 2624 1305 2665 etim
1318 2614 1454 2681 fides
1463 2648 1483 2673 ,

466 2714 649 2749 verum
694 2712 806 2748 non
852 2693 983 2747 sola.
1026 2694 1107 2746 Ita
1154 2708 1291 2763 supe
1322 2690 1488 2763 loqui-

475 2772 799 2905 marg-cela
823 2854 1078 2919 princepis.
1106 2850 1223 2905 Hoc
1248 2863 1328 2904 est
1351 2888 1367 2913 ‚
1398 2862 1483 2903 tu-

464 2934 569 2987 tela
592 2933 795 2987 civium
814 2968 829 2993 ‚
848 2932 941 3002 qui
963 2948 1144 2984 amore
1160 2944 1214 2984 et
1238 2930 1484 2985 obedien-

462 3012 537 3067 tia
554 3030 644 3065 sna
660 3009 949 3083 principem
966 3020 1199 3065 tuentur.
1218 3010 1339 3063 Hac
1357 3028 1483 3081 ergo

464 3096 615 3161 eur-pis
631 3106 707 3143 ese
720 3128 737 3151 ,
764 3095 809 3141 si
823 3092 1036 3158 principi
1052 3093 1289 3159 imputari
1296 3104 1476 3158 potest,

464 3172 507 3223 si
530 3171 667 3225 cive·
693 3170 919 3240 principi
946 3168 1093 3222 illam
1118 3168 1335 3223 tutelam
1358 3180 1478 3221 tan·

460 3268 620 3322 quam
650 3248 963 3305 beneficium
988 3248 1241 3302 collatum
1274 3247 1477 3302 adscri-

461 3328 585 3381 bere
602 3338 845 3401 pounnt.
858 3327 924 3380 E.

532 3424 585 3477 7.
602 3410 775 3459 Sco-es.
788 3441 803 3456 .
824 3442 839 3456 .
858 3444 872 3459 .
876 3408 1041 3475 pan-1⁹.
1058 3406 1239 3470 Quum
1265 3405 1477 3460 audires

460 3486 515 3538 in
558 3485 779 3557 privatis
818 3484 1007 3539 nostris
1044 3483 1374 3537 sermonibus
1420 3496 1476 3539 te

458 3564 619 3617 tantis
626 3562 869 3618 landibne
880 3561 1153 3636 predicari
1168 3602 1184 3629 ,
1196 3563 1307 3633 jam
1316 3564 1474 3618 acin-ee

458 3660 555 3695 nos
576 3654 629 3697 te
652 3655 903 3715 prasente
928 3654 981 3695 et
1004 3640 1251 3694 audiente
1272 3642 1341 3695 ab
1366 3642 1471 3696 iuis

460 3722 705 3777 laudibus
736 3722 857 3776 ideo
883 3720 1147 3775 abstinere
1164 3758 1181 3783 ,
1206 3720 1474 3793 quodan-

457 3802 601 3855 ribus
627 3803 733 3855 tuis
768 3798 1321 3870 verecundis‚parca·e
1344 3802 1475 3855 veli-

456 3900 594 3936 mus.
631 3882 707 3933 Ex
736 3879 849 3931 istis
882 3877 1129 3933 leudibus
1158 3879 1353 3933 nostris
1389 3899 1471 3934 se·

454 3961 609 4014 cretis
632 3970 691 4010 tu
716 3956 815 4009 tibi
830 3957 1097 4009 silentium
1120 3968 1359 4011 nostruin
1380 3978 1476 4031 pu·

454 4040 654 4092 blicam
690 4036 1018 4107 interpretari
1062 4036 1249 4109 ponis.
1294 4038 1357 4092 E.
1402 4070 1476 4081 —-

454 4116 611 4170 Cous.
640 4114 691 4167 J.
714 4116 778 4167 Α.
802 4113 1153 4185 Ernestiuand
1180 4116 1237 4169 h.
1264 4116 1303 4169 l.
1326 4118 1383 4171 S.
1403 4150 1475 4161 --

1573 2541 1726 2589 Scires
1753 2540 2040 2591 mllissimets
2076 2544 2172 2593 illis
2199 2546 2400 2595 auribus
2432 2548 2598 2613 parci.

1573 2617 1738 2670 Nimis
1771 2616 1876 2669 hoc
1903 2618 2020 2670 loeo
2057 2632 2330 2691 arguuntur
2359 2623 2600 2679 Schwar-

1573 2696 1684 2749 zius
1705 2734 1722 2760 ,
1760 2710 1812 2751 et
1855 2692 2193 2753 difficultates
2237 2702 2421 2755 nectit.
2463 2704 2598 2757 Mihi

1571 2792 1692 2829 cum
1707 2776 1948 2835 Gesnero
1972 2776 2155 2831 omnia
2171 2778 2334 2851 plana
2360 2794 2484 2833 sunt
2503 2800 2518 2835 ε
2539 2782 2598 2835 si

1571 2868 1767 2909 nect-eta
1795 2868 1970 2912 nostra
1997 2874 2240 2910 cerneres
2270 2868 2323 2911 et
2349 2858 2596 2926 audires,

1569 2933 1795 3001 videres,
1811 2937 1956 2991 illam
1975 2936 2350 3007 parcimoniam
2369 2938 2598 2993 landum

1569 3022 1780 3073 tuarum
1795 3012 1936 3067 hanc
1947 3013 2144 3069 haba-e
2157 3032 2396 3069 causum
2413 3056 2430 3083 ,
2445 3018 2596 3089 qnod

1567 3092 1672 3145 mis
1691 3094 1910 3148 nuribus
1941 3094 2226 3165 parcimus.
2251 3095 2392 3148 Nam
2426 3102 2594 3150 molles

1565 3188 1709 3223 aures
1727 3184 1877 3236 sunt,
1899 3190 2016 3241 qun
2045 3190 2222 3227 acrem
2251 3192 2464 3228 sensnm
2493 3176 2593 3229 hn-

1565 3248 1693 3303 bent
1715 3250 1772 3303 in
1791 3262 2070 3323 utramque
2085 3264 2293 3324 partem
2315 3272 2330 3307 :
2353 3253 2592 3308 sentiunt

1565 3330 1707 3383 bona
1737 3342 1792 3384 et
1825 3330 2000 3394 mala,
2029 3348 2148 3403 quo
2185 3332 2298 3384 alin
2318 3350 2432 3385 non
2467 3352 2590 3388 sen·

1561 3410 1718 3463 tiunt.
1735 3411 1884 3465 Eu.

1633 3492 1828 3548 LXIX.
1872 3512 1917 3547 ι.
1954 3496 2266 3548 δοὶἰσίτειᾰίηι·
2285 3500 2586 3568 pudorique.

1561 3576 1870 3625 Soliee'mdiui
1899 3590 2086 3626 eornm
2103 3610 2120 3637 ,
2155 3574 2245 3646 qui
2273 3574 2586 3648 designatio-

1561 3668 1644 3703 em
1676 3652 1980 3705 consulatus
2009 3654 2378 3725 exspectabant
2397 3668 2452 3709 et
2475 3676 2590 3730 spe-

1561 3731 1752 3784 rabant
1765 3748 1780 3795 3
1794 3734 1978 3800 pudori
1985 3748 2169 3787 eornm
2185 3770 2200 3797 ,
2217 3735 2306 3805 qui
2315 3738 2584 3809 repulsam

1564 3808 1818 3864 tulissent.
1831 3810 1898 3865 E.

1635 3906 1684 3941 2.
1721 3894 1952 3942 &natm
1989 3894 2314 3945 circumit-ent.
2345 3894 2586 3967 Rognndi

1562 3978 1616 4021 et
1661 3968 1951 4037 prensandi
1981 3988 2189 4032 ausen,
2233 3984 2296 4024 nt
2321 3972 2438 4027 Cic.
2474 3974 2582 4027 Aa.

1563 4044 1714 4109 XIV,
1743 4064 1839 4100 21:
1865 4051 2134 4101 Antonium
2160 4053 2414 4103 emunim
2441 4066 2582 4103 mte-

1565 4142 1728 4179 ranos.
1749 4123 1836 4179 Sic
1853 4126 1971 4181 Liv.
1999 4126 2059 4193 1,
2093 4132 2164 4199 47
2181 4168 2197 4195 ,
2221 4128 2586 4182 abicit-eumin
