2857 4690
542 379 683 466 434
1058 375 1502 444 NOTITIA
1551 373 2132 442 LITERARIA

532 531 671 592 sive
710 521 890 590 dixit
897 573 920 607 ,
972 518 1195 588 denuo
1228 515 1450 585 editus
1467 567 1488 602 ,
1541 531 1825 584 curante
1857 519 1963 584 Jo.
2003 515 2522 586 Frischmanno.
2552 549 2670 567 —-·

532 634 693 699 Haec
732 625 834 696 ed.
864 624 1095 694 eadem
1130 637 1231 692 est
1264 647 1415 692 cum
1449 621 1806 716 superiori,
1839 621 2066 692 iisdem
2099 623 2346 692 chartis
2381 637 2450 692 et
2481 627 2664 717 typis

534 757 771 805 excusa
802 787 822 818 ‚
876 733 997 800 nisi
1038 729 1217 823 quod
1254 732 1354 799 Jo.
1404 727 1948 812 Frischmannus‚
1994 729 2108 821 qui
2161 743 2325 799 tunc
2371 729 2663 823 hospitio

534 838 933 932 Berneggeri
982 856 1138 904 usus
1167 883 1187 918 ‚
1236 849 1305 902 et
1344 831 1578 902 studia·
1599 857 1946 926 moresque
1984 837 2086 902 Jo.
2126 837 2262 904 Jac.
2310 835 2662 904 Stockheri

530 945 909 1017 moderatus
930 951 1061 1010 “est
1087 994 1107 1028 ,
1150 963 1343 1010 suum
1383 963 1630 1008 nomen
1661 938 1862 1008 titulo
1911 939 2191 1034 praefixit
2213 993 2232 1026 ‚
2291 955 2364 1010 et
2417 943 2660 1010 omissa

536 1050 882 1122 Stockheri
924 1045 1333 1116 dedicatione
1352 1098 1371 1129 ‚
1416 1047 1702 1139 itemque
1745 1047 2138 1139 Berneggeri
2185 1045 2465 1140 epistola
2491 1101 2512 1132 ‚
2551 1071 2660 1116 re-

526 1160 845 1253 jectisque
886 1153 1145 1223 duobus
1188 1152 1624 1236 carminibus,
1661 1152 1801 1244 ipse
1845 1175 1965 1220 suo
2007 1153 2274 1220 nomine
2312 1152 2508 1222 aliam
2543 1152 2657 1221 de·

532 1261 791 1333 dicandi
828 1255 1179 1329 formulam
1198 1310 1217 1345 ,
1249 1281 1526 1350 eamque
1555 1260 1606 1323 F
1609 1255 1922 1343 riderico,
1945 1257 2320 1326 Marchioni
2355 1259 2663 1346 Badensi‚

532 1371 913 1461 inscriptam
934 1417 953 1452 ,
1008 1365 1319 1457 reposuit.
1368 1361 1534 1430 Inde
1599 1384 1762 1430 vero
1817 1387 1940 1430 usu
2007 1365 2187 1431 venit
2208 1417 2228 1449 ‚
2289 1379 2363 1432 ut
2424 1365 2658 1434 eadem

530 1475 733 1544 editio
768 1471 970 1540 modo
1000 1473 1448 1564 Berneggero‚
1484 1467 1682 1536 modo
1713 1468 2188 1538 Frischmanno
2222 1471 2661 1539 adscribatur.

531 1583 809 1650 Interim
845 1577 973 1646 hac
1014 1576 1303 1646 editione
1356 1573 1536 1642 haud
1575 1598 1750 1667 aegre
1787 1597 2014 1643 carere
2053 1589 2272 1668 potest
2297 1629 2318 1660 ‚
2361 1578 2470 1644 cui
2509 1575 2668 1644 licet

532 1689 627 1756 uti
662 1710 781 1770 ea,
822 1707 970 1777 quae
1006 1707 1062 1750 a.
1106 1679 1298 1777 1675
1351 1679 1596 1776 prodiit
1636 1678 1850 1772 Lugd.
1885 1683 2024 1748 Bat.
2075 1705 2158 1748 ex
2199 1680 2470 1750 officina
2527 1685 2662 1751 Ha·

522 1794 795 1878 citiam,
834 1788 918 1859 de
952 1813 1083 1883 qua
1124 1787 1313 1857 infra.

434 1987 439 1990 Ι
650 1895 862 1983 1640.
902 1893 1124 1988 Lugd.
1150 1898 1307 1963 Bal.
1344 1891 1750 1960 Elseviriana
1776 1893 1840 1976 1,
1883 1915 1908 1960 1
1929 1915 1992 1960 2.
2031 1894 2100 1963 C.
2133 1893 2350 1962 Plinii
2369 1895 2663 1989 Episto-

530 2007 751 2076 larum
786 2001 946 2071 libri
976 2003 1081 2084 X,
1124 2015 1197 2068 ct
1238 2002 1723 2092 Panefflwicus.
1761 1997 2124 2066 Accedunt
2157 2003 2520 2068 variantes
2567 2001 2664 2068 le·

530 2117 804 2180 ctzbnes.
856 2110 981 2176 Ex
1032 2103 1325 2200 oſji'cina
1372 2107 1445 2172 E
1448 2105 1877 2173 Lseusnomm
1918 2137 2016 2148 —·
2057 2104 2277 2173 Editio
2327 2121 2660 2174 accurata.

528 2217 875 2285 variantes
920 2210 1233 2280 lectiones
1284 2211 1542 2279 nonnisi
1581 2209 1944 2303 praecipuas
2002 2208 2237 2292 habet,
2281 2233 2522 2304 easque
2577 2212 2664 2280 ad

532 2321 779 2403 calcem
818 2317 1118 2413 rejectas,

650 2424 863 2511 1643.
910 2427 969 2491 ('
972 2443 1241 2507 enevoe,
1306 2424 1373 2505 [ι.
1435 2422 1507 2491 C.
1564 2422 1777 2491 Ρὶίηιι
1827 2424 2296 2515 Epi-stolarum
2351 2424 2512 2493 libri
2570 2430 2658 2495 Χ.

528 2530 857 2625 Ejmdem
896 2531 1363 2620 szegm‘cus
1418 2526 1728 2617 Trajano
1767 2526 2006 2596 decue-5.
2051 2552 2200 2599 cum
2245 2548 2659 2599 commenta-

530 2644 647 2708 re'is
682 2640 789 2706 Jo.
834 2638 1092 2705 Man'ce
1126 2636 1448 2704 Catanaez·
1464 2686 1485 2717 ,
1526 2636 1662 2701 viri
1687 2632 2073 2703 doctissimi.
2119 2635 2464 2727 Adjemcti
2503 2654 2662 2705 sunt

530 2746 661 2814 alii
708 2740 814 2810 ad
856 2742 1033 2809 alios
1102 2740 1419 2808 Coesares
1467 2742 1884 2832 Panegyrz'cz'
1913 2792 1934 2825 ,
1995 2740 2098 2809 ad
2123 2740 2357 2830 fi'tkm
2411 2749 2668 2812 vetusu'

532 2849 947 2943 exemplaris·
965 2844 1323 2915 cnaendati.
1348 2846 1644 2912 Genevoe
1660 2897 1683 2930 ,
1721 2845 1918 2939 apud
1933 2850 2207 2915 Petrum
2231 2862 2304 2915 et
2323 2850 2656 2917 Iacobum

538 2956 809 3029 Ckouet.
836 2992 941 3003 --
959 2950 1189 3019 Refert
1214 2949 1354 3019 haec
1392 2949 1600 3018 editio
1639 2950 1990 3019 editionem
2019 2952 2204 3021 Pauli
2242 2954 2565 3047 Stephani
2599 2978 2654 3023 a.

544 3062 777 3147 1600,
806 3058 991 3150 cujus
1026 3070 1095 3124 et
1128 3054 1584 3148 praefationem
1615 3057 1967 3148 praemittit.

652 3192 675 3235 1
694 3163 865 3250 643.
906 3166 1193 3231 Parzlrz’zlr
1211 3212 1232 3245 ,
1286 3182 1313 3229 1
1332 3186 1395 3229 2.
1441 3162 1627 3231 XIV
1656 3166 2074 3255 Panegyrici
2101 3180 2363 3233 veteres
2393 3162 2416 3253 (
2444 3190 2662 3235 acces-

533 3277 619 3343 sit
657 3268 1099 3363 Panegyricus
1148 3268 1421 3335 Ausonii
1465 3281 1530 3334 et
1569 3262 1904 3354 Ennodii)
1939 3268 2044 3337 ad
2067 3277 2424 3365 antiquam
2445 3325 2466 3357 ,
2518 3296 2656 3365 qua

530 3380 887 3449 edittbncm
912 3424 932 3458 ‚
992 3395 1136 3468 qua
1192 3378 1599 3466 scripturam
1627 3424 1650 3459 ‚
1707 3376 1988 3467 z'rfim'tcls
2036 3377 2203 3445 locis
2257 3378 2608 3447 emendati
2633 3432 2652 3461 ‚

528 3488 722 3555 aucti
734 3536 755 3567 ‚
804 3496 1014 3551 antea
1062 3477 1333 3573 quadem
1374 3501 1507 3573 ope
1561 3482 1664 3547 Jo.
1711 3483 1895 3547 Mar.
1943 3483 2294 3568 Catccnoei,
2337 3486 2452 3552 Fr,
2493 3486 2656 3553 Bal.

528 3592 724 3661 dumi
742 3642 763 3673 ,
822 3590 1053 3655 Herm.
1105 3588 1411 3677 Rayanc‘,
1462 3587 1564 3653 Jo.
1609 3586 1916 3671 lec‘nez'i,
1960 3590 2140 3655 Iusti
2170 3590 2434 3685 lipsa}
2479 3614 2662 3658 nunc

367 3690 379 3705 ‘
526 3720 693 3766 vero
720 3714 939 3788 opera
978 3695 1147 3760 Iani
1188 3694 1476 3759 Gruoen'.
1509 3694 1780 3759 Proeter
1807 3716 2092 3785 quorum
2135 3702 2661 3765 commentarios

528 3818 601 3870 et
640 3814 842 3868 notas
890 3796 1227 3867 accedunt
1264 3800 1472 3864 etiam
1511 3796 1923 3887 conJcauroe
1967 3801 2320 3869 Valentini
2347 3802 2664 3869 Acidalii

526 3922 595 3975 ct
636 3908 830 3977 Conr.
878 3902 1307 3973 linter-slawic·
1336 3901 1441 3969 ad
1471 3900 1822 3971 duodecim
1867 3906 2336 3999 Panegyricos
2359 3910 2651 4000 priores.

528 4012 656 4083 Ad
670 4010 841 4081 duos
858 4024 1086 4077 autem
1098 4012 1514 4101 posten'ores
1537 4008 1720 4075 Elioe
1741 4012 1816 4075 V
1805 4014 1974 4077 laeli
1981 4062 2002 4095 ‚
2035 4010 2342 4081 Andreae
2359 4012 2650 4092 Scholti,
