2857 4690
947 365 1084 433 DE
1130 365 1211 432 c,
1265 363 1658 432 Pmmo.
2231 373 2367 465 447

224 505 611 596 (mendose
632 501 917 597 Vereto)
944 509 1275 602 inscriptoe
1296 506 1773 602 fragmentum3
1795 505 1836 576 3
1859 559 1878 594 ,
1911 511 2012 577 Jo.
2041 513 2146 578 Fr.
2179 515 2247 581 Z
2245 515 2378 608 ff

192 613 647 696 ⁴dedicatoria
692 619 729 683 J
734 616 1017 702 untinae3
1067 617 1113 698 4
1138 666 1157 702 ,
1206 617 1410 682 Henr.
1449 613 1788 709 Stephani
1839 613 2026 708 praef.
2087 641 2222 686 suae
2263 639 2365 687 an.

244 743 269 788 ι
298 721 399 814 59
416 745 441 789 1
460 771 475 786 .
500 722 771 790 Coeteris
794 721 1277 814 antiquioribus
1301 718 1401 788 vel
1435 720 1888 814 superioribus
1909 775 1927 808 ,
1951 745 2096 816 quae
2124 727 2369 818 repeti-

225 829 425 894 tione
490 827 703 921 dignae
767 826 975 895 videri
1025 841 1333 921 poterant
1352 879 1371 912 ‚
1422 841 1496 894 ut
1553 826 1990 896 Cratandrina
2044 843 2324 924 utraque
2353 885 2372 917 ‚

226 932 743 1019 Boxhorniana,
772 933 1269 1017 Veenhusiana,
1286 932 1760 1018 Thomasiana‚
1785 947 1908 1002 etc.
1947 937 2202 1005 omissis
2231 937 2372 1004 sub-

228 1039 537 1107 stituitur
576 1040 809 1108 notitia
846 1039 1231 1107 Fabriciana
1264 1037 1347 1106 de
1382 1037 1594 1107 Plinio
1631 1037 1716 1105 ab
1748 1039 1894 1132 ipso
1931 1042 2230 1114 Fabricio
2257 1066 2372 1111 au-

230 1144 439 1212 ctior.
490 1147 869 1238 Sequuntur
904 1147 1009 1213 Fr.
1040 1149 1423 1215 Bramme-ri
1453 1142 1835 1214 collationes
1875 1170 2029 1215 cum
2073 1173 2112 1217 2
2157 1149 2368 1218 codd.

230 1251 438 1318 MSS.
489 1265 556 1320 et
597 1250 697 1318 ed.
746 1249 1020 1345 Neapol.
1074 1247 1267 1345 1476
1314 1251 1521 1320 serius
1559 1249 1886 1344 Longolio
1927 1256 2369 1340 transmissae3

232 1370 387 1424 tum
428 1357 586 1424 Vita
616 1355 809 1426 Plinii
848 1380 889 1424 a
922 1361 1022 1425 Jo.
1060 1357 1399 1424 Massono
1437 1359 1680 1450 scripta
1722 1379 1802 1426 ex
1841 1357 1943 1426 ed.
1989 1363 2058 1428 II
2091 1365 2368 1430 auctior.
2481 1411 2490 1429 ,

234 1465 405 1529 Haec
460 1464 683 1531 omnia
734 1464 1223 1558 praemittuntur
1268 1464 1478 1530 textui
1523 1465 1689 1556 Epp.
1745 1465 1920 1533 notis
1962 1467 2157 1536 Varr.
2213 1468 2370 1536 illu-

232 1581 473 1636 strato.
527 1571 717 1663 Opus
756 1567 1073 1637 claudunt
1118 1569 1215 1637 VI
1262 1568 1522 1638 Indices
1575 1567 1932 1638 verborum
1958 1621 1978 1656 ,
2013 1597 2298 1665 quorum
2340 1588 2373 1652 Ι

236 1675 637 1758 verborum,
687 1673 886 1743 stulta
926 1673 1259 1768 diligentia
1296 1675 1610 1768 scriptus,
1637 1689 1852 1767 oequat
1882 1675 2026 1745 illos
2068 1679 2136 1745 in
2173 1703 2368 1748 usum

236 1779 589 1874 Delphini.

357 1883 576 1981 1735.
620 1889 969 1980 Gottiagoe
994 1939 1016 1972 ,
1060 1886 1126 1955 8.
1167 1886 1246 1953 C.
1287 1884 1477 1953 Plinii
1529 1887 1699 1952 Caec.
1742 1887 2028 1956 Secundi
2073 1891 2367 1986 Panegy—

235 1991 451 2077 ricus,
488 2006 631 2060 tum
661 1991 954 2079 aliunde,
988 2006 1131 2060 tum
1166 2016 1245 2060 ex
1278 1990 1851 2060 observationibus
1881 1991 2126 2063 Christ.
2159 1996 2364 2067 Gottl.

232 2095 627 2168 Schwarzii
674 2097 1061 2166 emendatus
1110 2119 1151 2164 a
1207 2101 1307 2166 Jo.
1364 2096 1606 2165 Matth.
1656 2100 1974 2166 Gesner-o.
1999 2133 2102 2150 -·
2127 2105 2371 2173 Praeter

234 2203 721 2298 praefationem..
740 2201 917 2273 solus
958 2218 1303 2273 contextus
1337 2203 1722 2296 Panegyrici
1761 2203 2127 2274 exhibetur.

359 2333 383 2379 1
406 2307 575 2407 735.
616 2311 861 2397 Halae,
900 2310 963 2381 8.
1002 2309 1312 2405 Epistola!
1352 2306 1642 2395 selectae,
1669 2333 1752 2377 ex
1793 2313 2172 2383 recensione
2199 2317 2368 2384 Ka.»-

233 2418 437 2485 elzeri.
934 2418 947 2447 ¹
1755 2438 1762 2443 ’

358 2546 383 2591 1
404 2520 575 2619 737.
610 2524 1072 2617 Regiomonti‚
1120 2546 1145 2591 1
1166 2547 1229 2591 2.
1261 2520 1574 2615 Epistolae
1605 2535 1674 2589 et
1707 2522 1949 2618 Paneg.
1983 2550 2041 2593 c.
2081 2552 2146 2593 n.
2181 2528 2370 2599 Chri-

232 2628 458 2723 stoph.
508 2627 767 2697 Cellarii
813 2644 881 2697 et
934 2633 1035 2697 Jo.
1092 2628 1335 2699 Christ.
1392 2630 1674 2722 Herzog.
1725 2630 2029 2723 Repetita
2085 2658 2166 2702 ex
2219 2635 2365 2703 edd.

251 2760 273 2803 ι
362 2760 381 2803 ι
409 2760 438 2803 1
454 2788 468 2803 .

296 2758 575 2936 71737.
636 2845 1022 2935 Gottingae,
1082 2842 1150 2910 8.
1189 2841 1670 2932 Panegyricus,
1713 2864 1865 2909 cum
1925 2843 2099 2912 obss.
2151 2848 2227 2913 C.
2282 2850 2362 2916 G.

234 2946 607 3016 Schwarzii.

359 3076 382 3121 ι
405 3050 573 3148 738.
605 3050 1163 3135 Amstelcedami‚
1200 3054 1269 3135 4.
1302 3054 1377 3120 C.
1408 3049 1596 3118 Plinii
1632 3052 1806 3119 Caec.
1844 3052 2128 3122 Secundi
2155 3056 2365 3125 Pane-

238 3159 505 3253 gyricus
528 3212 547 3244 ,
579 3183 729 3227 cum
765 3159 936 3227 notis
974 3157 1245 3250 integris
1276 3160 1512 3224 Franc.
1545 3159 1582 3222 J
1589 3158 1794 3241 arcti,
1821 3158 2006 3226 Joan.
2049 3159 2365 3248 Livineii‚

234 3266 411 3333 Justi
433 3266 639 3359 Lipsii
663 3318 681 3351 ‚
708 3264 883 3332 Petr.
906 3263 1099 3331 Fabri
1122 3315 1141 3348 ‚
1164 3264 1369 3333 Conr.
1396 3260 1850 3347 Rittershusii‚
1877 3266 2026 3332 Jani
2054 3270 2328 3335 Gruteri
2346 3324 2364 3351 ,

232 3372 485 3439 Christ.
525 3369 735 3440 Gottl.
766 3370 1115 3439 Schwarzii
1136 3422 1157 3453 ‚
1184 3384 1253 3437 et
1289 3366 1548 3438 selectis
1575 3366 1856 3436 aliorum
1887 3420 1906 3453 ‚
1939 3386 2218 3445 curante
2255 3378 2356 3443 Jo.

234 3479 657 3562 Amtzem'o‚
681 3478 793 3569 qni
826 3491 894 3544 et
920 3499 1067 3543 suas
1096 3477 1554 3543 annotationes
1585 3473 1842 3566 adjecit.
1864 3477 2136 3545 Accedit
2163 3482 2362 3548 Joan-

234 3585 337 3651 nis
406 3586 697 3651 Masson
760 3584 915 3649 Vita
970 3580 1184 3649 Plinii.
1244 3580 1466 3649 Editio
1521 3580 1716 3648 tertia
1780 3582 2052 3650 auctior.
2076 3618 2180 3630 --
2203 3589 2364 3655 Haec

235 3691 577 3757 Arntzenii
602 3688 803 3757 editio
832 3686 1337 3757 commendatur
1375 3688 1464 3755 ab
1503 3709 1628 3755 usu
1655 3701 2082 3780 exceptorum
2107 3714 2146 3757 e
2173 3693 2362 3762 MSS.

236 3793 419 3863 libris
462 3793 757 3888 pluribus
780 3848 801 3879 ‚
832 3794 1225 3887 conjecturis
1263 3794 1558 3863 virorum
1595 3792 1975 3880 doctorum,
2006 3796 2088 3863 N.
2117 3800 2366 3868 Heinsii

232 3915 301 3967 et
352 3900 723 3968 Perizonii:
778 3898 1103 3994 habetque
1150 3916 1339 3969 notas
1381 3914 1448 3969 et
1503 3898 1772 3967 selectas
1824 3922 1904 3967 ex
1959 3899 2111 3969 edd.
2176 3926 2365 3999 supe-

236 4006 521 4073 rioribus
552 4060 571 4091 ,
614 4022 681 4099 et
722 4030 871 4073 suas
910 4006 1079 4075 bene
1122 4004 1379 4075 multas.
1423 4006 1628 4073 Crisis
1666 4020 1764 4073 est
1799 4006 2130 4093 modesta,
2173 4024 2238 4077 et
2279 4010 2366 4078 ab
