2857 4690
812 409 1325 483 PANEGYR.
1380 420 1602 491 CAP.
1657 427 1802 497 111.
2241 449 2373 534 241

222 525 427 616 quasi
476 550 616 595 non
668 527 958 618 dicturi,
995 536 1123 604 nisi
1172 535 1438 629 fecerit,
1475 557 2030 643 comprecamur?
2065 563 2171 632 Ad
2215 593 2384 662 quas

220 633 345 703 ille
392 659 590 706 voces
638 637 947 736 lacrymis
995 647 1195 716 etiam
1251 675 1330 721 ac
1377 654 1592 728 multo
1644 661 1904 755 pudore
1944 670 2378 754 suffunditur.

218 746 562 840 Agnoscit
595 751 775 819 enim
813 756 1179 850 sentitque,
1206 761 1373 850 sibi,
1409 791 1548 836 non
1587 770 1917 871 principi,
1953 778 2106 852 dici.

327 858 457 927 ΙΙΙ.
497 859 719 952 Igitur
756 864 941 956 quod
978 881 1578 963 temperamentum
1623 907 1854 955 omnes
1895 891 1965 958 in
2001 892 2119 964 illo
2157 902 2382 974 subito

218 967 503 1061 pietatis
522 969 743 1041 calore
768 978 1207 1068 servavimuS,
1227 983 1357 1054 hoc
1378 987 1626 1084 singuli
1654 1020 1924 1094 quoque
1941 1006 2382 1108 meditatique

220 1091 619 1174 teneamus3
652 1083 1103 1184 sciamusque,
1130 1088 1393 1164 nullum
1435 1123 1576 1168 esse
1612 1127 1832 1200 neque
1863 1113 2220 1211 sincerius,
2255 1149 2381 1195 ne-

216 1211 363 1280 que
412 1191 752 1286 acceptius
802 1221 1017 1294 genus
1066 1203 1434 1300 gratiarum
1458 1264 1478 1297 ,
1515 1237 1716 1306 quam
1755 1222 1938 1314 quod
1982 1225 2124 1299 illas
2157 1234 2380 1306 accla—
2459 1327 2468 1336 ι

214 1299 559 1370 mationes
606 1303 993 1396 aemuletur,
1052 1335 1201 1404 quae
1249 1313 1548 1410 fingendi
1599 1349 1738 1394 non
1791 1329 2043 1405 habent
2090 1352 2378 1439 tempus.

216 1409 581 1498 Quantum
616 1413 700 1482 ad
738 1441 847 1486 me
878 1420 1203 1513 pertinet,
1241 1423 1600 1521 laborabo,
1635 1451 1715 1505 ut
1748 1444 2124 1519 orationem
2159 1443 2378 1530 ineam
2419 1499 2450 1530 2¹-

214 1518 307 1587 ad
338 1521 738 1593 modestiam
757 1529 1091 1624 Principis
1108 1533 1778 1640 moderationemque
1799 1553 2190 1632 submittam
2211 1620 2230 1654 ,
2253 1593 2380 1641 nec

214 1630 453 1700 minus
500 1635 981 1724 considerabO,
1015 1642 1181 1735 quid
1230 1669 1423 1716 aures
1473 1651 1618 1742 ejus
1659 1659 1800 1749 pati
1837 1667 2130 1756 possint,
2171 1700 2376 1769 quam

212 1739 391 1834 quid
440 1745 799 1816 virtutibus
848 1747 1195 1822 debeatur.
1252 1757 1504 1853 Magna
1554 1779 1622 1834 et
1673 1767 1991 1847 inusitata
2043 1783 2376 1883 Principis
2413 1810 2450 1863 3

213 1849 474 1944 gloria,
516 1856 624 1924 cui
678 1860 926 1951 gratias
976 1877 1285 1954 acturus,
1328 1895 1468 1940 non
1519 1890 1654 1945 tam
1700 1906 1972 1976 vereor,
2010 1917 2098 1962 ne
2141 1923 2250 1968 me
2301 1902 2374 1972 in

214 1960 536 2035 laudibus
586 1970 721 2036 suis
770 1993 1086 2064 parcum,
1122 2001 1327 2070 quam
1366 2007 1452 2050 ne
1497 1987 1779 2059 nimium
1819 2011 2031 2090 pu'tet.
2075 2011 2233 2079 Haec
2267 1990 2376 2082 me
2409 2026 2445 2084 6

212 2097 416 2160 cura,
446 2076 591 2147 haec
638 2079 998 2151 difficultas
1035 2084 1176 2154 sola
1212 2088 1603 2165 circumstat
1635 2125 1653 2167 ε
1695 2127 1850 2172 nam
1895 2118 2178 2185 merenti
2215 2145 2370 2215 gra-

211 2184 345 2253 tias
374 2209 607 2281 agere,
634 2187 827 2260 facile
852 2209 989 2281 est,
1014 2197 1245 2267 Patres
1270 2203 1676 2301 Conscripti.
1710 2201 1864 2283 Non
1897 2222 2080 2291 enim
2107 2231 2374 2320 pericu·-

211 2293 361 2367 lum
396 2312 497 2369 est
519 2353 538 2384 ,
567 2325 653 2370 ne
672 2354 693 2387 ,
726 2329 939 2398 quum
966 2305 1207 2402 loquar
1230 2311 1313 2382 de
1342 2313 1795 2413 humanitate,
1820 2334 2214 2427 exprobrari
2242 2344 2370 2415 sibi

210 2409 601 2503 superbiam
632 2414 897 2504 credat;
929 2443 1137 2512 quum
1173 2420 1257 2490 de
1287 2423 1712 2521 frugalitate,
1748 2436 2124 2537 luxuriam3
2155 2478 2369 2547 quum

210 2514 299 2585 de
326 2516 720 2613 clementia,
764 2525 1266 2617 crudelitatem3
1304 2561 1515 2629 quum
1553 2542 1636 2611 de
1672 2544 2105 2644 liberalitate,
2146 2567 2369 2636 avari-

212 2629 419 2715 tiam;
462 2655 673 2725 quum
705 2633 791 2705 de
820 2636 1275 2732 benignitate,
1304 2643 1578 2717 livorem
1605 2678 1624 2739 ;
1653 2682 1864 2749 quum
1901 2663 1983 2733 de
2019 2675 2370 2746 continen-

212 2854 422 2908 semper
421 2838 733 2913 faciaeTraj
738 2840 889 2894 auus!
905 2845 1011 2895 hoec
1020 2844 1239 2899 uomina

210 2916 309 2969 bos
328 2914 515 2969 titulos
528 2958 545 2983 ,
566 2916 663 2970 has
684 2919 871 2973 laudes
884 2958 899 2984 ,
918 2940 1127 2995 semper
1145 2946 1239 2977 au-

208 3000 355 3049 diae!
370 2996 439 3049 G.
452 2998 739 3052 -Rectius
753 3036 771 3063 ,
788 3012 923 3073 puto
934 3039 951 3065 ,
972 3002 1239 3076 Gierigius

208 3074 323 3129 haec
370 3074 445 3128 ita
484 3078 749 3149 supplevit
774 3096 789 3131 ε
814 3098 935 3133 mox
982 3077 1235 3150 dicimus,

208 3156 341 3217 lame,
375 3173 496 3227 quoe
528 3156 629 3229 ipsi
666 3174 729 3210 ex
760 3160 943 3213 auimo
987 3180 1239 3235 appreca-

208 3250 353 3301 mur,
382 3238 593 3287 audiat!
618 3236 731 3290 Nisi
758 3239 893 3293 forte
915 3240 1103 3295 ultima
1124 3242 1239 3297 hnc

208 3316 399 3368 melius
438 3316 515 3368 sic
549 3317 901 3389 suppleantur
924 3336 938 3371 τ
962 3322 1094 3385 Ιιωσ,
1120 3340 1238 3395 quai

206 3394 646 3465 reprehendimus
664 3434 679 3461 ,
714 3398 799 3450 vel
839 3402 1236 3472 conquerimur,

207 3476 417 3525 aaziae!
434 3474 579 3528 Certi
604 3476 748 3529 enim
784 3496 997 3544 sumus,
1016 3499 1141 3533 eum
1168 3500 1238 3535 ne

206 3552 709 3624 reprehensionibus
717 3555 933 3627 quidem
942 3561 1137 3613 uostris
1145 3573 1237 3615 aut

206 3633 552 3705 querimoniis
573 3633 759 3701 irasci,
780 3636 873 3689 sed
894 3638 1238 3711 indulgentis·

206 3712 337 3765 sime
352 3730 443 3765 eas
456 3710 667 3777 audire,
680 3726 731 3766 et
748 3714 833 3779 iis,
848 3716 893 3769 si
908 3718 1027 3771 fleri
1044 3723 1231 3791 possit,

204 3791 428 3847 mederi.
461 3792 529 3845 E.
566 3822 638 3833 —
670 3794 783 3867 Ego
816 3796 1039 3851 Gesneri
1068 3800 1233 3855 ratio-

204 3890 325 3925 nem
334 3910 351 3935 ,
360 3873 417 3924 in
430 3890 539 3944 qua
552 3872 688 3925 nihil
700 3872 826 3927 duri
838 3876 1013 3942 video,
1022 3898 1229 3953 sequar.

204 3953 437 4025 Apparet
458 3952 622 4015 enim,
642 3951 872 4008 Plinium
892 3956 1037 4029 loqui
1058 3958 1127 4014 de
1144 3962 1230 4027 iis,

202 4050 320 4102 φη·
339 4032 608 4105 Trajanus
625 4033 752 4085 olim
774 4034 839 4087 sit
856 4037 1164 4105 auditurus,
1186 4044 1231 4095 si

202 4110 399 4165 civi·
418 4114 805 4183 exspectationi
825 4116 1154 4173 satisfecerit.
1173 4124 1227 4175 S.

270 4222 343 4231 —-
354 4194 685 4261 Suffimdieur.
704 4197 783 4246 De
800 4192 1005 4267 pudore
1020 4200 1232 4273 proprie

497 4280 601 4347 II.

1338 2849 1568 2907 dicitur:
1593 2874 1702 2911 uon
1731 2861 1858 2916 item
1885 2862 1954 2921 de
1979 2869 2248 2947 lacrymis.
2279 2883 2374 2937 Sic·

1338 2941 1515 2983 autem
1556 2938 1839 3008 saepissime
1873 2947 2150 3023 utriusque
2172 2956 2367 3033 ling-ua

1337 3010 1618 3082 scriptores
1626 3034 1796 3071 unum
1809 3022 2051 3093 pluribus
2062 3035 2366 3097 nominibus

1336 3090 1557 3144 verbum
1581 3096 1816 3168 jungunt
1829 3139 1846 3165 ,
1869 3107 2022 3179 cujus
2046 3111 2364 3183 significatio

1335 3186 1448 3221 non
1493 3174 1740 3263 omnibus
1789 3180 1892 3273 illis
1937 3190 2249 3250 nominibus
2292 3200 2362 3253 ad

1406 3329 1510 3382 m.
1538 3350 1587 3385 1.
1619 3340 1741 3401 Quae
1749 3343 1984 3411 fingendi
1991 3382 2148 3403 .....
2157 3368 2360 3424 temptes.
2411 3369 2428 3391 ⁸

1334 3407 1470 3474 Quae
1495 3421 1604 3465 tam
1628 3416 1866 3473 celeriter
1891 3440 2272 3502 prorumpunt,
2303 3451 2362 3492 ut

1334 3506 1522 3543 verum
1572 3498 1800 3564 pectoris
1845 3518 2056 3559 sensum
2086 3510 2358 3583 efferant,

1336 3586 1443 3621 nou
1463 3570 1650 3625 fictum
1677 3594 1740 3629 ex
1766 3577 2094 3641 adulatione.
2115 3588 2184 3644 Ε.

1408 3652 1462 3701 3.
1476 3656 1668 3721 Magna
1685 3670 1735 3707 ec
1749 3658 1988 3713 inusitata
1995 3670 2239 3739 principis
2245 3682 2359 3745 81⁰·

1331 3732 1425 3781 tia.
1451 3729 1846 3802 Epiphonema‚
1867 3741 2018 3814 cujus
2039 3766 2222 3807 sensus
2249 3768 2358 3811 tam

1330 3819 1494 3878 patet,
1511 3822 1570 3862 ut
1589 3812 1718 3865 satis
1739 3816 1922 3871 mirari
1938 3841 2222 3897 nequeam,
2241 3833 2360 3890 Gie-

1328 3886 1526 3959 rigium
1566 3890 1654 3943 hic
1691 3893 2086 3969 interpretando
2120 3909 2225 3965 labi
2265 3934 2356 3987 po-

1330 3968 1510 4021 tuisse.
1529 3970 1584 4023 S.

1402 4078 1473 4086 —
1488 4052 1722 4103 Livor-em.
1757 4055 1918 4111 Livor
1947 4068 2162 4137 proprie
2195 4081 2353 4133 vesti-

1329 4124 1478 4194 gium
1504 4139 1557 4180 et
1585 4133 1794 4188 macula
1813 4155 1934 4209 quoe
1959 4160 2022 4195 ex
2043 4156 2354 4211 contusione

1975 4306 2076 4378 ιδ’
