2857 4690
721 380 1240 452 PANEGYR.
1292 380 1514 450 cAP.
1571 386 1895 453 xxxv.
2225 390 2365 485 289

183 528 608 575 communes
630 528 827 598 opes:
848 500 1020 571 nihil
1046 500 1271 571 tamen
1298 505 1576 598 gratiuS‚
1603 506 1770 575 nihil
1799 505 2042 577 saeculo
2069 508 2364 605 digniuS,

183 638 415 709 quam
486 612 675 709 quod
728 614 1015 708 contigit
1064 612 1351 709 desuper
1402 616 1651 685 intueri
1701 615 2075 687 delatorum
2121 622 2364 715 supina

182 750 321 795 ora
350 778 372 811 ,
420 740 843 820 retortasque
884 725 1196 795 cervices.
1228 726 1776 821 Agnoscebam'us
1825 742 1895 799 et
1937 729 2362 821 fruebamur,
2401 759 2434 817 4

180 860 423 931 quum
441 834 625 905 velut
645 833 1017 929 piaculares
1034 835 1319 931 publicae
1346 836 1797 910 solicitudinis
1813 842 2100 911 victimae
2115 896 2134 931 ,
2158 866 2363 938 supra

180 970 319 1016 san
326 948 609 1042 guinem
623 947 1005 1035 noxiorum,
1014 946 1097 1016 ad
1110 946 1291 1017 lenta
1304 947 1632 1044 supplicia
1643 952 2116 1048 gravioresque
2130 974 2362 1049 poenas

180 1058 639 1129 ducerentur.
678 1059 1002 1153 Congesti
1036 1074 1195 1131 sunt
1234 1060 1307 1128 in
1349 1060 1618 1157 navigia
1646 1063 1896 1157 raptim
1935 1063 2314 1160 conquisita
2339 1108 2360 1151 ,
2398 1088 2428 1139 5

182 1192 275 1239 ac
336 1169 847 1265 tempestatibus
900 1169 1155 1258 dediti3
1202 1170 1470 1239 abirent
1496 1224 1517 1261 ,
1573 1171 2017 1268 fugerentque
2065 1188 2358 1245 vastatas

182 1280 661 1351 delationibus
698 1292 908 1351 terras
938 1306 955 1350 t
994 1304 1073 1351 ac
1095 1332 1115 1367 ,
1148 1282 1204 1351 si
1240 1306 1443 1377 quem
1479 1282 1726 1353 fluctus
1767 1282 2182 1379 ac·procellae
2214 1310 2357 1356 sco·

186 1391 383 1485 pulis
424 1407 877 1463 reservassent
898 1444 919 1479 ,
944 1392 1059 1462 hic
1093 1391 1276 1462 nuda
1316 1416 1474 1463 saxa
1513 1408 1582 1463 et
1621 1393 2028 1489 inhospitale
2071 1393 2231 1465 litus
2263 1389 2358 1466 i'na

184 1502 455 1574 coleret
489 1530 507 1573 ε
550 1518 781 1600 ageret
825 1503 1064 1573 duram
1095 1518 1165 1573 et
1200 1504 1470 1574 anxiam
1507 1505 1716 1577 vitam
1734 1556 1758 1591 ,
1797 1502 2164 1600 relictaque
2200 1521 2355 1601 post

189 1626 473 1710 tergum
510 1616 720 1684 totius
757 1614 1025 1709 generis
1068 1614 1351 1683 humani
1392 1616 1783 1703 securitate,
1809 1629 2144 1684 moereret.

294 1728 587 1797 XXXV.
622 1722 1067 1795 Memoranda
1096 1724 1299 1795 facies
1319 1780 1339 1813 ,
1370 1724 1750 1795 delatorum
1773 1725 1998 1795 classis
2027 1727 2353 1820 permissa

189 1836 521 1907 omnibus
558 1838 777 1907 ventis
798 1891 818 1924 ,
858 1850 1227 1932 coactaque
1270 1833 1415 1905 vela
1455 1836 1968 1932 tempestatibus
2007 1836 2303 1931 pandere
2329 1884 2350 1925 ,

188 1948 541 2042 iratosque
578 1946 823 2019 fluctus
860 1948 1089 2043 sequi,
1126 1966 1567 2042 quoscunque
1603 1948 1674 2015 in
1713 1946 2028 2042 scopulos
2071 1947 2344 2018 detulis⁴

190 2073 371 2127 sent.
397 2062 437 2128 J
442 2058 689 2127 uvabat
709 2112 729 2145 ,
758 2070 1189 2153 prospectare
1222 2058 1451 2127 statim
1478 2080 1518 2127 a
1547 2072 1750 2153 portu
1783 2082 2013 2152 sparsa
2045 2060 2349 2155 navigia,

190 2184 263 2237 et
317 2168 503 2265 apud
547 2166 713 2238 illud
764 2168 988 2263 ipsum
1034 2191 1221 2237 mare
1270 2190 1470 2263 agere
1517 2168 1810 2263 principi
1853 2168 2100 2263 gratias
2124 2222 2144 2255 ,
2193 2170 2348 2263 qui,

190 2276 551 2350 clementia
583 2303 705 2350 sua
732 2275 949 2366 salva,
984 2274 1311 2350 ultionem
1338 2278 1695 2350 hominum
1726 2292 2194 2376 terrarumque
2219 2278 2347 2351 diis

190 2393 401 2462 maris
426 2391 981 2462 commendasset.
1008 2391 1362 2478 Quantum
1400 2390 1750 2461 diversitas
1769 2404 2153 2486 temporum
2185 2418 2340 2489 pos·
2385 2420 2413 2458 2

194 2517 294 2572 set
316 2557 337 2590 ,
392 2518 541 2573 tum
597 2501 887 2571 maxime
924 2502 1275 2595 cognitum
1330 2516 1469 2588 est,
1507 2526 1721 2596 quum
1777 2500 2011 2570 iisdem
2033 2555 2053 2590 ‚
2099 2503 2346 2598 quibus

190 2628 391 2684 antea
430 2613 743 2684 cautibus
791 2611 1377 2682 innocentissimus
1417 2613 1703 2707 quisque
1731 2667 1752 2700 ,
1803 2627 1968 2682 tunc
2011 2615 2345 2684 nocentis-

188 2723 401 2793 simus
448 2723 876 2819 affigeretur3
919 2747 1266 2818 quumque
1316 2721 1570 2794 insulas
1615 2749 1888 2814 omneS,
1927 2739 2096 2820 quas
2139 2726 2344 2796 modo

190 2849 613 2922 senatorum,
634 2834 777 2928 jam
807 2831 1181 2902 delatorum
1200 2833 1403 2903 turba
1436 2833 1839 2930 compleret,
1873 2860 2042 2930 quos
2068 2837 2342 2930 quidem

192 2971 331 3016 non
376 2945 449 3014 in
498 2969 789 3040 praesens
840 2958 1141 3032 tantum,
1180 2942 1299 3017 sed
1340 2944 1413 3012 in
1455 2957 1782 3014 aeternum
1826 2946 2236 3040 repressisti,
2270 2949 2342 3016 in

194 3056 302 3126 illa
320 3081 675 3154 poenarum
706 3055 1023 3150 indagine
1048 3053 1365 3124 inclusos.
1388 3059 1721 3150 Ereptum
1743 3053 1992 3125 alienas
2024 3057 2343 3150 pecunias
2380 3071 2412 3130 3

1495 3189 1569 3218 ·υ.
1595 3195 1606 3216 ι
1630 3206 1639 3222 .

259 3239 312 3296 4.
334 3237 495 3300 Supra
508 3222 1095 3300 sanguinem'aoxiorum.
1112 3228 1223 3294 Qui
1306 3227 1450 3281 libus
1470 3212 1741 3300 suppliciis
1759 3229 1990 3283 Casaub.
2013 3228 2084 3284 ad
2103 3229 2344 3283 Suetonii

188 3311 243 3363 in
262 3312 408 3365 circo
426 3310 734 3383 depugnare
754 3347 771 3374 ,
794 3309 879 3362 vel
900 3307 1039 3361 inter
1060 3317 1116 3360 se
1136 3307 1223 3362 vel
1306 3309 1440 3363 Caes.
1469 3313 1554 3363 66.
1583 3310 1652 3362 G.
1668 3339 1738 3350 -—-
1757 3313 1974 3378 seopulis
2003 3324 2338 3362 reservassent:

190 3411 311 3446 cum
346 3392 529 3446 bestiis
552 3429 570 3455 ,
613 3389 784 3445 coacti
826 3407 992 3460 poems
1034 3405 1223 3442 caussa
1306 3387 1442 3442 Fere
1463 3389 1791 3461 probabilius
1807 3390 1953 3442 enim
1985 3401 2100 3442 erat
2123 3429 2141 3455 ,
2166 3407 2257 3442 eos
2283 3389 2340 3444 in

190 3473 421 3526 fuerant.
442 3470 647 3525 Eodem
678 3468 885 3523 inducti
917 3467 1181 3522 delatores
1204 3505 1221 3532 ,
1306 3469 1444 3524 mari
1453 3469 1630 3542 perire
1645 3507 1662 3534 ,
1677 3469 1866 3542 solutis
1879 3487 2002 3522 mox
2014 3468 2338 3540 navigiisG.

192 3565 247 3604 ut
272 3551 517 3606 viderent
543 3587 559 3616 ‚
599 3549 733 3624 quid
759 3561 811 3602 et
852 3549 955 3621 ipsi
990 3565 1223 3602 comme-
1405 3549 1632 3604 XXXV.
1681 3569 1731 3602 ².
1775 3555 1910 3601 Tune
1957 3552 2337 3603 nocentissimus.

190 3631 435 3686 ruissent.
454 3630 599 3684 Vide
611 3627 944 3684 laudandum
957 3627 1134 3682 statim
1152 3625 1225 3682 ad
1305 3629 1458 3686 Mss.
1483 3628 1704 3703 quidam
1726 3648 1857 3680 nune
1875 3665 1892 3692 ,
1919 3626 2108 3680 eadem
2135 3639 2343 3686 senten·
2455 3663 2462 3670 ·

190 3729 237 3764 c.
259 3713 329 3769 35
350 3750 368 3776 ,
401 3721 433 3778 4
452 3713 633 3764 locum
660 3707 917 3766 Suetonii.
936 3707 1015 3774 G.
1306 3709 1382 3763 tia
1401 3748 1418 3775 ,
1439 3709 1531 3764 sed
1545 3709 1650 3764 hoc
1671 3705 1920 3763 vividius.
1945 3708 2032 3762 Sic
2051 3709 2228 3762 statim
2261 3713 2342 3782 af·

259 3793 312 3846 5.
348 3796 545 3860 Raptim
574 3791 871 3862 conquisita.
897 3787 1222 3843 Pravitatem
1301 3793 1545 3861 figeretur
1559 3785 1950 3862 praeferendum
1976 3787 2128 3842 alteri
2148 3792 2342 3861 afflige·

188 3891 249 3926 ac
266 3871 582 3944 parvitatem
602 3871 676 3925 sic
691 3867 921 3924 indicari
942 3905 959 3932 ,
979 3867 1224 3924 lubenter
1310 3886 1446 3924 retur
1470 3891 1489 3922 .·
1516 3881 1570 3923 et
1595 3873 1646 3921 in
1673 3869 1766 3922 illei
1774 3887 2040 3937 poenarum
2065 3871 2304 3940 indagine
2319 3911 2338 3934 ,

187 3951 365 4024 Lipsio
385 3951 653 4006 adsentior
676 3949 801 4006 :sed
828 3945 959 4020 quid
976 3948 1021 4001 si
1036 3950 1225 4004 melius
1310 3969 1411 4024 pro
1437 3953 1570 4002 mille
1581 3967 1842 4018 poenarum
1859 3969 1880 3999 .-
1898 3948 2078 4001 omuia
2087 3949 2344 4022 proesidiis

186 4049 248 4085 ea
280 4029 549 4086 indicatur
579 4049 715 4086 voce
752 4037 1005 4082 consuta?
1029 4041 1089 4082 ut
1124 4031 1229 4086 sint
1311 4026 2343 4085 Schwanianisdebenm.G.—Poena-

187 4109 404 4182 σχεδίαι,
414 4111 471 4167 id
483 4125 583 4178 est,
594 4123 734 4168 rates
748 4123 943 4166 temere
957 4123 1230 4176 contextas,
1320 4129 1430 4164 rum
1443 4111 1693 4178 indagine.
1705 4109 1772 4162 In
1787 4107 1978 4170 insula,
1994 4125 2156 4180 quam
2169 4127 2317 4162 mare
2328 4145 2344 4174 ,

186 4211 299 4263 quae
316 4194 472 4248 facile
486 4195 819 4250 solverentur
842 4213 855 4248 :
880 4193 991 4250 vid.
1013 4195 1081 4249 de
1095 4191 1237 4248 simi-
1324 4203 1580 4262 tanquam
1605 4187 1803 4260 indago
1817 4227 1832 4254 ,
1858 4186 2021 4260 cingit
2037 4225 2053 4250 ‚
2082 4207 2150 4240 ne
2170 4207 2234 4240 ex
2259 4187 2346 4240 ina

480 4283 589 4348 II.
1972 4297 2056 4366 ¹9
