2857 4690
492 371 631 445 252

1059 377 1133 444 C.
1188 375 1539 443 PLINII
1588 371 2067 446 SECUNDI

423 534 452 566 2
488 525 627 569 non
655 513 757 568 est
781 495 1132 568 habendus
1153 497 1409 584 socius,
1430 496 1559 564 nisi
1585 493 1768 565 veliS.
1802 495 2181 564 Credentne
2207 496 2495 589 posteri,
2522 499 2649 566 Pa-

487 609 686 680 tricio
724 623 791 678 et
829 607 1186 680 Consulari
1206 661 1226 696 ‚
1257 621 1326 677 et
1360 605 1783 701 Triumphali
1822 619 2013 700 patre
2054 606 2355 700 genitum
2372 659 2391 690 ‚
2428 631 2647 701 quum

485 720 958 806 fortissimum,
999 718 1521 815 amplissimum,
1558 717 2089 788 amantissimum
2132 717 2239 786 sui
2274 719 2645 788 exercitum

485 845 780 926 regeret,
824 832 1306 926 Imperatorem
1359 853 1501 898 non
1548 828 1637 897 ab
1693 828 1991 898 exercitu
2046 826 2347 897 factum?
2388 826 2607 898 eidem
2622 883 2645 916 ,

483 967 696 1036 quum
736 941 1115 1013 Germanioe
1143 938 1553 1035 praesideret‚
1584 937 1971 1010 Germanici
2007 961 2255 1007 nomen
2292 938 2453 1008 hinc
2482 940 2643 1008 mis-

485 1079 668 1124 sum.
654 1052 684 1106 ἶ)
718 1052 945 1123 nihil
927 1076 1187 1149 ipsum,
1221 1066 1300 1120 ut
1334 1053 1712 1146 Imperator
1740 1049 1931 1118 fieret
1944 1047 2315 1148 ‚agitassei'
2344 1048 2519 1119 nihil
2551 1049 2647 1119 fe-

419 1171 454 1226 3
483 1163 685 1253 cisse,
721 1163 849 1232 nisi
885 1163 1069 1258 quod
1102 1162 1383 1246 meruit,
1419 1175 1490 1230 et
1517 1159 1789 1256 paruit?
1824 1160 2113 1230 Paruisti
2148 1159 2367 1242 enim,
2392 1163 2644 1248 Caesar,

483 1288 554 1344 et
589 1272 678 1342 ad
703 1273 1160 1368 principatum
1197 1271 1523 1367 obsequio
1560 1271 1923 1367 pervenisti
1964 1297 1979 1340 ε
2020 1271 2323 1366 nihilque
2356 1273 2577 1367 magis
2602 1296 2645 1341 a

487 1399 552 1454 te
576 1384 858 1479 subjecti
882 1385 1111 1453 animo
1135 1381 1386 1452 factum
1407 1397 1509 1452 est
1527 1436 1548 1470 ,
1572 1406 1777 1478 quam
1798 1381 1981 1477 quod
2000 1381 2332 1477 imperare
2350 1382 2641 1477 coepisti.

483 1499 633 1566 Jam
671 1497 932 1582 Caesar,
960 1495 1104 1589 jam
1144 1497 1559 1589 Imperator,
1596 1493 1737 1588 jam
1774 1494 2256 1582 Germanicus»,
2290 1494 2532 1564 absens
2572 1509 2647 1564 et

488 1607 795 1700 ignarus,
829 1619 900 1674 et
941 1618 1096 1700 post
1133 1613 1320 1674 tanta
1361 1605 1675 1692 nomina,
1712 1619 2040 1699 quantum
2082 1603 2169 1674 ad
2204 1618 2273 1673 te
2304 1605 2602 1702 pertinet
2622 1659 2644 1692 ‚

419 1736 454 1794 4
487 1717 805 1811 privatus,
837 1718 1168 1812 Magnum
1207 1715 1575 1803 videretur,
1612 1717 1669 1786 si
1708 1715 1995 1786 dicerem
2015 1768 2035 1803 ‚
2071 1715 2364 1788 Nescisti
2400 1729 2466 1784 te
2497 1721 2644 1786 Im-

555 1967 628 1978 --
645 1941 762 1988 Non
784 1951 856 1990 est
875 1939 1144 1990 habendus.
1167 1935 1380 1990 Omittit
1405 1935 1511 1990 hoe

487 2033 559 2070 ese
592 2016 729 2070 liber
761 2015 1196 2072 Schwaizianus:
1236 2016 1334 2088 qui
1358 2029 1511 2070 ‘recte

485 2097 644 2150 etiam
678 2097 1007 2170 suffragatur
1033 2095 1248 2150 lectioni
1278 2095 1510 2169 optimo-

483 2195 606 2230 rum
624 2215 640 2241 ,
668 2197 828 2250 quam
854 2177 1076 2246 damus;
1109 2193 1276 2248 quum
1311 2175 1404 2227 alii
1434 2174 1509 2226 le·

485 2269 611 2329 gant
626 2295 642 2322 ,
669 2260 922 2310 habendus
941 2277 991 2308 es
1004 2278 1024 2308 .·
1049 2276 1148 2308 non
1171 2275 1222 2307 es
1241 2257 1509 2306 habendus.

485 2339 554 2393 G.
571 2370 642 2380 —
655 2337 726 2391 Hi
747 2356 942 2411 nempe
969 2356 1078 2393 non
1099 2333 1350 2389 videbant
1363 2371 1378 2398 ‚
1402 2333 1509 2387 Pli-

486 2420 638 2473 nium
655 2436 800 2472 nunc
813 2416 1052 2471 universe
1063 2414 1231 2489 loqui.
1246 2416 1511 2468 Ceterum

485 2498 625 2551 hene‘
655 2498 856 2551 notavit
887 2496 1184 2569 Gierigius,
1217 2494 1357 2547 hanc
1389 2513 1511 2549 sen·

485 2577 704 2633 tentiam
730 2575 1069 2631 incommode
1097 2575 1188 2629 hic
1217 2573 1511 2629 adhibitam

486 2675 633 2723 esse;
661 2674 958 2711 samonem
984 2656 1126 2711 enim
1149 2674 1264 2710 esse
1293 2654 1362 2709 de
1387 2672 1511 2707 suc-

485 2756 695 2793 cessore
711 2777 727 2803 ,
763 2754 926 2809 quem
959 2737 1245 2808 imperator
1277 2735 1389 2807 ipse
1413 2753 1512 2788 sua

485 2828 672 2908 sponte
695 2816 796 2870 sibi
821 2815 995 2888 eligat.
1016 2816 1079 2869 E.
1093 2846 1165 2857 -
1182 2817 1302 2870 Non
1329 2834 1511 2869 usen-

484 2896 606 2951 tior.
633 2896 758 2950 Hoc
781 2894 924 2951 enim
949 2896 1208 2951 sententia
1229 2914 1513 2967 argumen-

485 2989 600 3031 tum
611 2988 754 3031 tenet
760 2994 900 3049 ‚quo
912 2975 1184 3031 evincatur
1189 2975 1511 3047 ,Traianum

485 3056 672 3111 Nerva
691 3057 850 3111 etiam
869 3055 1176 3128 participem
1195 3055 1406 3130 imperii
1428 3075 1513 3110 so-

483 3138 732 3211 ciumque
753 3137 1028 3210 placuisse.
1053 3137 1109 3193 S.

557 3220 1031 3273 2.1>a·er1'01·0.Non
1065 3236 1225 3271 sensu
1249 3215 1508 3289 antiquo,

483 3298 574 3369 qui
594 3316 770 3371 neque
785 3298 976 3363 Italus,
997 3307 1090 3351 aut
1103 3295 1237 3371 juris
1253 3292 1388 3350 adeo
1405 3297 1513 3351 Ita-

483 3378 570 3431 lici
589 3391 756 3431 esset:
779 3377 870 3432 sed
875 3380 1122 3446 patricius
1139 3376 1509 3449 fuitTrajanus

483 3467 632 3528 pater
648 3478 710 3511 ex
727 3476 792 3511 eo
803 3476 1017 3531 genere,
1029 3458 1122 3529 qui
1141 3456 1371 3529 suppleti
1388 3469 1511 3509 sunt

482 3539 552 3592 ab
577 3539 1010 3612 imperatoribus,
1034 3538 1194 3611 quale
1222 3535 1356 3610 quid
1381 3554 1510 3592 con·

483 3631 587 3673 stat
617 3618 687 3673 de
713 3618 854 3673 Julio
873 3618 1002 3671 Caes.
1027 3636 1058 3671 e
1084 3618 1301 3673 sueton.
1329 3636 1381 3670 c.
1406 3624 1508 3682 4¹3

481 3698 550 3753 de
570 3698 796 3753 Claudio
821 3718 882 3753 ex
900 3698 1074 3753 Tacit.
1101 3698 1240 3751 Ann.
1271 3696 1350 3749 xl
1367 3734 1384 3761 ,
1418 3697 1506 3751 25.

481 3778 687 3853 Nempe
711 3784 762 3831 in
784 3798 1039 3831 mmmm
1055 3776 1384 3846 patriciorum
1407 3779 1507 3829 ad-

479 3862 618 3911 scivit
630 3863 1008 3913 vetustissimum
1019 3874 1259 3927 quemque
1273 3874 1302 3906 e
1311 3870 1504 3917 sanata,

481 3954 574 3991 aut
586 3943 758 4008 quibus
772 3938 1369 4009 claripareneesfuerant.
1363 3954 1376 3967 ·
1387 3936 1507 4007 quis

481 4030 660 4073 autem
693 4019 912 4074 consule
945 4013 1171 4069 clarior?
1205 4011 1274 4065 de
1301 4014 1507 4084 Vespa·

482 4100 632 4153 siano
649 4098 880 4172 denique
891 4114 954 4150 ex
971 4094 1122 4168 ejusd
1129 4092 1320 4149 :rachi
1331 4092 1505 4164 Agl-ic.

482 4202 536 4249 9.
575 4180 745 4252 Hujus
770 4174 1088 4231 conditionis
1115 4172 1278 4225 fuisse
1297 4170 1509 4227 videtur

1616 1937 1843 1988 Titianus
1859 1974 1878 1997 ,
1904 1939 1957 1989 C.
1976 1937 2118 1988 Masi
2142 1937 2329 1988 Titiani
2352 1947 2401 1986 et
2420 1937 2647 1986 Ἑσπερία

1608 2018 1861 2067 Frontina·
1878 2017 2381 2086 consulariumfilius,
2406 2019 2499 2064 ΡΑ
2507 2019 2646 2065 TRI-

1611 2097 1783 2155 clm,
1822 2094 1911 2149 cui
1946 2097 2011 2146 ob
2046 2097 2281 2146 honorem
2314 2110 2446 2162 eogoe
2478 2097 2645 2146 virilis

1608 2185 2011 2229 mouumentum
2046 2175 2223 2246 posuit
2258 2177 2458 2226 Clodius
2488 2177 2647 2245 Rtfies

1609 2253 1751 2326 apud
1787 2255 1994 2308 Reines.
2022 2255 2103 2307 vl
2122 2295 2137 2322 ‚
2182 2256 2268 2308 62.
2306 2253 2387 2305 De
2408 2257 2645 2322 patriciis

1610 2354 1641 2388 a
1682 2335 2031 2390 Constantino
2066 2335 2145 2389 M.
2179 2333 2429 2388 institutis
2464 2335 2644 2391 πάντα

1608 2417 1721 2489 mei
1744 2418 2093 2484 marmano.
2110 2414 2362 2469 Gothofr.
2379 2412 2449 2467 ad
2462 2414 2643 2468 clrh.

1611 2496 1714 2563 VI,
1738 2500 1771 2550 6
1787 2535 1803 2561 ,
1830 2495 1899 2551 de
1923 2496 2107 2551 COSS.
2138 2494 2413 2567 prefectis,
2441 2506 2546 2547 etc.
2568 2494 2641 2549 G.

1609 2574 1753 2653 Αάᾶ.Ι
1786 2576 2009 2631 Gesneri
2040 2575 2109 2629 ad
2140 2576 2197 2629 J.
2232 2576 2297 2629 A.
2332 2574 2645 2628 Emessam

1608 2654 1849 2727 epistola.
1882 2688 1953 2697 -
1988 2659 2273 2717 Comari,
2330 2657 2641 2723 erun-pauzi.

1610 2734 1931 2789 Consulatus
1954 2736 2155 2789 mentio
2190 2735 2246 2787 in
2280 2734 2429 2788 fastis
2452 2736 2599 2789 nulla
2622 2754 2638 2790 ε

1608 2814 1935 2888 triumphum
1947 2814 2275 2880 Parthicum,
2294 2814 2354 2868 id
2370 2826 2473 2881 est,
2486 2834 2645 2870 orna·

1610 2907 1787 2949 menta
1806 2894 2147 2967 triumphalia
2168 2908 2433 2950 memorat
2450 2896 2640 2961 etiam,

1608 2975 1760 3040 xlv,
1793 2994 1840 3029 ῐ.
1879 2976 2038 3031 G.-
2064 2980 2447 3046 Amplissimm
2486 2988 2645 3029 erant

1607 3067 1837 3129 quatuor
1867 3057 2100 3128 legiones
2124 3075 2249 3110 cum
2272 3056 2502 3111 auxiliis.
2532 3056 2639 3109 En.

1606 3138 1838 3189 —Nihie
1864 3140 2107 3207 agitasse,
2148 3139 2275 3189 m'ltil
2293 3138 2505 3206 βούκ,
2542 3140 2644 3188 nisi

1608 3220 1747 3285 quod
1758 3220 1934 3269 meruit
1946 3220 2190 3287 cepas-uic.
2204 3216 2392 3269 Cicero
2410 3214 2641 3279 dixtinet,

1607 3298 1735 3349 nim
1750 3300 1849 3349 1ιίεὲ
1868 3300 2097 3349 meruisse
2116 3312 2167 3347 ec
2175 3298 2422 3365 paruisse.
2444 3296 2589 3350 Eu.

1668 3382 1734 3439 -4,
1758 3381 1999 3446 Magnum
2018 3379 2289 3436 vida-etur,
2320 3386 2422 3428 ete.
2444 3374 2642 3430 Similis

1607 3454 1783 3509 forma
1802 3456 2059 3511 orationis
2081 3454 2303 3519 deinde,
2336 3455 2519 3508 XXXI
2535 3496 2554 3523 ,
2584 3456 2637 3509 5.

1606 3534 1676 3588 G.
1690 3566 1763 3577 --
1774 3534 1999 3591 Addidit
2016 3536 2131 3591 hnc
2150 3534 2371 3599 Plinius,
2390 3546 2453 3589 ut
2464 3548 2642 3590 osten-

1606 3614 1757 3670 deret
1778 3654 1796 3681 ,
1844 3634 2009 3688 quam
2050 3616 2209 3686 longe
2252 3615 2527 3687 Trajanus
2570 3616 2641 3669 ab

1606 3695 1755 3749 omni
1784 3695 2069 3750 ambitione
2103 3692 2503 3766 affectandique
2538 3695 2637 3747 im·

1604 3775 1738 3848 perii
1760 3774 1939 3829 studio
1963 3775 2223 3829 affixisset.
2250 3774 2359 3839 Qui
2386 3792 2489 3847 pro
2518 3773 2641 3829 lusu

1606 3854 1801 3927 frigido
1818 3854 2109 3927 inepteque
2124 3854 2339 3917 hahuit,
2360 3870 2557 3908 ves-eor
2574 3872 2645 3907 ne

1596 3936 1743 4007 justo
1762 3936 1998 3990 severius
2012 3934 2277 4009 judicent.
2302 3932 2555 3987 Dandum
2588 3934 2645 3986 in

1602 4014 1687 4067 his
1704 4015 1908 4069 emtori
1932 4013 2134 4087 aliquid
2154 4012 2379 4067 licentiat
2398 4050 2415 4077 ,
2443 4032 2547 4066 nec
2570 4012 2643 4066 ad

1606 4093 1789 4147 vivum
1804 4094 1929 4149 talia
1940 4094 2249 4148 resecanda.
2264 4092 2643 4162 8.--Μαςηιαιι

1610 4178 1903 4230 videretur..
1926 4214 1939 4229 .
1962 4175 2151 4243 .pam‘!
2178 4174 2242 4227 In
2272 4170 2355 4225 his
2384 4184 2465 4225 est
2494 4173 2643 4226 lusus
