2857 4690
768 377 1287 446 PANEGYR.·
1338 377 1560 444 CAP.
1613 377 1896 444 XLIX.

2254 347 2452 446 313'

242 511 490 570 mento
556 521 693 567 non
751 521 967 592 egere.
1015 501 1289 568 Frustra
1350 521 1419 566 se
1480 513 1732 566 terrore
1775 499 2228 586 succinxerit,
2277 500 2394 592 qui

240 622 489 702 septus
530 607 805 678 ‹taritate
844 633 983 691 non
1025 607 1271 678 fuerit:
1320 610 1528 677 armis
1565 608 1743 676 enim
1789 631 1974 678 arma
2017 609 2390 678 irritantur.

244 722 441 789 Num
478 733 705 788 autem
731 719 933 790 serias
971 734 1231 789 tantum
1263 733 1484 814 partes
1511 718 1772 788 dierum
1800 719 1870 787 in
1903 717 2114 788 oculis
2146 721 2392 790 nostris
2429 739 2462 796 4

244 844 569 924 coetuque
618 830 1001 900 consumis?
1046 855 1211 900 num
1258 827 1760 900 remissionibus
1812 830 1945 898 tuis
1987 827 2216 898 eadem
2262 826 2391 897 fre-

246 941 563 1035 quentia,
602 940 969 1036 eademque
1007 941 1121 1010 illa
1160 939 1492 1011 socialitas
1537 938 1852 1008 interest?
1887 964 2025 1008 non
2065 938 2187 1006 tibi
2225 963 2391 1006 sem-
2428 953 2458 1006 5

248 1076 377 1144 per
428 1051 499 1120 in
552 1050 775 1121 medio
818 1050 1007 1122 cibus
1032 1105 1051 1140 ‚
1088 1076 1483 1148 semperque
1527 1075 1754 1120 mensa
1806 1048 2222 1120 communis?
2253 1075 2392 1118 non

252 1187 341 1244 ex
378 1162 695 1232 convictu
714 1177 947 1232 nostro
986 1177 1221 1232 mutua
1254 1160 1605 1257 voluptas?
1629 1185 1767 1230 non
1793 1184 2116 1256 provocas
2145 1159 2389 1230 reddis-

248 1296 387 1367 que
440 1271 829 1342 sermones?
870 1298 1010 1342 non
1070 1273 1293 1369 ipsum
1352 1289 1616 1368 tempus
1671 1272 2026 1367 epularum
2084 1287 2392 1357 tuarum,

246 1406 471 1476 quum
542 1382 891 1478 frugalitas
956 1384 1311 1454 contrahat
1338 1437 1359 1472 ,
1418 1383 1720 1454 extendit
1771 1381 2207 1453 humanitas?
2253 1408 2389 1453 non
2425 1399 2458 1449 6

249 1491 437 1560 enirn
488 1505 647 1560 ante
696 1493 991 1562 medium
1040 1492 1218 1564 diem
1282 1493 1610 1564 distentus
1667 1492 1962 1566 solitaria
2003 1519 2192 1564 coena
2245 1519 2390 1588 spe-

250 1613 477 1669 ctator
527 1600 1021 1698 adnotatorque
1070 1605 1367 1674 convivis
1411 1606 1544 1675 tuis
1587 1603 1937 1674 im'mincs:
1983 1629 2107 1674 nec
2140 1605 2390 1698 jejunis

242 1725 315 1780 ct
370 1711 687 1800 inanibus
730 1711 971 1806 plenus
1022 1715 1165 1808 ipse
1216 1730 1284 1785 et
1334 1730 1638 1804 ructanS,
1689 1738 1828 1784 non
1871 1729 2010 1783 tam
2055 1715 2338 1808 apponis
2368 1766 2389 1797 ‚
2457 1749 2464 1756 ·

244 1845 451 1916 quam
490 1822 727 1916 objicis
766 1824 994 1911 cibos,
1038 1825 1632 1921 quosdedigneris
1677 1826 2048 1919 attingere,
2079 1847 2388 1918 aegreque

244 1955 605 2030 perpessus
630 1933 989 2028 superbam
1020 1933 1201 2004 illam
1227 1935 1574 2006 convictus
1597 1933 2092 2004 simulationem
2109 1987 2128 2022 ‚
2157 1958 2388 2004 rursus

246 2055 315 2110 te
352 2039 437 2109 ad
489 2039 972 2112 clandestinam
1022 2069 1303 2140 ganeam
1358 2043 1834 2138 occultumque
1874 2041 2107 2112 luxum
2157 2044 2382 2114 refers.

248 2153 433 2246 Ergo
474 2176 614 2220 non
648 2177 921 2242 aurum,
964 2179 1088 2224 nec
1136 2171 1524 2250 argentum,
1562 2180 1686 2226 nec
1731 2156 2057 2250 exquisita
2117 2157 2386 2250 ingenia
2419 2177 2454 2230 7

246 2289 589 2334 coenarum
610 2320 629 2353 ‚
672 2268 787 2338 sed
840 2271 1232 2340 suavitatem
1286 2287 1472 2340 tuam
1507 2270 2134 2365 jucunditatemque
2179 2272 2382 2342 mira·

244 2444 466 2498 Gen-eri
494 2445 865 2516 interpunctio.
888 2450 1087 2515 Ecquid
1108 2447 1185 2500 id.
1214 2468 1269 2521 q.

246 2542 399 2656 ιιιζιηζ
413 2523 525 2655 visd.
540 2524 1271 2590 Dmkenb.adLiv.XXV11,

1360 2466 1449 2501 ma
1467 2447 1700 2503 editione
1719 2428 2040 2502 Germanffa.
2058 2448 2092 2500 l.
2109 2460 2226 2501 eta.
2246 2449 2384 2502 Ena.

1433 2529 1559 2582 ὅλη
1573 2532 1732 2581 medio
1761 2532 1912 2581 cibus.
1937 2529 2224 2600 Nunquam
2245 2530 2386 2583 solus

1357 2608 1588 2677 epularis
1615 2648 1630 2673 ,
1658 2607 1751 2662 sed
1786 2628 1994 2680 semper
2019 2608 2264 2661 convivae
2292 2608 2386 2661 ad-

316 2692 367 2747 4.
394 2686 580 2733 Set-ias.
602 2720 616 2733 .
638 2720 649 2733 .
675 2698 861 2751 ‚partes
886 2686 1095 2737 dierum.
1114 2684 1273 2739 seriis
1362 2684 1535 2740 bibes.
1555 2689 1620 2741 E.

240 2761 469 2832 negotiis
494 2759 785 2815 destinate.
810 2763 1169 2834 Oppouuntur
1194 2784 1271 2815 re·

244 2842 511 2893 niissiones.
535 2840 600 2893 E.
620 2870 692 2881 --
708 2842 807 2895 Sex
833 2841 1017 2914 primae
1042 2840 1149 2895 diei
1168 2842 1267 2894 ho-

242 2937 331 2973 rae.
354 2920 540 2993 Epigr.
572 2918 753 2992 ὓδωρ.
782 2913 1125 2986 ΟΟΧΙᾸῙ.ΈΕ
1150 2918 1269 2995 ὧραι

242 3004 439 3073 μόχθοις
466 3002 793 3056 ἱκανώτατα(
812 3006 862 3057 αἱ
888 3000 949 3056 δὲ
976 3011 1089 3075 μετ’
1112 3003 1267 3065 αὐτὰς

240 3080 513 3153 Γρὰμμασι
536 3078 849 3153 διικνύμεναι
876 3088 1038 3139 ΖΗΘΙ
1071 3086 1266 3153 λέγουσι

243 3164 450 3233 βροτοῖς.
482 3157 553 3212 ad
592 3178 648 3233 q.
679 3160 716 3213 l.
743 3158 855 3213 vid.
879 3162 1090 3215 Jacobs.
1112 3199 1128 3224 ,
1160 3160 1267 3214 loci

240 3242 463 3297 Pliniani
481 3242 628 3297 haud
646 3244 943 3298 immemor.
966 3244 1021 3300 S.
1046 3276 1115 3285 —
1135 3248 1267 3296 Num

238 3328 614 3376 remissionibus.
636 3324 951 3377 Arntzenius
988 3344 1106 3379 non.
1129 3326 1269 3378 Con-

238 3414 319 3456 tra
333 3403 460 3457 Ald.
473 3402 656 3456 omnia
671 3421 788 3475 quae
800 3406 1096 3476 sequuntur
1107 3422 1268 3457 mem-

238 3484 333 3537 bra
366 3502 396 3537 a
431 3503 549 3534 num
576 3483 761 3555 incipit
780 3521 796 3547 ,
837 3502 996 3556 quem
1031 3484 1267 3555 sequitur

238 3562 496 3615 Gruterus
512 3598 528 3625 ,
547 3574 770 3633 excepto
780 3561 969 3615 ultimo
980 3568 1092 3615 Non
1107 3565 1236 3613 enim
1246 3582 1265 3613 .-

242 3642 331 3695 ubi
360 3640 531 3693 Aldus
558 3640 737 3694 adhuc
769 3662 901 3694 num.
928 3642 997 3695 G.
1030 3672 1102 3683 —
1121 3641 1263 3694 Add.

238 3720 459 3775 Gema-i
484 3720 555 3775 ad
568 3721 619 3774 J.
637 3722 702 3773 A.
722 3722 1021 3774 Ernestium
1045 3720 1265 3791 epistola

240 3799 305 3852 ad
328 3802 485 3863 LVI,
537 3820 588 3853 ο.
612 3804 725 3851 Non
760 3801 1003 3872 placebat
1030 3812 1080 3853 et
1110 3800 1160 3851 J.
1197 3802 1261 3854 A.

239 3880 481 3933 Ernestio
498 3918 513 3943 ,
530 3892 750 3951 eratque
769 3878 1005 3933 editurus
1024 3881 1263 3934 alterEr-

238 3960 457 4012 nestius.
470 3952 683 4031 Recepit
690 3959 973 4031 Gierigius.
988 3960 1195 4013 Laudo.
1210 3960 1262 4015 S.

236 4036 305 4079 -ss-
348 4043 485 4090 Num
531 4040 889 4090 remissionibus
946 4043 1038 4091 tuis
1090 4044 1263 4091 eadem

224 4119 533 4185 frequentia.
561 4116 774 4169 Dudum
796 4136 1127 4170 correxeram
1146 4139 1262 4169 non.

238 4195 387 4249 Idem
422 4194 535 4249 vidi
562 4195 849 4267 repositum
878 4216 907 4249 e
935 4198 1079 4251 MSS.
1125 4216 1155 4249 a
1190 4199 1259 4249 cl.

236 4274 547 4331 Schwmio.
578 4268 762 4329 Sic'est
788 4276 945 4330 etiam
964 4274 1019 4329 in
1053 4276 1263 4329 veterri-

1428 2770 1483 2819 6.
1497 2774 1630 2819 Ante
1643 2772 1850 2819 medium
1866 2772 2017 2819 diem.
2033 2768 2176 2821 Suet.
2189 2768 2384 2821 Domit.

1355 2846 1482 2899 xx!
1497 2864 1511 2898 ε
1529 2866 1628 2899 «nac
1647 2847 1860 2900 lavabat
1879 2847 1946 2899 de
1961 2846 2048 2899 die
2067 2844 2387 2919 prandebat-

1356 2944 1462 2997 que
1487 2923 1558 2977 ad
1593 2926 1918 2979 satietatem:
1951 2938 2008 2977 ut
2039 2944 2148 2977 non
2190 2935 2388 2977 temere

1352 3022 1513 3076 super
1526 3022 1726 3057 eoeuam
1739 3040 1754 3065 ‚
1777 3016 1963 3075 praeter
1971 3003 2268 3056 Matianum
2279 3022 2388 3055 ma·

1354 3084 1466 3137 lum
1481 3120 1497 3145 ‚
1518 3094 1568 3136 et
1582 3082 1848 3137 modicam
1863 3082 1878 3133 i
1883 3102 1916 3135 n
1928 3082 2160 3153 ampulla
2174 3082 2387 3153 potiun-

1355 3162 1534 3216 culam
1549 3200 1564 3225 ,
1588 3173 1870 3216 sumeret.-
1897 3168 1964 3217 G.
1993 3194 2064 3204 —
2081 3164 2382 3213 Adnotaevr.

1350 3242 1495 3309 Quid
1543 3242 1759 3308 dicant,
1801 3243 1962 3296 edant
1987 3282 2002 3307 ‚
2039 3243 2226 3294 bibant
2249 3278 2265 3304 ‚
2301 3240 2383 3293 in·

1349 3334 1536 3377 nuant.
1551 3324 1660 3377 En.
1691 3354 1762 3364 —
1787 3330 1854 3375 Ee
1882 3338 2101 3374 ructans.
2121 3322 2206 3374 Sic
2239 3324 2382 3394 conj.

1350 3404 1676 3459 Schwarzius
1709 3416 1761 3456 et
1788 3402 1918 3455 olim
1947 3401 2121 3453 Livin.
2151 3400 2381 3453 Casaub.

1350 3484 1592 3538 Perizon.
1618 3483 1779 3555 Vulg.
1809 3496 2038 3533 eructans
2061 3518 2078 3544 ,
2108 3479 2253 3551 quod
2286 3479 2381 3534 de·

1352 3564 1519 3617 fendit
1528 3560 1860 3615 Amtzenius.
1881 3560 2284 3613 G.—Caeterum
2297 3560 2384 3614 be-

1351 3661 1419 3695 ne
1439 3642 1644 3695 monuit
1667 3641 1928 3711 Gierissius
1953 3638 2022 3691 ad
2040 3639 2183 3694 hunc
2203 3638 2380 3693 locum

1349 3724 1578 3776 Plinium
1600 3740 1708 3775 non
1723 3720 1846 3775 satis
1869 3720 2072 3774 urbane
2087 3720 2383 3795 Traianum

1350 3818 1472 3853 cum
1499 3816 1722 3852 ructante
1746 3812 1796 3851 et
1822 3800 2033 3851 dis‘cento
2063 3802 2180 3851 cibis
2197 3800 2382 3853 Domi·

1348 3882 1495 3933 tiano
1529 3898 1867 3949 comparare;
1893 3879 1989 3933 uisi
2017 3880 2153 3932 forte
2186 3879 2288 3932 hoc
2314 3880 2382 3932 sit

1350 3962 1552 4013 urbane
1581 3958 1801 4012 laudare
1819 3999 1834 4022 ‚
1861 3959 1908 4013 si
1934 3960 2086 4012 alteri
2109 3958 2292 4012 dicas:
2321 3970 2380 4012 tu

1350 4058 1460 4090 non
1488 4058 1542 4091 es
1567 4056 1760 4108 porcus
1784 4039 1796 4089 !
1819 4040 1884 4091 E.
1902 4070 1972 4079 —-
1987 4039 2271 4092 verissime
2294 4076 2310 4101 ,
2337 4038 2378 4089 si

1350 4136 1464 4171 rem
1503 4136 1564 4170 cx
1607 4118 1798 4171 nostrie
1841 4117 2076 4172 moribus
2115 4118 2336 4171 aestimes
2361 4134 2374 4167 :

1352 4216 1502 4249 secus
1522 4236 1537 4256 ‚
1569 4198 1612 4249 si
1633 4216 1696 4250 ex
1713 4200 1979 4252 Romanis.

1424 4294 1474 4345 7.
1517 4281 1728 4345 Ingenia
1769 4298 2038 4333 camaram.
2073 4275 2378 4347 Ingeniosus
