2857 4690
860 333 1396 402 EPISTOLA
1446 330 1650 400 CXI.
2185 352 2322 424 207

152 477 409 530 tamen
454 471 571 527 tua
611 454 1031 553 providentia
1066 454 1610 526 constituendum
1642 451 1896 548 aliquid
1925 465 1992 520 et
2029 453 2327 534 sancien-

148 573 325 642 dum
348 623 373 660 ,
428 595 551 665 per
592 568 775 663 quod
816 567 1215 640 utilitatibus
1253 593 1488 638 eorum
1526 563 1594 636 in
1631 576 2034 661 perpetuum
2073 586 2324 640 consu-

150 681 367 750 latur.
414 682 593 750 Nam
620 703 771 774 quae
798 694 955 750 sunt
986 679 1075 748 ab
1104 678 1251 750 aliis
1278 681 1618 766 instituta,
1643 679 1780 748 sint
1812 674 1968 746 licet
1991 676 2326 769 sapienter
2442 661 2448 668 ’

154 796 444 866 indulta
464 849 485 881 ‚
529 797 757 864 brevia
796 809 1023 864 tamen
1065 809 1134 864 et
1173 795 1444 864 infirma
1469 809 1662 880 sunt,
1687 793 1818 862 nisi
1859 788 1990 860 illis
2021 805 2142 860 tua
2161 814 2328 860 eon·

158 909 401 1002 tingat
437 907 823 976 auctoritas.

678 1132 856 1150 mm

1318 1131 1676 1151 mmm
1679 1126 2322 1150 mmm

1163 1319 1366 1410 CX.

806 1569 1259 1616 TRAIANUS
1308 1570 1616 1618 PLnrlo
1665 1571 1721 1616 S.

268 1751 457 1839 Quo
487 1750 647 1843 jure
670 1749 769 1816 uti
812 1747 1096 1817 debeant
1123 1748 1426 1842 Bithynae
1462 1748 1565 1818 vel
1600 1750 1897 1819 Ponticae
1933 1751 2232 1820 civitates
2259 1753 2330 1819 in

178 1863 255 1929 iis
286 1861 603 1954 pecuniis
620 1911 640 1946 ‚
670 1883 817 1953 quae
844 1882 924 1926 ex
942 1881 1207 1953 quaque
1226 1881 1460 1927 caussa
1481 1856 1861 1954 reipublicae
1888 1858 2332 1946 debebuntur‚

182 1991 260 2036 ex
302 1967 460 2064 lege
492 1967 817 2062 cujusque
855 1966 1522 2037 animadvertendum
1553 1983 1673 2038 est.
1710 1971 1890 2040 Nam
1918 1970 2052 2038 sive
2079 1971 2335 2040 habent

184 2077 657 2172 privilegium,
706 2102 842 2172 quo
886 2080 1137 2147 caeteris
1176 2077 1619 2147 creditoribus
1645 2090 2144 2171 anteponantur
2162 2129 2182 2165 ‚
2209 2102 2334 2146 cu-

188 2186 619 2256 stodiendum
649 2202 786 2274 est3
810 2189 945 2258 sive
972 2213 1109 2257 non
1136 2188 1385 2258 habent
1405 2243 1425 2276 ,
1467 2190 1536 2257 in
1566 2189 1880 2283 injuriam
1918 2189 2332 2282 privatorum

190 2297 255 2367 id
290 2297 445 2368 dari
493 2321 535 2368 a
576 2319 687 2367 me
729 2319 866 2367 non
906 2298 1263 2395 oportebit.

192 2526 373 2547 m

630 2523 903 2547 m

1140 2708 1411 2800 CXI.

276 2928 365 2983 De
396 2922 722 2997 Amisenis,
764 2922 1067 3001 pecuniam
1108 2923 1304 2981 Pisoni
1337 2923 1476 2981 olim
1515 2922 1790 2983 donatam
1821 2926 2216 3005 repetentibus
2233 2968 2251 2997 ‚

962 3021 1277 3097 Trajanum
1314 3020 1583 3078 consulit.

632 3220 694 3267 C.
754 3220 1111 3269 PLINIUS
1162 3213 1561 3269 TRAJARO
1613 3222 1792 3269 mr.
1853 3223 1908 3269 S.

298 3392 645 3477 Ecmmm,
685 3390 1007 3477 Domine,
1036 3390 1506 3460 Ami-senorum
1537 3391 1822 3460 civitatis
1857 3392 2126 3484 petebat
2159 3392 2342 3488 apud

219 3522 317 3570 me
346 3504 429 3572 ab
462 3500 641 3573 Julio
674 3502 913 3570 Pisone
945 3500 1374 3569 denariorum
1403 3502 1672 3570 circiter
1691 3502 1818 3569 XL
1843 3498 2068 3587 millia,
2094 3500 2342 3571 donata

220 3612 274 3678 ei
298 3612 561 3706 publice
592 3624 749 3681 ante
782 3612 914 3681 XX
941 3634 1153 3679 annos
1178 3626 1245 3679 et
1268 3604 1420 3680 bule
1443 3625 1510 3680 et
1541 3606 1818 3680 ecelesia
1848 3614 2340 3684 consentiente:

285 3801 491 3858 cx1.1.
510 3804 663 3854 Ecdie
664 3822 734 3853 us.
760 3806 833 3853 D
806 3806 1021 3871 femor
1021 3804 1135 3853 σοῖν
1111 3804 1227 3852 vi-ea
1325 3818 1408 3873 gr.
1440 3802 1664 3875 πιρὶτῦν
1680 3800 1903 3857 ἀδίκων.
1919 3800 2031 3857 De
2017 3822 2248 3877 tpaomm
2267 3804 2343 3939 oei:-

230 3882 465 3936 maule-
490 3893 747 3935 vocanmr
766 3899 819 3932 m
804 3884 977 3953 *jin-0.
998 3882 1091 3933 Eat
1108 3881 1233 3935 πίω·
1328 3882 1629 3935 ficinvdex
1640 3882 1872 3955 benigno
1883 3882 2006 3937 loeo
2024 3884 2328 3957 apparetG

230 3956 303 4011 lus
324 3960 529 4015 Codicis
560 3960 619 4023 1,
652 3960 749 4023 55,
778 3972 825 4011 et
854 3962 916 4013 C.
937 3960 1021 4011 Th
1025 3960 1145 4013 e.od
1174 3960 1229 4023 1,
1327 3992 1396 4001 —-
1433 3964 1678 4013 Denan'us
1717 3962 2068 4036 respondebat
2117 3976 2344 4035 quatuor

236 4054 321 4100 ιο,
344 4039 410 4094 de
435 4039 804 4095 defenset-thu·
835 4039 1125 4093 civitatum.
1154 4040 1235 4091 De
1328 4038 1593 4093 sestertii.
1637 4042 1742 4095 En.
1771 4070 1844 4085 -—·-
1875 4048 1996 4096 Bate
2037 4058 2088 4095 et
2122 4046 2343 4095 contessa.

238 4112 409 4173 iidem
444 4118 733 4175 lastiniani
760 4117 973 4171 novella
996 4120 1119 4183 XV,
1142 4119 1235 4171 ubi
1337 4120 1514 4173 Rom·
1533 4132 1672 4175 met
1705 4126 1910 4177 &naeus
1933 4126 2255 4191 Popula-oque.
2275 4120 2346 4175 G
