2857 4690
812 368 1344 437 EPISTOLA
1394 371 1682 438 XXVI.

206 517 273 573 et
314 516 503 571 totum
547 499 739 588 illud,

2221 364 2310 436 85

495 691 587 785 Ως
615 697 675 772 δ’
694 709 797 773 ὅτε
824 705 1138 798 χείμαῤῥοι
1164 705 1437 797 ποταμοὶ
1478 709 1620 774 κατ’
1645 707 1872 800 ὄρεσφι·
1893 709 2156 798 ῥέοντες,

494 812 581 904 Ἐς
610 826 1008 920 μισγάγκειαν
1042 821 1466 919 aufidum-ov
1505 820 1800 920 ὅμέριμον
1832 818 2020 918 ὕδωρ.

204 1028 327 1098 Sed
354 1054 511 1124 opus
541 1043 641 1097 est
679 1019 981 1097 examine
1010 1043 1077 1096 et
1108 1026 1308 1114 libra,
1336 1025 1740 1096 incredibilia
1771 1028 2072 1096 sint'haec
2101 1029 2312 1096 etim·
2352 1055 2378 1101 7

202 1137 437 1220 mania,
477 1160 562 1203 an
606 1134 960 1229 magnifica
1005 1148 1073 1203 et
1114 1133 1437 1202 caelestia:
1487 1158 1611 1203 nec
1667 1159 1845 1202 nunc
1886 1159 2010 1228 ego
2057 1159 2164 1203 me
2210 1133 2316 1204 his

206 1240 416 1310 similia
448 1257 562 1311 aut
595 1241 835 1310 dixisse
872 1255 989 1309 aut
1021 1264 1215 1334 posse
1249 1238 1465 1309 dicere
1501 1255 1681 1334 puto,
1710 1242 1867 1310 Non
1893 1241 1984 1309 ita
2023 1241 2313 1311 insanio:

204 1347 309 1415 sed
348 1348 471 1416 hoc
516 1346 794 1443 intelligi
835 1345 1020 1434 volu,
1064 1345 1380 1415 laxandos
1423 1371 1564 1416 esse
1623 1346 2010 1442 eloquentiae
2063 1346 2316 1435 frenOS,

202 1477 315 1522 nec
352 1456 813 1549 angustissimo
852 1479 1016 1547 gyro
1054 1454 1470 1546 ingeniorum
1509 1455 1792 1546 impetus
1838 1453 2312 1547 refringendos.

202 1561 285 1628 At
302 1563 465 1629 enim
494 1559 623 1630 alia
645 1560 938 1630 conditio
967 1573 1307 1629 oratorum
1328 1613 1347 1644 ,
1370 1558 1496 1629 alia
1527 1575 1874 1654 poetarum
1901 1587 1916 1628 :
1947 1561 2134 1655 quasi
2155 1584 2316 1629 vero
2351 1566 2384 1620 8

204 1667 290 1733 M.
312 1665 555 1737 Tullius
578 1669 799 1736 minus
826 1666 1083 1735 audeat.
1118 1667 1542 1761 Quamquam
1579 1667 1760 1735 hunc
1789 1668 2028 1735 omitto
2054 1693 2068 1733 :
2100 1691 2318 1760 neque

202 1775 357 1842 enim
386 1773 635 1870 ambigi
666 1788 847 1867 puto.
888 1772 1019 1842 Sed
1045 1772 1532 1842 Demosthenes
1563 1775 1738 1866 ipse,
1767 1772 1875 1842 ille
1907 1797 2139 1840 norma
2171 1797 2315 1841 ora-

202 1882 344 1948 toris
372 1895 438 1949 et
476 1877 743 1975 regula,
772 1905 932 1948 num
969 1904 1038 1949 se
1075 1878 1344 1949 cohibet
1374 1892 1443 1947 et
1478 1880 1891 1972 comprimit,
1925 1904 2131 1972 quum
2163 1877 2322 1947 dicit

200 1983 299 2054 illa
335 1985 715 2056 notissima?
749 1967 1071 2079 Ᾰνθρωποι
1110 1985 1315 2078 μιαροὶ
1360 1986 1466 2052 καὶ
1513 1986 1767 2062 κόλακες
1809 1984 1910 2052 καὶ
1959 1983 2314 2073 ἀλάστορες.

196 2092 275 2159 Et
313 2117 536 2162 rursus
570 2118 583 2159 :
626 2095 721 2160 Οὐ
762 2092 879 2186 γὰρ
918 2091 1109 2169 λίθοις
1148 2090 1419 2182 ἐτείχισα
1463 2093 1574 2164 τὴν
1624 2091 1840 2175 πόλιν,
1869 2082 2014 2158 οὐδὲ
2055 2089 2322 2167 πλίνθοις

197 2198 321 2291 ἐγώ.
348 2201 434 2270 Et
450 2202 677 2268 statim
702 2202 872 2266 εΟὐκ
893 2201 965 2265 ἐκ
982 2198 1091 2288 μὲν
1116 2195 1431 2276 θαλάττης
1456 2199 1567 2270 τὴν
1589 2191 1858 2264 Εὔὸοιαν
1885 2189 2321 2291 προύὅαλόμην

198 2416 331 2471 hasta
342 2420 603 2471 reclinata
614 2428 727 2470 erat
740 2415 1015 2469 nubi.Hoc
1028 2414 1202 2485 ipsum
1283 2432 1448 2486 -poene
1489 2424 1656 2467 totum
1675 2452 1690 2478 ,
1739 2426 1934 2467 statum
1977 2413 2312 2487 reipublice,

198 2499 425 2565 spectavit
444 2496 669 2549 Plinius.
686 2520 707 2541 ι
733 2495 993 2546 Coeterum
1012 2510 1107 2545 cur
1127 2492 1204 2544 lo-
1296 2511 1546 2565 personas
1563 2532 1578 2557 ,
1590 2506 1642 2547 et
1661 2494 1936 2546 consilium
1957 2512 2116 2548 omne
2133 2496 2326 2549 oratio·

198 2592 281 2627 cus
314 2576 401 2630 hic
428 2576 483 2628 in
514 2576 667 2629 libri·
704 2573 988 2638 exciderit,
1019 2589 1203 2625 caussa
1298 2590 1427 2625 num
1453 2573 1645 2626 harum
1674 2575 1996 2645 cognoverit.
2033 2576 2196 2627 Istam
2226 2575 2325 2629 dis-

198 2652 245 2704 in
276 2654 555 2728 propatulo
590 2666 669 2706 est
698 2671 711 2705 τ
751 2651 950 2723 duplex
982 2652 1125 2703 enim
1156 2665 1206 2701 ec
1294 2652 1624 2721 putationem
1641 2672 1768 2705 vero
1781 2674 1890 2707 non
1912 2656 2132 2727 capiunt
2159 2653 2326 2709 adno·
2425 2692 2428 2695 -

198 2732 367 2785 fefellit
391 2733 577 2786 oculos
595 2731 773 2785 minue
796 2729 1087 2801 diligentes.
1110 2731 1164 2784 S.

198 2842 261 2851 —
279 2818 443 2865 Totum
465 2816 607 2865 illud.
627 2812 691 2865 11.
712 2810 775 2880 δ’,
792 2812 916 2875 452,
936 2812 992 2862 in
1010 2809 1204 2880 quibus

198 2897 517 2965 τραχυφυνὶαν
545 2894 814 2965 μιμητικὴν
840 2900 938 2944 τῶν
966 2892 1205 2962 πραγμά·

198 2993 281 3025 τιν
295 2971 475 3025 laudat
486 2971 818 3033 Euanthius,
833 2982 881 3021 et
890 2970 1003 3043 jam
1019 2986 1207 3039 expen-

198 3048 330 3105 derat
358 3052 647 3123 Dionysius
677 3050 849 3103 Halic.
882 3050 991 3123 περὶ
1014 3052 1203 3103 cunels.

196 3147 305 3201 cap.
326 3132 454 3183 xvl
468 3168 485 3193 ,
505 3128 653 3201 apud
674 3148 833 3201 quem
854 3130 929 3181 ita
954 3128 1200 3180 vertitur:

196 3212 297 3259 Non
312 3230 445 3263 secus
464 3212 658 3263 hiberni
666 3212 865 3261 summis
887 3210 948 3257 de
966 3210 1205 3259 montibus

195 3306 347 3341 annes
378 3292 644 3343 Per-mistas
672 3292 875 3341 volvunt
902 3288 1064 3354 plenis
1092 3306 1205 3337 con·

197 3370 385 3419 vallibus
404 3370 580 3419 undas.
602 3364 673 3419 G.

254 3446 307 3497 8.
324 3452 459 3514 Ipse,
482 3450 584 3497 ille.
602 3444 794 3499 Melius
829 3462 843 3496 ε
872 3447 975 3512 ipse
1006 3447 1103 3495 ille.
1122 3446 1176 3499 S.

258 3518 591 3599 -Ᾰνορυποι
617 3528 799 3599 μιαροὶ.
810 3523 965 3579 Circa
980 3523 1145 3589 hunc,
1162 3532 1211 3577 et

194 3604 273 3674 qui
294 3616 589 3675 sequuntur
618 3605 675 3655 in
698 3603 803 3657 hac
824 3603 1041 3675 epistola
1067 3603 1213 3655 locos

192 3682 548 3737 Ikmocthenis
576 3682 817 3736 eamdem
840 3683 1047 3737 veniam
1078 3700 1211 3753 rogo

194 3760 405 3817 lectore·
418 3801 433 3826 ‚
458 3774 513 3815 et
538 3762 941 3833 impetraturum
972 3778 1059 3813 me
1084 3781 1207 3813 con-

192 3839 323 3905 fido,
342 3860 507 3913 quam
525 3842 699 3894 ceteri
718 3880 733 3905 ‚
756 3842 852 3914 qui
872 3842 929 3893 in
946 3860 1010 3895 eo
1027 3838 1207 3895 adhuc

196 3922 375 3975 venati
409 3932 553 3973 eunt.
588 3918 729 3973 Fieri
772 3940 881 3973 non
918 3932 1087 3992 potest
1100 3958 1116 3984 ,
1148 3933 1205 3972 ut

192 4002 289 4053 vim
314 4018 528 4064 eorum,
571 4008 626 4053 et
664 3999 721 4056 id
750 4002 922 4073 ipsum
940 4038 955 4063 ,
993 4012 1207 4072 propter

192 4077 331 4150 quod
358 4078 599 4133 laudavit
624 4078 743 4132 illos
776 4076 1077 4142 Secundus,
1106 4078 1202 4131 ali-

191 4159 305 4233 quis
318 4158 667 4230 adsequatur,
684 4159 783 4215 nisi
798 4158 1216 4240 Demosthenem..

1300 2732 1524 2787 tationes
1539 2770 1554 2795 ,
1571 2733 1754 2805 quales
1764 2735 1875 2807 jam
1897 2735 2194 2789 scribimus.
2215 2736 2324 2801 Qui

1300 2808 1591 2881 intelligere
1630 2812 1728 2864 ista
1779 2814 1962 2867 volunt
1977 2851 1992 2877 ‚
2037 2815 2073 2865 ii
2126 2812 2324 2868 debent

1301 2889 1462 2941 malle
1489 2890 1662 2961 ipsum
1696 2890 2104 2945 Demosthenem
2121 2931 2136 2956 ‚
2166 2913 2325 2965 quem

1301 2978 1452 3021 tanto
1489 2987 1646 3039 opere
1684 2970 1772 3023 hic
1806 2971 1966 3023 etiam
1991 2972 2328 3025 commendat

1302 3046 1598 3111 Secundus,
1613 3066 1958 3120 cognoscere:
1973 3051 2207 3121 alioquin
2219 3052 2330 3104 fru-

1300 3136 1408 3203 stra
1425 3126 1542 3179 illos
1558 3127 1799 3199 judicare
1817 3128 1884 3182 de
1901 3131 2094 3183 talibus
2112 3128 2324 3183 doceas.

1300 3203 1419 3257 Huc
1436 3206 1515 3259 vel
1531 3208 1761 3261 maxime
1775 3212 2001 3281 pertinet
2013 3208 2142 3261 illud
2162 3208 2327 3261 subli-

1300 3286 1496 3339 mitatis
1529 3289 1797 3359 magistri,
1825 3292 1854 3357 S
1887 3292 1939 3342 6.
1970 3284 2016 3344 Π
2043 3297 2140 3343 τῶν
2170 3292 2323 3361 λόγων

1306 3369 1457 3437 κρίσις
1503 3374 1684 3431 πολλῆς
1715 3374 1818 3423 ἐστι
1847 3374 2022 3441 πείρας
2047 3374 2324 3425 τιλιυταῖον

1308 3450 1623 3517 ἐπιγέννημα.
1649 3447 1717 3499 G.

1386 3518 1726 3597 -Ᾰνθρωποι
1740 3560 1915 3575 .....
1929 3528 2326 3599 ἀλάστορις.Βε-

1309 3607 1610 3659 ωοεὼειιεε
1631 3626 1750 3678 pag.
1787 3606 1922 3671 324,
1953 3626 2045 3661 πο.
2067 3609 2244 3663 Reisk.
2267 3610 2321 3664 S.

1384 3716 1467 3731 ...-
1484 3688 1558 3737 Οὐ
1583 3688 1676 3757 γὰρ
1692 3720 2024 3741 .........
2047 3688 2162 3759 ἐγώ.
2183 3689 2322 3743 Ibid-

1308 3782 1361 3835 p.
1385 3766 1496 3818 325
1512 3802 1528 3829 ,
1559 3784 1650 3818 22.
1675 3765 1729 3819 S.

1380 3848 1582 3897 -Οὐκ
1603 3848 1658 3897 ἑκ
1682 3847 1799 3912 μὲν·
1824 3880 1838 3893 ·
1865 3842 2124 3901 ὠνητοῦ.
2153 3850 2320 3902 varia

1302 3920 1389 3973 hic
1404 3922 1710 3985 miscentur,
1729 3922 2062 3977 librariorum
2076 3962 2093 3988 ,
2109 3927 2322 3997 opinor,

1303 4000 1620 4072 negligentia
1637 4039 1652 4065 ,
1667 4020 1776 4055 non
1797 4003 1956 4074 ipsius
1975 4005 2148 4057 Plinii.
2165 4006 2321 4058 Cous.

1302 4078 1707 4132 Demosthenem
1737 4119 1751 4143 ,
1801 4085 1992 4155 pagina
2043 4082 2146 4137 325
2167 4121 2182 4147 ,
2225 4102 2324 4147 273

1296 4177 1419 4229 pag.
1448 4160 1578 4219 326,
1603 4164 1653 4213 8.
1675 4162 1728 4218 S.
