2857 4690
840 302 1374 373 EPISTULA
1417 302 1748 373 XXXV.
2229 298 2358 371 103

1352 507 1444 527 m

1721 504 2176 529 mmmm

1082 692 1522 783 XXXV.

226 918 467 983 Librum
496 920 613 979 sibi
636 922 874 981 missum
888 964 906 993 ,
928 941 1111 999 quum
1132 922 1427 981 vacaverit
1443 965 1459 993 ,
1485 922 1772 979 lecturum
1797 939 1921 979 esse
1949 920 2239 999 promittit
2261 945 2278 980 ε
2303 934 2360 980 et

495 1039 572 1077 ne
598 1018 931 1098 diligentior
957 1018 1171 1085 amicus
1198 1018 1259 1077 in
1286 1019 1695 1077 retractatione
1723 1019 1797 1076 sit
1812 1060 1830 1090 ,
1859 1031 2074 1077 monet.

706 1226 767 1271 c.
826 1224 1184 1273 runos
1233 1198 1572 1277 Arno*
1623 1224 1780 1271 sno
1829 1225 1888 1272 s.

320 1404 687 1491 Lnuuut,
738 1425 941 1497 quem
983 1402 1257 1488 misisti,
1295 1402 1550 1496 recepi,
1589 1416 1658 1471 et
1705 1404 1954 1496 gratias
2007 1428 2136 1498 ago
2155 1429 2179 1499 ἐ
2213 1428 2362 1473 sum

228 1528 451 1582 tamen
504 1513 636 1582 hoc
685 1526 987 1606 tempore
1036 1512 1609 1607 occupatissimus.
1658 1511 1819 1581 Ideo
1862 1512 2166 1583 nondum
2210 1538 2365 1583 eum

228 1622 395 1718 legi,
436 1649 649 1718 quum
704 1623 961 1718 alioqui
1009 1622 1414 1691 validissime
1465 1623 1732 1716 cupiam
1770 1648 1785 1690 ε
1823 1623 1938 1693 scd
1989 1649 2137 1693 eam
2183 1648 2366 1693 reve·

228 1734 515 1801 rentiam
558 1758 769 1826 quum
810 1731 1020 1801 literis
1064 1733 1259 1827 ipsis,
1304 1746 1450 1801 tum
1503 1733 1768 1826 scriptis
1813 1735 1945 1802 tuis
1996 1733 2240 1821 debe0,
2291 1749 2368 1803 ut

228 1866 487 1911 sumere
526 1840 677 1935 illa,
721 1843 851 1911 nisi
887 1866 1097 1912 vacuo
1129 1843 1395 1929 animo,
1431 1839 1878 1936 irreligiosum
1916 1859 2169 1937 putem.
2196 1842 2369 1912 Dili-

232 1952 527 2045 gentiam
569 1966 755 2019 tuam
794 1952 865 2019 in
901 1952 1339 2021 retractandis
1379 1951 1698 2046 operibus
1741 1951 1932 2020 valde
1974 1952 2210 2046 probo.
2251 1956 2372 2023 Est
2416 1952 2432 1973 ⁸

230 2074 455 2129 tamen
492 2059 737 2154 aliquis
782 2060 1053 2149 inodm,
1092 2063 1425 2156 primum,
1465 2060 1650 2155 quod
1685 2060 1892 2130 nimia
1931 2086 2094 2131 cura
2130 2061 2374 2132 deterit

228 2172 473 2265 magiS‚
502 2195 706 2264 quam
748 2172 1095 2261 emendat;
1118 2171 1389 2255 deinde,
1421 2170 1604 2265 quod
1645 2195 1768 2241 nos
1802 2197 1842 2240 a
1882 2172 2371 2243 recentioribus

232 2295 535 2365 revocat,
573 2279 906 2376 simulque
941 2306 1066 2351 nec
1099 2280 1385 2351 absolvit
1415 2282 1642 2376 priora
1662 2337 1682 2371 ‚
1710 2296 1778 2352 et
1805 2281 2122 2354 inchoare
2149 2297 2370 2379 poste-

238 2390 413 2458 riora
450 2414 593 2458 non
635 2383 910 2485 patitur.
941 2391 1131 2461 Vale.

296 2585 549 2640 xm!
563 2589 744 2655 Appio.
772 2587 876 2638 Alii
900 2591 1075 2655 Oppio.
1102 2588 1209 2640 En.

308 2683 357 2718 t.
396 2670 614 2716 Librum.
650 2666 811 2718 Illum
845 2668 1019 2716 librum
1052 2668 1249 2720 oratio-

240 2763 361 2797 nem
390 2746 552 2798 fnisse
576 2757 723 2816 putat
748 2745 947 2816 Gierig.
977 2747 1103 2819 quia
1128 2766 1253 2800 mox

239 2823 613 2878 retractationis
644 2825 843 2877 mentio
878 2825 940 2875 fit
955 2863 971 2888 ,
1000 2845 1117 2897 quae
1144 2827 1251 2879 istis

236 2902 459 2956 maxime
496 2903 745 2974 operibus
774 2905 1139 2958 conveniebat.
1184 2906 1251 2957 Et

240 2985 357 3032 liber
372 2980 438 3036 de
452 2983 695 3036 oratione
712 2983 909 3053 passim
928 3001 946 3046 ;
966 2981 1079 3036 vid.
1099 2985 1127 3036 1
1146 3021 1162 3048 ,
1188 3003 1219 3038 a
1233 3021 1250 3048 ,

246 3077 294 3112 1.
320 3061 441 3114 Iam
474 3061 597 3116 vide
619 3081 783 3134 quam
812 3063 1012 3115 urbane
1039 3061 1254 3117 tardita-

241 3149 345 3194 tem
368 3160 519 3194 uuam
539 3143 595 3196 in
620 3143 757 3194 libro
782 3141 1150 3213 cognoscendo
1170 3162 1254 3196 ex-

240 3235 403 3276 emat.
418 3224 527 3276 En.
550 3255 619 3264 —
638 3227 971 3293 Irreligiosum
984 3262 1001 3286 ‚
1022 3244 1131 3297 quo
1147 3225 1256 3278 vio·

243 3299 376 3354 latur
398 3303 689 3356 reverentia
722 3303 887 3359 literis
920 3303 1093 3356 debita
1110 3341 1127 3368 ,
1160 3323 1255 3358 no-

248 3389 381 3432 tante
415 3380 615 3452 Gierig.
650 3383 731 3434 De
762 3383 1055 3436 reverentia
1088 3386 1255 3452 religio

250 3456 588 3524 &eitun-etl,
616 3462 791 3532 17,3.
819 3461 919 3514 En.

1421 2608 1450 2642 ει
1458 2627 1472 2640 .
1483 2593 1576 2642 Est
1581 2605 1747 2642 tamen
1759 2593 1940 2658 aliquis
1951 2591 2138 2642 modus.
2150 2588 2375 2644 Modum

1345 2686 1458 2722 esse
1505 2667 1866 2722 adhibendum
1918 2669 1978 2721 in
2032 2667 2376 2726 emendandis

1342 2748 1552 2818 scriptis
1583 2760 1760 2800 monet
1800 2747 1955 2800 etiam
1979 2749 2051 2810 V,
2081 2767 2137 2800 11
2156 2785 2172 2810 ,
2219 2751 2281 2811 3,
2318 2759 2378 2801 ut

1346 2838 1496 2879 notat
1521 2827 1720 2897 Gierig.
1752 2825 1887 2879 sicut
1905 2825 2015 2877 iilic
2038 2839 2116 2879 est
2134 2842 2342 2878 atterere
2359 2863 2375 2891 ,

1348 2906 1421 2959 sic
1441 2925 1583 2958 nunc
1602 2909 1838 2966 decerem,
1861 2903 2167 2977 depravare.
2187 2907 2374 2960 Horat.

1349 2985 1379 3036 I
1402 3022 1417 3048 ,
1463 2989 1496 3038 6
1515 3023 1530 3049 ,
1579 3003 1640 3038 12
1679 3003 1692 3037 :
1735 2988 1928 3036 Laudes
1973 2987 2178 3037 Coesaris
2231 2989 2378 3053 culpa

1350 3068 1565 3117 decemo
1601 3067 1796 3134 ingenii.
1829 3064 1935 3116 En.
1960 3095 2033 3104 —
2053 3068 2225 3116 Ninaia
2257 3084 2378 3120 cura

1350 3146 1530 3196 deterit
1569 3147 1739 3210 magi-s.
1779 3143 1956 3208 Quam
1993 3145 2294 3194 calumniam
2325 3154 2380 3194 et

1350 3225 1708 3276 cavillationem
1782 3233 1942 3292 atque
2012 3223 2376 3291 κακιζοτιχνίαν

1349 3319 1485 3374 nepe
1509 3299 1845 3374 reprehendit
1873 3300 2002 3352 Fah.
2036 3299 2162 3352 Vid.
2191 3301 2378 3360 Noster

1351 3381 1418 3438 ad
1453 3381 1546 3436 lib.
1569 3383 1648 3446 Χ,
1675 3400 1698 3434 1
1720 3418 1737 3444 ‚
1763 3379 1879 3441 115,
1904 3380 2029 3433 item
2053 3396 2247 3452 supra,
2279 3377 2374 3440 lih,

1351 3462 1427 3528 V,
1460 3480 1518 3514 ιι
1540 3499 1557 3526 ,
1583 3464 1636 3514 3.
1669 3460 1738 3514 G.

926 3711 1705 3756 *ψ*
