2857 4690
528 416 680 505 406
1037 417 1481 485 NOTITIA
1534 415 2116 483 LITERARIA

433 536 448 565 ⁸
523 549 720 643 ligula
761 548 828 617 in
866 545 1160 617 exsilium
1209 546 1344 640 egit
1366 599 1386 632 ,
1432 543 1611 637 quod
1652 545 1941 612 exercitii
1978 566 2175 611 causa
2216 544 2283 611 in
2318 558 2649 636 tyrannos

524 652 972 739 declamasset,
1000 666 1166 721 teste
1187 653 1426 737 Dione,
1455 648 1565 718 lib.
1602 649 1792 735 LIX,
1820 672 1969 745 pag.
2008 646 2161 721 656
2184 676 2203 733 3
2224 648 2655 719 Saturm'nus·

525 758 908 844 Secundus,
960 757 1044 825 de
1093 782 1226 853 quo
1263 755 1562 826 Valesius
1614 754 1697 824 ad
1755 756 2099 823 Sozemeni
2146 757 2283 840 VI,
2332 754 2400 825 3.
2454 754 2647 825 Alius

523 866 676 933 item
703 863 1048 935 secundm
1065 862 1450 947 Sallustius,
1473 860 1556 929 de
1582 884 1713 980 quo
1728 861 2130 946 Ammianus,
2152 862 2379 946 Xxn,
2404 858 2474 930 3.
2504 862 2649 929 Cae-

525 984 740 1039 terum
775 967 1132 1039 admodum
1160 968 1469 1061 frequens
1502 966 1731 1061 priscis
1766 967 2117 1047 Romanis,
2148 990 2188 1033 a
2210 968 2505 1035 numeris
2532 992 2645 1034 no-

523 1077 702 1144 mina
727 1075 1106 1170 imponere.
1113 1074 1220 1143 Sic
1241 1075 1508 1157 Prima,
1544 1070 1811 1140 Romuli
1838 1070 1992 1139 filia.
2020 1074 2305 1141 Marcus
2326 1075 2641 1155 Primus,

525 1178 874 1273 praefectus
898 1179 1337 1266 Macedoniae,
1363 1179 1651 1251 occurrit
1680 1177 1855 1271 apud
1870 1176 2287 1270 Xiphilinum
2302 1180 2645 1295 Augusto,

527 1308 673 1379 pag.
732 1310 772 1381 7
795 1308 867 1373 1,
904 1300 970 1353 et
1013 1286 1330 1368 Dionem,
1367 1284 1547 1369 LIV,
1575 1306 1724 1377 pag.
1772 1280 1940 1353 522.
1986 1286 2254 1351 Primus
2290 1285 2649 1377 episcopus

525 1388 1005 1460 Alexandrinus
1025 1441 1045 1474 ‚
1085 1404 1150 1458 et
1191 1388 1353 1458 alius
1389 1334 1771 1458 Corinthius
1813 1412 1917 1482 ap.
1962 1388 2319 1457 Eusebium
2338 1441 2358 1474 ,
2388 1391 2516 1475 IV,
2569 1413 2591 1456 1
2624 1442 2645 1470 ,

531 1496 699 1564 Hist.
731 1510 798 1565 et
829 1500 911 1583 4,
941 1508 1008 1564 et
1037 1518 1078 1563 2
1097 1518 1155 1563 ι.
1193 1498 1264 1563 Ἰ.
1301 1498 1558 1566 Coesius
1587 1496 1851 1562 Primus
1877 1496 1947 1561 in
1978 1508 2139 1562 voto
2164 1494 2246 1562 ad
2275 1497 2643 1561 Fortunam

529 1602 994 1670 Praenestinam
1020 1600 1198 1695 apud
1216 1600 1486 1669 Petrum
1517 1599 1847 1667 Pithoeum
1864 1650 1882 1682 ,
1910 1598 2020 1667 lib.
2040 1601 2141 1667 IV
2167 1614 2473 1667 veterum
2496 1602 2643 1693 Epi·

532 1720 988 1801 grammatum.
1046 1708 1145 1773 M.
1203 1710 1449 1776 Unicus
1492 1718 1689 1799 poeta
1736 1704 2089 1799 elegiarum
2140 1707 2425 1799 scriptor
2464 1704 2641 1799 apud

529 1811 932 1898 Martialem,
970 1812 1138 1896 XII,
1182 1808 1300 1897 43.
1345 1812 1678 1881 Primulus
1720 1825 1997 1904 martyr,
2041 1812 2114 1878 T.
2153 1813 2253 1898 ΙΙ,
2287 1815 2433 1880 Act.
2477 1812 2639 1880 San-

533 1932 696 1987 ctor.
753 1941 840 1988 10
886 1917 1082 2002 Maii,
1129 1940 1195 2009 p.
1240 1914 1406 1989 551.
1446 1919 1713 1985 Primus
1754 1916 2119 2011 presbyter,
2158 1916 2311 1985 ibid.
2356 1942 2425 2011 p.
2465 1920 2639 2012 497.

533 2026 772 2093 Prima
805 2037 1018 2094 mater
1053 2023 1326 2091 Maximi
1361 2023 1639 2116 Pupieni
1666 2025 1833 2116 Imp.
1880 2025 1948 2092 S.
1988 2026 2225 2091 Prima
2254 2020 2435 2091 culta
2476 2026 2633 2091 Car·

533 2129 829 2224 thagine,
862 2128 946 2197 de
973 2150 1102 2223 qua
1125 2128 1519 2222 Procopius,
1547 2128 1683 2216 VI,
1723 2126 1796 2213 5,
1828 2128 1911 2196 de
1946 2128 2235 2196 aedificiis
2270 2130 2637 2197 Iustiniani.

539 2238 926 2304 Primanius
943 2288 964 2320 ‚
995 2232 1078 2302 ad
1108 2257 1304 2328 quem
1330 2234 1720 2327 rescriptum
1752 2234 2073 2303 Gordiani
2110 2237 2278 2328 Imp.
2313 2236 2639 2330 Primige-

533 2347 718 2426 πίω,
761 2340 845 2409 ad
880 2365 1075 2434 quem
1117 2340 1506 2434 rescriptum
1548 2338 1772 2408 Carini
1806 2353 1875 2408 et
1908 2342 2310 2410 Numeriani.
2350 2345 2637 2425 Proeus,

533 2445 618 2512 ad
653 2470 849 2539 quem
883 2448 948 2514 S.
991 2447 1260 2514 Damasi
1305 2469 1571 2515 carmen
1610 2447 1893 2515 XXVII.
1939 2450 2359 2541 Protogenes
2400 2451 2635 2517 Gram-

533 2551 808 2620 maticus
823 2601 844 2637 ,
878 2564 945 2619 et
971 2548 1134 2620 alius
1173 2553 1418 2644 pictor,
1448 2552 1532 2620 de
1561 2551 1801 2644 quibus
1836 2553 1905 2619 in
1941 2552 2101 2620 Bibl.
2148 2555 2399 2622 Graeca.
2436 2557 2641 2624 Tertii

535 2655 945 2725 amanuensis
979 2658 1078 2724 sui
1115 2659 1412 2735 meminit
1438 2660 1501 2726 S.
1527 2654 1791 2726 Paullus
1812 2659 2005 2726 Rom.
2032 2661 2229 2744 XVI,
2257 2683 2375 2728 22.
2409 2663 2633 2728 Tertia

533 2759 753 2843 Bruti,
797 2760 1130 2832 Ciceronis
1151 2763 1306 2857 joco
1332 2763 1701 2833 notissima:
1736 2761 1941 2832 altera
1967 2763 2175 2832 Paulli
2200 2763 2439 2844 AEmilii
2460 2765 2629 2859 apud

532 2861 993 2950 Plutarchum,
1021 2892 1086 2962 p.
1122 2867 1302 2952 260,
1333 2883 1402 2938 et
1425 2871 1561 2938 Cic.
1596 2871 1669 2952 Ι,
1714 2867 1823 2950 46.
1856 2873 2083 2939 Tertia
2106 2871 2371 2958 Verris,
2391 2870 2478 2939 de
2508 2895 2629 2965 qua

532 2971 769 3040 Cicero
804 2974 1087 3042 Verrina
1126 2977 1216 3058 V,
1263 2999 1322 3043 c.
1377 2999 1402 3044 1
1423 3000 1489 3044 α.
1534 2975 1814 3047 Tertulli
1862 2977 2062 3044 etiam
2109 2976 2243 3046 huc
2297 2991 2628 3070 spectant,

533 3089 602 3146 et
665 3079 1104 3164 Tertulliani,
1163 3105 1242 3149 ac
1288 3079 1635 3166 Tetradii,
1700 3081 2159 3174 Pentaduque.
2214 3083 2321 3150 De
2370 3085 2629 3176 Quarto

532 3180 819 3276 quodam
863 3181 1260 3253 consulenda
1291 3185 1797 3280 Martyrologia‚
1837 3183 1881 3254 3
1908 3187 2081 3256 Nov.
2122 3199 2189 3254 et
2212 3187 2511 3288 Bivarius
2548 3187 2627 3256 ad

533 3287 834 3358 Pseudo·
848 3290 1206 3373 Dextrum,
1234 3314 1300 3383 p.
1342 3315 1366 3359 1
1383 3288 1503 3361 03.
1525 3293 1691 3360 Iulii
1718 3293 2042 3384 Quartilla·
2052 3293 2303 3361 mentio
2320 3294 2390 3359 in
2412 3309 2625 3361 vetere

535 3393 959 3488 inscriptione
988 3393 1182 3489 apud
1189 3393 1432 3466 clariss.
1443 3394 1777 3466 Valeriani
1797 3391 2163 3468 Me'moires
2188 3394 2280 3490 de
2312 3393 2623 3466 Τνένοιιει·

535 3520 591 3565 a.
646 3499 875 3594 1708,
919 3525 983 3594 p.
1041 3496 1255 3595 1095.
1293 3503 1597 3591 Quartus
1625 3516 1692 3570 et
1723 3506 2012 3594 Qta‘utm
2044 3517 2402 3597 martyres,
2428 3507 2505 3571 Τ.
2540 3530 2620 3588 2,

529 3600 676 3672 Act.
712 3605 1006 3674 Sanctor.
1039 3607 1198 3675 Maii
1218 3659 1238 3692 ,
1275 3630 1338 3700 p.
1381 3603 1548 3678 555.
1593 3610 1831 3698 Quinti
1842 3664 1870 3695 ,¹
1901 3610 2214 3700 Quintilli
2220 3663 2258 3706 ,ἡ
2286 3611 2633 3702 antzllae.

529 3709 774 3800 passim
805 3725 1163 3780 occurrunt
1183 3764 1202 3799 ,
1238 3712 1338 3779 uti
1364 3715 1565 3782 Sexti
1590 3737 1883 3808 quoque,
1908 3713 1997 3782 de
2032 3714 2267 3808 quibus
2294 3715 2620 3783 Reinesius

523 3813 598 3882 in
644 3829 1049 3910 syntagmate
1077 3817 1629 3911 subscriptionum
1656 3833 1955 3887 veterum
1970 3869 1990 3903 ,
2012 3845 2078 3913 p.
2113 3819 2286 3913 847,
2312 3835 2379 3888 et
2404 3823 2613 3890 δαΐα·-

525 3919 606 3990 lii
615 3969 637 4003 ,
687 3922 1002 3990 Sextimii
1012 3974 1033 4006 ‚
1085 3925 1517 4018 Septimiique
1532 3975 1551 4008 ,
1596 3939 1665 3993 et
1699 3925 1949 3994 Sextus
1982 3925 2317 4010 Annalis,
2371 3925 2455 3994 de
2490 3949 2615 4018 quo

524 4029 710 4124 jocus
739 4022 932 4094 Tullii
968 4025 1143 4117 apud
1171 4029 1585 4100 Macrobium
1608 4081 1629 4114 ,
1664 4031 1762 4100 VI
1784 4083 1803 4116 ,
1846 4053 1913 4114 ¹3
1954 4054 2167 4123 neque
2198 4033 2619 4103 Octaviorum
