2857 4690
792 327 1305 397 PANEGYR.
1332 328 1576 396 -CAP.
1609 332 1734 400 LI.

2193 332 2328 427 317

180 451 451 522 tuendo
488 478 503 519 ε
554 452 778 543 itaque
830 475 1003 536 non,
1050 464 1127 517 ut
1171 464 1363 536 ante,
1412 451 1802 521 immanium
1851 456 2338 524 transvectione

180 586 507 645 saxorum
560 560 745 629 urbis
796 573 971 629 tecta
1020 561 1456 654 quatiuntur3
1506 576 1684 630 stant
1747 586 1992 631 securae
2048 561 2286 633 domus
2319 616 2338 648 ‚
2441 594 2460 605 ·

180 698 317 743 nec
384 674 528 767 jam
580 670 832 765 templa
888 671 1218 739 nutantia.
1270 672 1445 740 Satis
1493 686 1594 741 cst
1653 670 1824 757 tibi,
1881 673 2336 767 nimiumque,
2377 708 2405 740 2

182 808 409 878 quum
469 782 859 851 successeris
918 778 1365 875 frugalissimo
1408 780 1732 876 principi3
1779 780 2000 849 mavis¹
2042 780 2338 868 recidere

185 893 458 988 aliquid
499 909 565 962 et
606 905 955 986 amputare
1002 914 1086 959 cx
1126 890 1267 979 his,
1310 917 1458 987 quae
1501 893 1811 987 princeps
1849 906 2168 986 tanquam
2216 917 2336 962 ne-

184 1006 483 1075 cessaria
526 1002 813 1095 reliquit.
858 1003 1183 1070 Praeterea
1228 1016 1417 1096 pater
1453 1016 1608 1071 tuus
1657 1002 1888 1069 usibus
1931 1002 2068 1071 suis
2112 1000 2336 1069 detra-

188 1116 403 1185 hebat
424 1168 443 1199 ,
467 1138 615 1210 quae
650 1111 919 1181 fortuna
951 1112 1215 1206 imperii
1254 1111 1526 1181 dederat
1555 1136 1571 1180 ε
1602 1112 1877 1196 tutuis,
1911 1109 2093 1205 quod
2126 1124 2335 1205 pater.

190 1230 288 1295 At
330 1249 535 1319 quam
572 1222 971 1317 magnificus
1004 1224 1068 1290 in
1108 1221 1454 1317 publicum
1493 1218 1591 1291 es!
1627 1224 1786 1290 hinc
1823 1222 2150 1315 porticus,
2190 1220 2342 1289 inde
2379 1234 2409 1285 3

188 1334 485 1403 delubra
522 1332 779 1403 occulta
822 1330 1161 1401 celeritate
1206 1347 1688 1428 properantur,
1725 1346 1802 1400 ut
1837 1356 1976 1401 non
2027 1356 2342 1401 consum·-

192 1458 425 1529 mata‚
461 1442 577 1509 sed
621 1455 884 1509 tantum
923 1456 1329 1511 commutata
1359 1442 1758 1511 videantur:
1789 1441 1902 1511 hic
1947 1444 2344 1511 immensum

194 1553 379 1621 latus
420 1552 602 1620 Circi
652 1549 1058 1645 templorum
1108 1550 1679 1647 pulchritudinem
1732 1567 2085 1648 provocat,
2141 1552 2343 1649 digna

198 1662 461 1759 populo
509 1663 761 1729 victore
797 1663 1102 1755 gentium
1150 1663 1380 1751 sedes,
1421 1688 1547 1732 nec
1589 1663 1814 1732 minus
1859 1664 2002 1757 ipsa
2041 1662 2348 1756 visenda,

200 1798 407 1868 quam
447 1796 594 1867 quae
626 1797 706 1841 ex
738 1770 847 1840 illa
880 1773 1361 1866 spectabuntur
1388 1800 1403 1843 ε
1433 1772 1700 1842 visenda
1733 1788 1958 1843 autem
1976 1796 2187 1867 quum
2217 1798 2348 1841 cae-

200 1899 351 1951 tera
396 1882 615 1975 specie
642 1934 662 1967 ‚
700 1896 841 1949 tum
879 1882 1063 1975 quod
1099 1896 1395 1975 aequatus
1434 1882 1644 1977 plebis
1673 1906 1750 1951 ac
1791 1883 2114 1977 principis
2145 1882 2345 1951 locuS.

203 1992 551 2089 Siquidem
591 2018 709 2087 per
747 2017 947 2061 omne
988 1994 1277 2087 spatium
1326 2018 1458 2062 una
1491 1991 1724 2081 facieS,
1765 1992 1992 2062 omnia
2029 1992 2348 2061 continua
2385 2006 2416 2063 4

206 2204 479 2241 summum
502 2182 799 2239 edificandi
825 2184 1061 2237 studium
1088 2204 1117 2238 ι
1140 2204 1237 2237 ne·

208 2267 355 2319 mine
384 2265 747 2337 ignorabatur.
772 2263 900 2316 vid.
926 2262 1144 2317 Gesner.
1167 2264 1239 2317 ad

206 2351 237 2416 ς
270 2344 326 2399 3.
348 2342 902 2398 E.-—Scribendnmne
920 2382 935 2408 ,
954 2363 1063 2417 quo
1072 2343 1239 2416 magis

208 2427 423 2480 exsistat
438 2424 699 2496 oppositio
714 2461 731 2485 ,
746 2427 797 2474 in
808 2427 1103 2496 oedefieando
1116 2427 1239 2476 tibi?

210 2505 353 2558 Alibi
378 2523 595 2576 qnoque
628 2508 717 2558 cibi
747 2503 801 2554 in
845 2503 989 2556 libris
1022 2503 1237 2557 excidit.

213 2585 375 2639 conf.
397 2583 572 2637 Schw.
595 2582 663 2637 ud
682 2585 813 2647 LII,
836 2583 865 2635 5
884 2623 900 2648 ,
922 2583 1092 2647 LXV,
1122 2585 1239 2637 r.S.

210 2695 283 2706 —-
290 2667 923 2716 mnsoeceionesaaeomm.
935 2663 1109 2716 Juven
1118 2665 1244 2718 .111.

218 2743 341 2814 ²57·
367 2767 390 2789 ι
418 2743 555 2795 Nam
580 2743 624 2794 si
644 2743 929 2814 procubuit
946 2779 961 2804 ,
988 2744 1084 2814 qui
1118 2761 1243 2797 saxa

214 2823 485 2894 Ligustica
522 2833 699 2894 portat
724 2821 847 2876 Axi·
868 2859 883 2884 ‚
910 2832 963 2874 et
1003 2840 1242 2876 eversum

216 2901 359 2955 fudit
378 2919 539 2972 super
564 2900 775 2972 agmina
800 2911 1067 2967 montem3
1096 2901 1245 2968 Quid

216 2993 455 3054 superest
478 2979 547 3034 de
570 2980 879 3052 corporibus
892 2980 943 3033 ἱ*-
958 2980 1031 3034 G.

293 3081 345 3114 2.
368 3062 531 3112 Maris
556 3063 789 3112 recidere.
812 3060 1169 3131 Bongarsinna
1198 3071 1251 3112 et

217 3139 560 3193 Gronovinna
621 3135 921 3191 emendatio
971 3157 1033 3190 ex
1090 3137 1250 3210 hujus

218 3218 635 3273 Observationn.
656 3219 756 3281 IV,
786 3221 849 3272 16
870 3255 886 3280 ,
915 3217 1136 3291 probata
1163 3218 1247 3270 Cl.

220 3297 545 3353 Schwanio.
566 3298 744 3368 Vulgo
765 3301 922 3368 magis
948 3299 1145 3366 rejicere
1161 3296 1251 3350 ali-

222 3379 373 3452 quid.
387 3377 457 3431 G.
474 3378 782 3430 —Omnem
797 3377 976 3431 locum
986 3375 1253 3446 Gierigius

224 3459 297 3512 itu
312 3457 477 3512 edidit
500 3477 514 3511 ε
539 3482 563 3504 ι
582 3457 719 3510 Satis
738 3465 815 3510 est
834 3455 927 3508 tibi
952 3495 968 3518 ,
996 3455 1249 3508 nimium·

222 3557 349 3612 qne.
373 3537 557 3602 Quum
574 3536 883 3590 successeris
902 3535 1255 3608 frugalissimo

224 3617 489 3690 principi,
507 3635 759 3687 magnum
781 3613 1015 3668 recidere
1036 3613 1257 3686 aliquid,

227 3709 327 3750 etc.
350 3721 375 3744 a
390 3698 457 3750 E.
474 3703 1023 3763 -Proeterea...paeer.
1048 3696 1258 3765 Augeat

227 3777 339 3830 haec
380 3776 599 3830 laudem
618 3774 861 3846 Trajani.
890 3775 1062 3826 Nerva
1089 3771 1261 3826 detra-

228 3855 389 3910 hebat
412 3857 599 3910 usibus
633 3854 745 3907 suis
771 3890 787 3916 ,
806 3873 926 3926 quc
958 3853 1125 3926 magis
1154 3853 1259 3907 rei·

228 3936 451 4007 publice
464 3947 617 3989 erunt
636 3971 652 3998 ,
666 3953 833 4006 quam
847 3934 1009 4006 ipsius
1028 3971 1043 3998 ‚
1059 3947 1201 3987 certe
1228 3953 1257 3987 a

231 4017 503 4090 republica
518 4015 756 4087 profecta
777 4025 955 4066 erant:
974 4015 1261 4085 Traianus,

232 4115 345 4167 quse
359 4110 613 4168 tanquam
624 4093 929 4146 hereditatis
941 4097 1059 4166 jure
1074 4111 1101 4144 a
1114 4104 1262 4164 patre

1325 2197 1622 2258 acceperat.
1644 2221 1658 2236 .
1678 2222 1691 2235 .
1725 2189 1871 2253 Quod
1892 2200 2058 2254 pater.
2111 2186 2197 2239 Al.
2239 2208 2352 2256 qreoe

1316 2280 1485 2335 pater.
1509 2266 1661 2318 bene.
1679 2264 1732 2317 S.

1398 2348 1451 2400 3.
1485 2349 1778 2418 Magnificus
1819 2349 1870 2397 in
1907 2349 2174 2414 publicum.
2217 2347 2354 2399 Lau-

1326 2425 1459 2480 dant
1485 2445 1596 2480 uno
1621 2445 1715 2479 ore
1740 2423 1996 2480 historici.
2022 2426 2084 2478 In
2117 2425 2352 2479 multitu-

1328 2504 1510 2560 dinem
1553 2505 1950 2598 inscriptionum
1987 2516 2040 2558 et
2077 2505 2353 2558 titulorum

1326 2585 1468 2639 illius
1507 2584 1667 2658 iocati
1695 2585 1889 2656 posteri
1916 2588 2117 2638 herbam
2134 2601 2357 2654 paneta-

1328 2669 1457 2716 riam
1500 2683 1623 2720 eum
1665 2665 2016 2737 appellarunt
2054 2664 2182 2719 vid.
2223 2668 2354 2718 Aur.

1328 2741 1470 2798 Viet.
1527 2745 1664 2816 Epit.
1711 2743 1889 2808 XLI,
1951 2746 2050 2808 ι3;
2089 2745 2352 2800 Ammian.

1330 2823 1569 2877 Marcell.
1597 2823 1804 2876 XXVII
1821 2861 1837 2884 .
1861 2781 1912 2878 3.
1939 2841 1993 2894 p.
2023 2826 2163 2878 523·
2149 2861 2164 2886 ,
2183 2825 2354 2880 Gron.

1330 2906 1393 2957 Iu
1408 2902 1594 2976 primis
1607 2903 1804 2956 multus
1817 2916 1898 2955 est
1907 2903 2007 2954 Dio
2025 2919 2058 2954 a
2078 2901 2361 2975 xiphilino

1332 2995 1606 3053 excerptus
1631 3002 1684 3053 p.
1705 2985 1828 3052 776.
1859 3001 1939 3054 sq.
1961 3019 1976 3044 ,
1998 2982 2052 3033 in
2079 2993 2240 3052 ponte
2261 2989 2362 3038 Dn-

1332 3060 1484 3114 nubii
1507 3060 1878 3115 describendo.
1899 3061 1967 3113 G.

1402 3169 1474 3180 —
1492 3145 1646 3192 Latus
1671 3143 1818 3194 Circi.
1833 3141 1910 3192 Ex
1929 3137 2108 3211 lapide
2135 3141 2364 3194 Nauma-

1332 3219 1465 3272 chia
1476 3237 1637 3290 quam
1649 3220 1979 3274 Domitianus
1989 3219 2360 3280 fabricaverat,

1335 3317 1430 3368 per
1453 3299 1746 3371 Trajanum
1770 3298 2034 3353 Maximus
2067 3296 2245 3353 circus
2273 3299 2366 3352 ad-

1336 3379 1468 3432 ustis
1487 3378 1736 3451 utrinque
1761 3379 2009 3432 lateribus
2033 3415 2049 3440 ,
2069 3389 2366 3434 exstructus

1339 3471 1436 3512 est.
1463 3459 1565 3511 En.
1595 3489 1664 3500 -·-
1687 3463 1794 3510 Nec
1815 3461 2035 3510 minus...
2073 3460 2180 3525 ipsa
2200 3464 2365 3512 visen·

1340 3541 1409 3588 da
1421 3577 1440 3600 ,
1475 3559 1625 3606 quam
1643 3557 1754 3606 qme
1779 3557 1844 3589 ex
1874 3542 1964 3590 illa
1993 3543 2361 3608 spectabuntur.

1340 3615 1496 3670 Haud
1542 3636 1704 3689 parva
1749 3617 1887 3671 illius
1923 3619 2098 3692 operis
2145 3619 2256 3671 laus
2275 3657 2290 3683 ‚
2322 3621 2364 3672 si

1342 3695 1652 3768 cogitaveris
1673 3733 1690 3759 ‚
1730 3714 1892 3766 quam
1931 3700 2116 3752 insane
2149 3699 2367 3752 Romani

1344 3776 1498 3830 ludos
1519 3777 1790 3829 Circenses
1810 3777 2228 3850 concupiverim.
2253 3779 2370 3831 Hoc

1346 3871 1524 3910 autem
1548 3855 1725 3927 populi
1766 3855 1834 3910 de
1865 3859 1970 3912 illis
2013 3855 2324 3930 spectaculis
2351 3897 2368 3923 ‚

1346 3953 1456 3988 non
1476 3953 1627 3987 suum
1653 3933 1814 4006 ipsius
1837 3937 2104 4010 judicium
2122 3976 2137 4002 ,
2164 3938 2287 3990 alibi
2317 3941 2370 3990 in

1348 4015 1466 4068 sinu
1487 4013 1643 4066 amici
1668 4013 1934 4084 proditum
1957 4057 1972 4080 ‚
1991 4016 2266 4070 Secundus
2283 4019 2372 4070 hic

1350 4095 1500 4164 sequi
1525 4091 1724 4145 debuit.
1750 4095 1804 4147 S.
