2857 4690
786 323 1300 394 PANEGYR.
1355 324 1569 392 CAP.
1624 325 1774 392 LX.
2205 329 2342 400 333

217 445 499 514 divimus
544 445 815 539 quidem
841 499 860 532 ,
908 459 975 514 te
1024 471 1225 514 omne
1276 471 1521 516 munus
1562 445 1852 517 consulis
1899 448 2188 536 obiisse3
2230 452 2344 520 sed

215 560 633 629 audivimus:
676 560 917 629 diceris
962 559 1371 655 justissimus
1406 615 1425 648 ‚
1477 557 2032 647 humanissimus,
2082 567 2344 657 patien-

214 671 503 738 tissimus
558 669 798 757 fuisse3
842 669 955 738 sed
1010 670 1273 738 diceris,
1328 673 1618 764 AEquum
1669 659 1770 740 est
1823 670 2182 765 aliquando
2222 697 2344 742 nos
2379 687 2414 744 4

204 779 463 868 judicio
502 794 774 881 nostro,
815 780 1060 848 nostris
1104 779 1351 868 oculis,
1395 804 1534 849 non
1580 781 1772 850 famae
1812 807 2074 875 semper
2115 798 2182 852 et
2231 809 2344 851 ru-

210 890 513 958 moribus
552 889 845 958 credere.
887 891 1257 982 Quousque
1308 891 1612 958 absentes
1649 889 1733 957 de
1773 890 2046 960 absente
2092 890 2346 984 gaude-

210 999 491 1067 bimus?
532 998 725 1068 liceat
752 1001 1034 1093 experiri
1059 1053 1079 1076 ,
1116 1023 1202 1066 an
1240 999 1492 1093 aliquid
1529 1001 1856 1094 superbias
1892 1002 2016 1069 tibi
2053 1001 2162 1070 ille
2205 1004 2346 1096 ipse

209 1106 546 1177 secundus
596 1107 979 1178 consulatus
1026 1108 1342 1178 attulerit.
1388 1110 1684 1180 Multum
1742 1112 1810 1178 in
1863 1112 2347 1182 commutandis

212 1218 515 1288 moribus
564 1218 919 1286 hominum
968 1218 1227 1287 medius
1280 1243 1497 1289 annus
1548 1220 1724 1290 valet
1751 1275 1771 1308 ‚
1839 1223 1907 1288 in
1964 1222 2346 1316 principum

214 1327 385 1420 plus,
414 1327 790 1396 Didicimus
824 1327 1091 1421 quidem
1114 1380 1134 1415 ‚
1160 1330 1267 1398 cui
1291 1331 1504 1399 virtus
1541 1329 1763 1424 aliqua
1793 1334 2175 1426 contingat,
2197 1357 2349 1401 om·
2387 1347 2420 1402 5

217 1463 331 1506 ηδ
356 1439 573 1506 inesse
600 1463 617 1505 ε
660 1438 965 1532 cupimus
996 1451 1215 1507 tamen
1244 1442 1567 1534 experiri,
1595 1467 1680 1509 an
1711 1466 1894 1510 nunc
1917 1466 2186 1536 quoque
2215 1466 2351 1511 una

216 1548 587 1643 eademque
620 1573 721 1616 res
750 1551 876 1635 sit,
902 1547 1119 1617 bonus
1154 1549 1420 1637 consul,
1459 1565 1526 1618 et
1561 1551 1778 1619 bonus
1810 1555 2155 1644 princeps:
2192 1577 2344 1621 nam
2384 1580 2418 1628 6

218 1675 461 1753 praeter
502 1659 819 1753 id‚„quod
858 1674 957 1727 est
996 1659 1319 1742 arduum,
1346 1659 1514 1728 duas
1551 1683 1794 1753 easque
1829 1683 2120 1727 summas
2151 1659 2349 1729 simul

218 1793 455 1865 capere
493 1783 852 1863 potestates
876 1821 897 1855 ,
917 1784 1061 1837 tum
1090 1769 1261 1836 inest
1295 1769 1564 1860 utrique
1592 1766 1918 1836 nonnulla
1957 1767 2303 1837 diversitas
2332 1821 2352 1850 ‚

217 1903 427 1972 quum
453 1878 827 1972 principem
850 1901 1049 1972 quam
1080 1875 1494 1946 simillimum
1523 1900 1663 1944 esse
1691 1877 1983 1969 privato,
2010 1877 2350 1946 consulem

218 2013 419 2082 quam
462 1986 1017 2072 dissimillimum,
1056 1985 1303 2055 deceat.

312 2103 461 2168 LX.
510 2103 727 2191 Atque
773 2121 899 2190 ego
932 2097 1127 2166 video
1150 2149 1169 2180 ‚
1210 2096 1518 2190 proximo
1567 2119 1746 2164 anno
1791 2093 2178 2164 consulatus
2243 2122 2352 2164 re-

218 2207 493 2277 cusandi
512 2207 687 2275 hanc
710 2208 1113 2300 praecipuam
1138 2204 1338 2274 fuisse
1360 2206 1686 2273 rationem
1705 2259 1723 2292 ‚
1741 2205 1926 2298 quod
1943 2229 2095 2272 eum
2116 2205 2354 2275 absens

220 2343 451 2411 gerere
489 2342 624 2386 non
663 2332 926 2411 poteras
962 2341 977 2385 τ
1017 2316 1131 2385 sed
1160 2317 1301 2409 jam
1336 2315 1488 2385 urbi
1532 2315 1834 2410 votisque
1876 2315 2160 2410 publicis
2199 2316 2351 2386 red-

220 2429 432 2513 ditus,
492 2427 657 2522 quid
700 2442 832 2510 est,
882 2428 951 2494 in
1012 2451 1148 2521 quo
1198 2428 1409 2521 magis
1464 2426 1552 2493 sis
1619 2427 2155 2520 approbaturuS‚
2203 2452 2352 2520 quae

222 2552 609 2633 quantaque
648 2537 932 2622 fuerint,
973 2562 1120 2630 quae
1165 2534 1756 2606 desiderabamus?
1800 2540 2046 2605 Parum
2095 2552 2228 2623 est,
2281 2554 2356 2607 ut

224 2650 291 2715 in
328 2650 589 2717 curiam
628 2647 886 2733 venias»,
920 2646 1048 2715 nisi
1084 2660 1151 2714 et
1182 2670 1550 2732 convoca83
1607 2661 1684 2715 ut
1729 2646 1992 2716 intersis
2044 2649 2304 2716 senatui
2335 2649 2366 2731 ‚'

228 2760 349 2827 nisi
403 2773 469 2825 et
514 2757 861 2852 praesides3
908 2740 991 2824 ut·
1034 2771 1375 2825 censentes
1424 2757 1695 2842 audiaS‚
1732 2757 1859 2823 nisi
1904 2771 1970 2824 et
2010 2781 2351 2852 perrogas.

226 2869 343 2937 Vis
404 2866 569 2935 illud
632 2866 1174 2961 augustissimum
1230 2864 1584 2935 consulum
1642 2863 2002 2958 aliquando
2063 2866 2354 2936 tribunal

1332 3019 1590 3072 usitatiori
1613 3036 1626 3071 :
1659 3025 1816 3085 Quum
1836 3022 1962 3069 enim
1975 3022 2186 3069 arduum
2202 3023 2284 3073 sit.
2300 3063 2311 3074 .
2335 3062 2346 3072 .
2365 3078 2378 3083 ⁸

1334 3114 1436 3149 tum
1489 3102 1613 3149 inest
1635 3136 1650 3161 ,
1701 3107 1802 3149 etc.
1861 3098 1916 3150 S.
1972 3129 2040 3137 —
2085 3102 2358 3165 Principem

298 3032 349 3088 4.
380 3028 555 3075 liceat
578 3024 802 3092 experiri.
830 3022 1123 3075 Monebunt
1140 3040 1247 3072 ma·

224 3104 368 3175 gistri
410 3104 607 3155 tirones
652 3122 810 3166 suos,
867 3121 1026 3174 quam
1071 3102 1247 3172 inepte

228 3186 423 3236 Plinius
456 3202 513 3235 se
548 3183 605 3235 in
646 3182 749 3235 hoc
778 3183 898 3235 locu
926 3180 1247 3253 gesserit.—

228 3266 445 3313 Medium
478 3282 661 3313 atinum
692 3281 813 3315 mox
852 3260 979 3315 dicit
1015 3258 1247 3312 medium

226 3356 427 3414 tempus
458 3343 575 3395 vitae
600 3354 651 3394 et
680 3342 903 3412 imperii.
930 3340 995 3392 E.
1024 3370 1095 3380 —
1128 3338 1249 3390 Non

227 3422 393 3475 ausim
418 3420 648 3473 Plinium
676 3422 735 3473 h.
759 3421 794 3474 l.
818 3420 1138 3493 ineptiarum
1162 3436 1248 3469 ar-

226 3522 399 3573 guere.
447 3502 563 3553 Etsi
609 3502 753 3553 enim
796 3498 1101 3555 consulatus
1150 3496 1249 3547 sub

227 3582 523 3635 Cesaribus
537 3601 659 3633 vere
674 3586 813 3643 σκιᾶς
832 3584 944 3651 ὄναρ
960 3588 1071 3631 erat
1086 3614 1101 3639 ‚
1120 3576 1251 3627 Tra-

224 3662 350 3731 jano
364 3673 545 3713 tamen
562 3680 672 3713 non
690 3671 895 3733 poterat
914 3676 1019 3709 non
1036 3655 1250 3727 placere

224 3754 402 3795 orator
421 3781 438 3805 ,
464 3740 556 3815 qui
584 3754 882 3811 temporum
910 3736 1158 3790 felicitate
1181 3733 1251 3787 ad

230 3820 281 3875 id
314 3841 531 3895 quoque
564 3831 801 3873 uteretur
823 3857 841 3884 ,
878 3831 936 3871 ut
958 3816 1039 3869 sui
1079 3812 1253 3867 saeculi

226 3902 497 3955 consulem
536 3900 721 3971 priscis
764 3896 1071 3952 consulibus
1112 3904 1251 3946 certe

224 3982 472 4053 tantisper
480 3996 906 4050 compararenon
914 3972 1251 4028 dubitaui-ens.

294 4064 345 4113 6.
378 4066 718 4127 Namproeter
733 4059 817 4119 id,
846 4058 1004 4125 quod.
1028 4091 1041 4104 .
1064 4069 1250 4103 ⁸tum...

226 4138 271 4191 N
272 4140 471 4193 otanda
482 4136 1035 4211 constructioPoterat
1053 4131 1255 4183 ratione

1333 3198 1484 3245 quam
1541 3177 1855 3229 simillimum.
1901 3178 2171 3243 Principem
2199 3214 2214 3238 ,
2267 3179 2359 3248 qui

1334 3270 1478 3310 extra
1498 3255 1806 3309 humilitatis
1823 3268 2018 3307 metum
2037 3254 2244 3325 positus
2259 3268 2356 3320 est,

1334 3340 1472 3387 decet
1491 3337 1738 3389 comitate
1766 3353 1859 3386 sua
1887 3352 2034 3402 quam
2063 3336 2358 3386 simillimum

1334 3436 1434 3468 esse
1461 3420 1656 3484 privato
1679 3436 1698 3465 .·
1725 3426 1908 3467 contra
1940 3416 2182 3463 consulem
2201 3450 2216 3475 ,
2246 3414 2357 3466 vim

1335 3495 1762 3548 etauctoritatem
1794 3492 1874 3542 sui
1903 3491 2132 3542 muneris
2161 3490 2356 3544 intelli-

1334 3594 1456 3647 gere
1475 3614 1490 3639 ,
1510 3574 1830 3645 dignamque
1849 3588 2070 3641 persona
2083 3569 2172 3621 illa
2191 3572 2361 3640 gravi·

1334 3667 1496 3707 tatem
1517 3664 1778 3727 praestare.
1795 3650 2056 3703 Nimirum
2077 3650 2359 3721 recipimus

1334 3731 1756 3788 commendatam
1799 3726 2010 3800 optimis
2057 3730 2360 3783 auctoribus

1336 3831 1367 3867 a
1389 3811 1686 3867 Schwarzio
1708 3810 2008 3861 lectionem.
2025 3807 2186 3879 vulg.
2212 3829 2362 3877 quum

1340 3894 1610 3961 principem
1625 3908 1772 3956 quam
1793 3888 2158 3937 dissimillimum
2179 3892 2369 3941 consuli
2437 3914 2444 3919 ·

1349 3974 1540 4021 deceat.
1561 3968 1628 4020 G.
1643 3998 1713 4006 --
1728 3967 1850 4038 Ipsa
1870 3976 2046 4017 autem
2065 3966 2233 4019 omnis
2251 3986 2366 4020 sen-

1352 4050 1512 4103 tentia
1536 4064 1694 4118 quam
1729 4056 1949 4117 arguta,
1981 4062 2140 4115 quam
2175 4064 2366 4117 parum

1352 4147 1478 4182 vera
1505 4126 1570 4179 sit
1591 4164 1605 4187 ,
1633 4126 1684 4177 in
1715 4124 1897 4177 oculos
1925 4122 2163 4177 incurrit.
2193 4124 2258 4177 E.
