2857 4690
419 345 509 441 76
1031 347 1108 413 c.
1161 346 1510 413 PLINII
1560 345 1751 413 Lm.
1802 347 1931 411 lx.

415 467 645 539 tuendi
680 493 697 537 ε
733 469 924 561 cujus
959 492 1106 561 quae
1153 481 1367 561 potest
1410 466 1593 561 apud
1642 483 1707 536 te
1744 468 1988 561 justior
2023 490 2163 536 esse
2210 466 2547 557 defensio,

345 592 378 643 8
413 604 616 674 quam
655 605 734 647 ex
769 578 1125 648 collatione
1169 580 1355 671 ejus,
1397 602 1598 672 quem
1647 576 2047 673 praetulisti?
2082 581 2239 647 Meo
2258 566 2547 673 ‘quidem

405 689 662 783 judicio
692 703 922 757 neuter
941 686 1344 783 culpandus,
1373 713 1665 782 quorum
1684 704 1963 783 uterque
1981 688 2065 757 ad
2090 688 2369 783 gloriam
2397 690 2547 784 pari

411 799 813 892 cupiditate,
853 796 1114 867 diverso
1151 802 1424 885 itinere,
1462 799 1805 868 contendit
1837 798 2078 883 tester,
2106 798 2268 867 dum
2294 801 2549 892 expetit

411 908 669 978 debitos
723 908 991 997 titulos;
1041 907 1242 995 alter,
1287 908 1448 979 dum
1492 910 1747 981 mavult
1785 910 1995 979 videri
2036 912 2539 1003 contempsisse.

412 1016 596 1087 Vale.

409 1220 526 1262 tuas
551 1210 599 1262 ei
623 1228 821 1281 ponere
850 1207 1198 1263 decrevissent
1223 1252 1236 1278 ,
1266 1212 1430 1263 vetuit
1524 1210 1675 1283 pbis,
1715 1210 1809 1283 qui
1848 1210 1903 1263 in
1939 1209 2084 1262 libris
2125 1210 2231 1264 suis
2267 1209 2334 1264 de
2368 1222 2551 1264 conte-

409 1286 574 1341 ullam
611 1288 709 1341 sibi
745 1289 1030 1360 imaginem
1073 1290 1190 1342 fieri
1229 1292 1308 1343 vel
1345 1291 1426 1361 pi·
1524 1288 1755 1344 mnenda
1773 1291 1941 1363 gloria
1960 1310 2153 1344 nomen
2174 1310 2326 1343 suum
2348 1288 2550 1344 adscri-

409 1380 579 1431 etam,
601 1368 684 1421 vel
717 1368 896 1422 fictam
915 1408 932 1433 ,
957 1370 1044 1423 vel
1079 1386 1144 1421 ex
1177 1370 1285 1423 ulla
1323 1370 1428 1423 alia
1524 1370 1694 1433 bunt;
1730 1382 1824 1425 ant
1841 1407 1857 1433 ,
1898 1368 1943 1422 si
1980 1370 2347 1423 inclementius
2386 1388 2547 1441 agere

408 1446 627 1502 materia
652 1448 862 1501 factam.
893 1448 962 1501 G.
1524 1450 1700 1503 lubeat
1716 1488 1732 1513 ,
1778 1450 1997 1521 Diogeni
2016 1486 2032 1513 ‚
2076 1450 2307 1503 Platonis
2344 1452 2549 1503 fastum

479 1527 730 1579 &Mavult
740 1530 904 1578 videri
914 1532 1264 1596 contempsisse.
1283 1528 1428 1581 Fecit
1524 1528 1665 1581 fastu
1684 1528 1789 1582 alio
1810 1529 2055 1582 calcanti.
2084 1560 2147 1570 -
2178 1530 2256 1581 De
2286 1528 2370 1581 his
2396 1528 2545 1581 conf.

408 1606 548 1659 enim
593 1606 762 1660 simile
794 1606 1047 1678 quiddam
1085 1609 1150 1661 iis
1187 1606 1426 1660 Philoso·
1523 1607 1593 1660 ad
1619 1608 1751 1661 Pan.
1776 1608 1925 1673 LIV,
1958 1628 2011 1673 π,
2032 1620 2086 1661 et
2106 1608 2225 1674 LV,
2246 1626 2299 1677 9.
2330 1608 2397 1661 G.

430 1810 1811 1832 mmmmmmmmmmmmmm
1816 1810 2529 1831 mmmmm-mm

1370 2002 1594 2087 XX.

410 2237 669 2291 Laetatur
703 2231 980 2310 epistola,
1006 2249 1125 2308 qua
1159 2228 1338 2289 libros
1374 2248 1511 2286 suos
1544 2228 1809 2287 laudatos
1840 2229 2014 2300 vidit3
2046 2241 2104 2285 et
2143 2227 2218 2286 de
2250 2227 2559 2287 vindemiis

1333 2336 1597 2383 nuntiat.

833 2535 892 2581 C.
953 2533 1312 2580 PLINIUS
1361 2532 1805 2579 VENATORI
1855 2533 2012 2580 SUO
2062 2535 2113 2579 S.

505 2720 662 2786 Tm
717 2739 876 2783 vero
922 2709 1198 2809 epistola
1245 2725 1433 2779 tanto
1485 2709 1649 2778 mihi
1681 2710 2048 2804 jucundior
2096 2711 2257 2800 fuit,
2296 2727 2554 2807 quanto

411 2827 680 2922 longior
695 2839 859 2910 erat,
888 2824 1252 2919 praesertim
1278 2846 1489 2916 quum
1524 2820 1605 2890 de
1629 2820 1866 2892 libellis
1891 2823 2057 2892 meis
2083 2837 2222 2892 tota
2249 2822 2555 2918 loquere-

413 2953 564 3026 tur3
592 2963 762 3032 quos
790 2937 913 3005 tibi
941 2933 1270 3028 voluptati
1299 2957 1441 3002 esse
1482 2957 1618 3002 non
1649 2934 1887 3019 miror,
1926 2959 2135 3028 quum
2162 2937 2386 3004 omnia
2418 2961 2551 3005 no·—

346 3085 374 3118 2
413 3064 546 3120 stra
579 3047 851 3142 perinde
880 3072 958 3116 ac
997 3071 1120 3115 nos
1150 3068 1351 3113 ames.
1381 3048 1534 3138 Ipse
1562 3069 1771 3138 quum
1818 3048 2107 3114 maxime
2152 3047 2554 3134 vindemiam,

413 3158 690 3256 graciles
723 3157 996 3253 quidem
1018 3210 1038 3242 ‚
1079 3157 1422 3225 uberiores
1468 3168 1693 3223 tamen
1738 3179 1941 3249 quam
1976 3171 2553 3249 exspectaveram,

411 3270 690 3366 colligo;
733 3270 784 3339 si
841 3268 1151 3363 colligere
1195 3282 1334 3350 est,
1377 3291 1515 3334 non
1562 3289 1860 3360 unquam
1904 3265 2259 3359 decerpere
2302 3289 2501 3332 uvam
2528 3321 2549 3352 ,

413 3380 747 3452 torculum
801 3381 1118 3461 invisere,
1171 3393 1461 3472 gustare·
1495 3376 1576 3445 de
1627 3374 1774 3444 lacu
1834 3387 2167 3459 mustum,
2220 3374 2550 3468 obrepere

413 3491 719 3573 urbaniS‚
770 3491 884 3585 qui
935 3513 1122 3558 nunc
1175 3489 1440 3557 rusticis
1490 3499 1825 3582 praesunt,
1869 3507 2107 3580 meque
2160 3487 2439 3556 notariis
2478 3503 2551 3561 et

413 3599 772 3672 lectoribus
815 3599 1252 3696 reliquerunt.
1292 3597 1480 3667 Vale.
