2857 4690
433 355 576 428 266
1001 361 1078 430 C.
1127 361 1469 432 PLINII
1521 362 1997 433 SECUNDI

431 481 674 574 tiaeque
711 480 964 574 pariter
997 483 1244 566 securi,
1287 484 1541 552 instant
1574 483 1921 579 operibus,
1956 485 2207 560 adsunt
2244 491 2601 558 exercita-

363 603 396 656 3
433 588 763 678 tionibuS,
791 615 1012 678 arma,
1037 593 1318 678 moenia,
1345 594 1524 664 viros
1552 609 1812 689 aptant.
1844 596 2121 692 Quippe
2144 621 2281 667 non
2308 600 2363 668 is
2381 601 2589 693 prin-

431 723 620 794 ceps„
651 699 768 795 qui
797 701 923 770 sibi
950 701 1300 774 imminere
1317 759 1337 792 ,
1365 705 1492 774 sibi
1520 705 1779 776 intendi
1806 721 2033 802 putet,
2052 707 2235 801 quod
2261 710 2332 777 in
2352 711 2591 780 hostes

433 823 747 903 paretur:
771 837 918 906 quae
943 815 1285 906 persuasio
1316 814 1449 885 fuit
1474 814 1739 885 illorum
1756 869 1777 904 ,
1808 815 1926 911 qui
1948 815 2216 886 hostilia
2233 843 2441 913 quum
2470 820 2590 889 fa-

431 936 697 1009 cerent,
725 922 1072 994 timebant.
1104 925 1315 996 Iidem
1344 951 1509 1022 ergo
1539 942 1808 1023 torpere
1836 926 2153 997 militaria
2176 929 2424 1017 studia,
2452 957 2588 1002 nec

433 1031 692 1100 animos
733 1031 975 1121 modo,
1016 1033 1132 1104 sed
1173 1051 1240 1105 et
1283 1061 1572 1132 corpora
1622 1037 1766 1133 ipsa
1815 1034 2276 1132 languescere,
2321 1038 2587 1134 gladios

365 1148 398 1207 4
433 1140 634 1210 etiam
657 1139 919 1211 incuria
950 1141 1251 1214 hebetari
1277 1145 1681 1242 retundique
1699 1145 2105 1242 gaudebant.
2126 1150 2353 1220 Duces
2371 1176 2585 1246 porro

433 1251 686 1338 nostri,
705 1257 856 1320 'non
891 1267 1028 1322 tam
1065 1279 1302 1350 regum
1330 1271 1747 1346 exterorum,
1775 1281 1977 1353 quam
2012 1281 2287 1328 suorum
2318 1262 2587 1354 princi-

433 1385 600 1456 pum
649 1361 964 1450 insidiaS,
1015 1390 1138 1434 nec
1189 1380 1326 1435 tam
1385 1367 1723 1456 hostium,
1776 1393 1983 1463 quam
2038 1368 2583 1440 commilitonum

435 1495 676 1540 manus
711 1469 1099 1566 ferrumque
1129 1477 1543 1547 metuebant.

533 1583 724 1650 XIX.
763 1585 885 1652 Est
919 1582 1062 1652 haec
1097 1598 1340 1654 natura
1374 1585 1737 1674 sideribuS,
1764 1601 1839 1656 ut
1867 1611 2073 1683 parva
2100 1602 2169 1656 et
2196 1585 2391 1656 exilia
2417 1581 2549 1650 vali
2566 1625 2585 1635 -

437 1688 704 1760 diorum
745 1708 1020 1762 exortus
1053 1693 1370 1766 obscuret
1411 1721 1428 1765 :
1474 1696 1784 1767 similiter
1809 1697 2244 1791 Imperatoris
2284 1694 2585 1764 adventu

373 1835 402 1869 2
442 1800 816 1896 legatorum
862 1802 1153 1899 dignitas
1199 1806 1651 1877 inumbratur.
1684 1810 1793 1878 Tu
1838 1821 2061 1876 tamen
2098 1807 2315 1900 major
2354 1802 2579 1871 omni-

439 1912 564 1982 bus
582 1911 852 2007 quidem
880 1940 1058 2002 eraS‚
1083 1915 1200 1986 sed
1223 1918 1364 1987 sine
1389 1916 1594 1987 ullius
1618 1917 2083 1988 deminutione
2110 1917 2362 2010 major:
2388 1938 2587 1982 eam-

438 2021 590 2092 dem
621 2024 1088 2095 auctoritatem
1117 2043 1445 2122 praesente
1469 2043 1533 2097 te
1560 2029 1845 2125 quisque
1863 2081 1883 2116 ‚
1910 2035 2113 2123 quam
2142 2028 2443 2111 absente,
2478 2049 2585 2093 re-

440 2132 696 2202 tinebat
728 2158 746 2203 ε
779 2135 944 2229 quin
975 2137 1175 2205 etiam
1207 2135 1544 2233 plerisque
1570 2162 1653 2207 ex
1672 2163 1755 2208 eo
1785 2139 2155 2209 reverentia
2183 2149 2587 2220 accesserat,

369 2261 400 2314 3
438 2243 623 2338 quod
653 2259 729 2312 tu
765 2269 1034 2339 quoque
1068 2244 1214 2316 illos
1251 2247 1665 2318 reverebare.
1706 2253 1945 2344 Itaque
1984 2244 2265 2342 perinde
2304 2243 2587 2314 summis

438 2368 642 2449 atque
679 2354 926 2425 infimis
968 2380 1200 2445 caruS,
1231 2358 1330 2427 sic
1386 2358 1858 2453 imperatorem
1918 2356 2587 2448 commilitonemque

438 2466 832 2551 miscueraS,
869 2481 944 2535 ut
985 2464 1284 2536 studium
1323 2468 1629 2537 omnium
1655 2466 2121 2563 laboremque,
2156 2480 2225 2535 et
2259 2479 2583 2558 tanquam

439 2589 709 2644 exactor
753 2573 1164 2664 intendereS,
1193 2590 1258 2646 et
1285 2590 1607 2672 tanquam
1648 2578 1984 2672 particeps
2022 2576 2373 2669 sociusque
2406 2572 2583 2643 rele-

369 2703 402 2761 4
443 2707 649 2752 vareS.
689 2680 936 2753 Felices
969 2682 1149 2772 illos,
1178 2710 1467 2781 quorum
1501 2685 1665 2756 fides
1693 2702 1762 2757 et
1790 2685 2121 2757 industria
2158 2710 2297 2755 non
2328 2708 2451 2779 per
2485 2684 2585 2753 in-

439 2794 818 2863 ternuntios
855 2809 923 2863 et
957 2795 1382 2891 interpretes,
1410 2796 1526 2867 sed
1548 2796 1634 2866 ab
1660 2799 1808 2892 ipso
1837 2811 1939 2886 te,
1964 2822 2089 2867 nec
2116 2794 2392 2865 auribus
2421 2794 2589 2882 tuis,

439 2987 600 3047 αὐτας
619 2984 694 3039 nic
721 2986 862 3039 enim
890 2987 1045 3041 facile
1065 2986 1292 3051 delatori
1317 2990 1463 3044 inve·

439 3063 554 3117 nire
590 3065 792 3117 crimen
829 3083 842 3118 :
883 3064 976 3119 sed
1009 3070 1178 3119 aman·
1208 3086 1462 3141 quoque;

439 3163 604 3216 quum
627 3144 862 3217 euspicio
881 3157 1048 3210 esset,
1085 3146 1235 3201 illum
1260 3147 1462 3219 aliquid

439 3224 653 3287 moliri,
679 3236 782 3277 etc.
809 3223 876 3275 G.
909 3256 980 3265 —
1007 3229 1211 3277 Moenia.
1245 3226 1461 3279 Castm-

437 3320 560 3355 rum
578 3314 756 3396 ‘atque
775 3302 1008 3357 urbium.
1024 3304 1126 3357 Vel
1153 3305 1463 3375 generaliter

1629 3020 1699 3030 —-
1722 2994 1883 3041 Iidem
1920 3008 2037 3058 ergo
2068 3004 2278 3056 torpere.
2300 2986 2591 3053 Quantivis

1558 3068 1712 3141 pretii
1727 3067 2030 3122 emendatio
2044 3067 2127 3121 Cl.
2144 3066 2429 3122 Schwarzii
2448 3066 2590 3119 libro

1558 3148 1799 3201 debetur.
1821 3152 2011 3201 Eodem
2032 3168 2149 3217 ergo
2168 3163 2382 3215 tempore
2400 3146 2487 3199 vel
2504 3166 2589 3198 co·

1558 3231 1670 3279 dem
1692 3242 1887 3295 torpore
1904 3227 1976 3280 al.
1999 3227 2067 3282 G.

1631 3312 1685 3370 4.
1733 3310 2017 3375 Principum
2074 3307 2296 3357 insidias.
2334 3304 2442 3370 Qui
2500 3308 2587 3359 vel

440 3402 621 3433 mma
649 3382 968 3453 accipiamus
995 3387 1194 3445 munia,
1219 3402 1250 3436 a
1268 3385 1463 3457 quibus

440 3482 490 3513 m
493 3464 697 3535 unsces
723 3461 1007 3527 dicuntur,
1013 3462 1252 3556 ‘oppositi
1271 3465 1465 3517 immu-

440 3540 616 3594 nibus.
641 3542 844 3615 Nempe
875 3544 1057 3594 moenia
1089 3553 1291 3596 struere
1325 3544 1465 3597 inter

441 3624 610 3671 munia
631 3622 950 3693 precipuum
969 3634 1047 3675 ent
1063 3642 1079 3689 3
1097 3634 1256 3693 atque
1275 3621 1461 3678 eadem

441 3698 597 3768 plane
632 3718 732 3752 vox
749 3738 765 3765 ,
813 3719 845 3753 a
884 3720 993 3773 qua
1037 3706 1218 3755 manin·
1253 3715 1426 3758 castra
1444 3742 1463 3768 ‚

441 3778 541 3831 vius
555 3818 572 3845 ,
600 3780 761 3833 urbes
775 3818 792 3845 ,
815 3778 1087 3835 dicuntur.
1107 3782 1176 3835 G.

515 3855 566 3910 3.
599 3862 696 3924 Qui
719 3861 942 3920 hostilia,
974 3872 1076 3915 etc.
1099 3860 1236 3915 Cod.
1265 3866 1354 3930 qm'
1377 3866 1464 3914 Ιιο·

441 3938 576 3989 uilia
613 3956 762 4005 quum
785 3939 1050 4006 facerent,
1083 3943 1286 3993 hostilia
1328 3946 1465 3993 eime-

444 4019 578 4067 baue.
597 4015 758 4081 Quod
777 4016 1050 4088 praeferam
1068 4054 1085 4081 ,
1105 4031 1164 4071 ut
1187 4022 1464 4076 sonantius

443 4112 700 4167 auresque
726 4096 892 4167 magis
916 4096 1154 4168 implens.
1177 4102 1230 4155 S.

1559 3396 1653 3458 per
1690 3384 1988 3439 calumniae
2022 3385 2079 3437 in
2114 3394 2332 3448 senatu,
2364 3382 2455 3437 vel
2492 3402 2590 3455 per

1558 3463 1848 3519 submissos
1894 3482 2237 3536 percussores
2290 3460 2361 3515 in'
2400 3464 2589 3517 castris

1560 3542 1835 3598 tollebant.
1864 3543 1967 3597 En.

1632 3622 1774 3676 XIX.
1806 3642 1829 3676 1
1843 3662 1857 3677 .
1876 3624 2198 3691 Imperatoris
2226 3624 2438 3673 adventu
2458 3624 2591 3688 lega-

1561 3702 1740 3755 to'rum.
1762 3704 1943 3768 Quum
1963 3702 2031 3757 de
2050 3701 2191 3755 bello
2214 3699 2393 3753 adhuc
2413 3718 2591 3751 sermo

1561 3782 1658 3846 sit,
1698 3788 1908 3851 Legatos
1944 3800 2053 3835 non
2092 3778 2255 3834 modo
2294 3782 2505 3831 Coesaris
2536 3790 2591 3831 et

1564 3866 1853 3914 Consedares
1882 3861 2171 3932 intelligam
2188 3896 2205 3923 ,
2246 3858 2339 3931 qui
2375 3858 2593 3929 provin·

1560 3942 1669 3995 ciat
1684 3941 1859 3995 aliena
1878 3940 2188 3994 auctoritate
2206 3950 2447 4010 regerent
2464 3955 2479 3999 3
2498 3935 2589 3989 sed

1562 4020 1845 4084 militares,
1874 4020 1967 4093 qui
2003 4020 2085 4073 vel
2110 4017 2357 4073 exercitui
2390 4018 2475 4071 vel
2512 4019 2591 4069 lc-

1564 4100 1711 4173 gioni
1730 4111 2022 4171 praestent.
2040 4098 2109 4152 G.
