2857 4690
518 374 670 473 398
1030 376 1492 445 NOTITIA
1544 376 2141 446 LITERARIA
2590 364 2655 433 κ

512 510 778 577 tionem.
809 506 1192 577 Notandum
1221 508 1416 577 etiam
1434 558 1455 594 ,
1489 507 1681 576 MSS.
1708 506 1989 578 Codices
2017 532 2155 577 non
2180 532 2413 578 omnes
2436 508 2635 580 libros

513 614 758 682 habere
795 638 812 680 ε
863 613 1040 683 unde
1093 612 1342 687 factum
1393 629 1559 708 puto
1576 664 1597 699 ‚
1652 627 1728 683 ut
1770 612 1919 684 edd.
1970 615 2201 709 primae
2254 640 2343 683 ne
2390 639 2637 685 nonum

512 718 778 814 quidem
816 718 1056 789 librum
1089 718 1394 788 habeant.
1425 722 1511 789 In
1542 717 1703 789 Bibl.
1738 721 2054 789 Beruensi
2092 734 2195 791 est
2232 721 2503 807 Codex,
2530 726 2641 817 qui

513 840 774 895 tantum
815 823 1019 894 libros
1045 840 1334 919 quatuor
1361 826 1564 895 habet
1588 841 1655 895 et
1676 824 1823 895 libri
1848 828 2063 919 quinti
2100 828 2400 921 priores:
2443 852 2641 924 quem

515 956 644 1001 see.
681 933 818 1000 XII
855 931 1144 1026 assignat
1171 930 1250 1001 cl.
1281 932 1599 1001 Sinnerus
1640 933 1710 1000 in
1745 930 2090 1028 Catalogo.

615 1039 990 1131 Antequam
1011 1037 1535 1132 progrediamur,
1552 1036 1851 1132 quaedam
1870 1037 2201 1107 monenda
2214 1053 2370 1108 sunt
2390 1037 2477 1107 de
2492 1037 2643 1107 edd.

511 1143 1012 1229 vetustioribus,
1055 1146 1242 1213 sicuti
1285 1144 1370 1214 de
1401 1168 1683 1213 numero
1723 1142 2043 1213 librorum
2082 1142 2399 1240 paulatim
2448 1158 2646 1213 aucto

516 1247 816 1317 diximus.
869 1247 1044 1318 Illud
1097 1250 1386 1343 primum
1434 1248 1811 1320 addendum
1838 1302 1859 1337 ‚
1910 1251 1977 1319 in
2026 1249 2427 1319 editionibus
2474 1248 2600 1319 illis
2626 1304 2647 1335 ,

517 1356 714 1423 etiam
763 1356 1053 1426 Catanaei
1075 1404 1096 1439 ‚
1127 1343 1372 1425 librum
1409 1370 1721 1425 octavum
1761 1357 1921 1424 noni
1940 1408 1963 1444 ,
2006 1370 2076 1425 et
2116 1380 2370 1425 nonum
2422 1357 2644 1425 octavi

518 1458 738 1528 locum
768 1484 1119 1555 occupare.
1147 1464 1366 1531 Causa
1404 1474 1505 1531 est
1527 1514 1547 1547 ‚
1583 1459 1764 1555 quod
1791 1459 1959 1531 liber
1996 1464 2119 1531 iste
2137 1514 2159 1549 ,
2190 1464 2307 1557 qui
2334 1483 2519 1532 nune
2548 1476 2645 1530 est

517 1580 793 1635 octavus
815 1617 836 1652 ‚
863 1581 1016 1661 post
1043 1591 1296 1636 nonum
1330 1569 1638 1636 inventus
1662 1581 1731 1635 et
1754 1566 2013 1638 additus
2040 1582 2181 1637 est:
2210 1591 2367 1637 nam
2396 1568 2469 1636 in
2495 1567 2643 1636 edd.

520 1694 669 1765 quae
703 1685 858 1741 octo
895 1666 1098 1743 libros
1139 1672 1390 1753 habent
1417 1725 1438 1758 ,
1472 1686 1747 1743 octavus
1784 1687 1883 1743 est
1924 1676 2012 1761 is,
2054 1674 2166 1768 qui
2204 1697 2385 1743 nune
2430 1698 2643 1743 nonus

519 1791 637 1847 est.
667 1778 1027 1847 Enimvero
1053 1802 1284 1848 revera
1322 1778 1563 1849 librum
1596 1792 1907 1848 octavum
1932 1781 2139 1849 serius
2162 1801 2361 1873 quam
2392 1804 2641 1849 nonum

519 1908 560 1953 a
598 1882 810 1953 Plinio
845 1884 1094 1954 editum
1133 1884 1372 1971 fuisse,
1407 1884 1701 1979 disputat
1730 1888 2035 1955 loannes
2060 1888 2359 1955 Masson
2392 1887 2465 1953 in
2512 1886 2642 1953 vita

519 1988 708 2059 Plinii
749 2014 899 2085 pag.
958 2014 983 2060 1
999 1988 1103 2077 64
1159 2016 1293 2085 seq.
1334 1978 1661 2060 Eumdem
1721 1990 2023 2061 ordinem
2072 1992 2379 2086 probavit
2448 1994 2639 2062 Gaa-

519 2094 786 2166 dentem
828 2098 1106 2166 Merula
1141 2094 1162 2121 ¹
1207 2098 1276 2165 in
1310 2098 1445 2167 suis
1484 2098 1994 2167 commentariis.
2035 2098 2142 2166 De
2178 2096 2365 2166 hiatu
2403 2120 2641 2191 porro,

518 2203 632 2295 qui
687 2203 757 2271 in
810 2202 1205 2273 editionibus
1245 2202 1725 2297 antiquioribus
1770 2216 1839 2272 et
1873 2202 2229 2274 Codicibus
2268 2204 2461 2273 MSS.
2500 2216 2645 2298 post

522 2304 672 2378 libri
705 2310 875 2378 VIII
916 2311 1122 2404 Epist.
1163 2309 1206 2381 8
1235 2308 1435 2378 verba
1460 2361 1479 2394 ‚
1513 2324 1725 2403 atque
1758 2314 1969 2379 etiam
2010 2314 2283 2380 navium
2307 2315 2595 2405 patiens
2612 2363 2634 2395 ,

520 2415 614 2482 ita
653 2416 950 2484 meminit
999 2418 1312 2485 Erasmus
1355 2418 1426 2484 in
1460 2439 1741 2484 censura
1778 2415 2093 2510 Epistolae
2130 2418 2198 2484 S.
2240 2418 2639 2510 Hieronymo

521 2518 866 2613 adseriptae
912 2519 994 2587 ad
1041 2520 1420 2616 Praesidium
1463 2521 1547 2589 de
1588 2544 1781 2590 cereo
1827 2521 2125 2591 Paschali
2166 2535 2325 2591 tom.
2366 2524 2457 2608 V,
2496 2521 2639 2590 edit.

522 2626 623 2692 Jo.
649 2625 1026 2693 Mareianaei
1053 2651 1120 2720 p.
1164 2627 1300 2710 146
1327 2651 1342 2693 :
1385 2626 1693 2696 Vidimus·
1725 2633 1799 2695 ia
1828 2627 2162 2722 Epi-stolis
2182 2628 2527 2698 Plz'mhm's
2550 2643 2643 2696 tot

513 2727 668 2820 jam
708 2731 952 2798 seculis
971 2754 1112 2826 pro
1151 2754 1294 2800 una
1329 2733 1576 2802 lectam
1594 2783 1618 2819 ,
1662 2748 1730 2800 et
1760 2731 1855 2800 ab
1878 2733 2159 2803 eruditis
2172 2755 2313 2829 pm
2352 2757 2501 2802 una
2532 2757 2640 2802 ex-

511 2839 822 2930 positam
837 2887 860 2922 ,
901 2860 1106 2930 quum
1145 2842 1218 2906 in
1248 2837 1469 2908 medio
1508 2837 1739 2908 decem
1774 2839 2262 2909 intercederent
2288 2841 2639 2934 Epistoloe.

533 2941 742 3033 Quod
765 2941 1034 3036 quickm
1059 2968 1153 3014 ex
1188 2967 1324 3012 emo
1358 2944 1731 3014 dumtaxat
1764 2947 2147 3042 exemplmi
2170 2945 2641 3040 deprehensum

515 3047 668 3136 fuit
680 3100 704 3133 ,
747 3048 877 3118 sed
899 3049 1080 3118 adeo
1127 3066 1397 3121 vetusto
1411 3103 1435 3138 ,
1476 3066 1553 3120 ut
1586 3065 1802 3120 aetate
1827 3053 2162 3122 Pliniana
2195 3057 2523 3147 scriptum
2549 3056 2640 3120 vi-

527 3153 678 3224 deri
683 3170 926 3250 posset
951 3181 976 3224 .-
1007 3179 1172 3224 nam
1203 3161 1356 3250 quas·
1379 3157 1511 3226 hoc
1538 3159 1803 3252 alioqui
1832 3156 2137 3227 divmare
2161 3157 2549 3228 valuisset?
2572 3155 2642 3226 Id

527 3260 792 3329 videtur
815 3283 957 3330 esse
976 3259 1286 3331 Aldinum
1317 3277 1503 3332 vetus
1529 3287 1567 3330 e
1590 3262 1805 3333 Gallia
1830 3289 1845 3331 ε
1870 3287 2025 3332 nam
2054 3264 2121 3333 in
2150 3261 2405 3332 Aldinis
2434 3287 2641 3332 exem·

531 3363 654 3459 plis
697 3365 805 3436 ille
851 3366 1069 3436 hiatus
1111 3367 1398 3462 primum
1434 3367 1734 3463 expletus
1780 3383 1897 3438 est.
1938 3371 2237 3439 Tertium
2290 3384 2431 3456 est,
2476 3367 2641 3464 quod

531 3470 841 3566 Epistolae
874 3473 1060 3554 Plinii
1105 3486 1172 3542 et
1205 3473 1471 3568 Trajani
1497 3476 1567 3542 in
1602 3475 1829 3568 primis
1865 3474 2015 3544 edd.
2052 3475 2121 3544 h.
2162 3499 2221 3544 e.
2252 3499 2400 3570 quae
2428 3477 2642 3569 primae

531 3575 780 3648 habent
817 3603 972 3668 eum
1001 3579 1240 3650 librum
1257 3630 1280 3668 ,
1303 3605 1442 3650 non
1475 3580 1725 3650 habent
1748 3581 2057 3652 eumdem
2084 3602 2441 3650 numerum
2464 3606 2479 3648 ε
2502 3603 2641 3649 nam

609 3793 630 3823 ι
642 3812 657 3826 .
676 3774 938 3828 Men-tilam
959 3776 1014 3828 in
1035 3777 1421 3832 commentariis
1442 3776 1551 3831 ouis
1637 3790 1777 3832 teres
1796 3778 2079 3851 scriptores
2100 3797 2393 3834 enarrasse.
2416 3785 2643 3848 lumpre-

531 3851 770 3922 sequitur
787 3854 1061 3908 Catanaeus
1079 3892 1096 3918 ,
1115 3867 1329 3910 notante
1349 3857 1551 3911 Curan·
1637 3871 1732 3909 um
1768 3860 2189 3910 accuratissimum
2228 3870 2384 3911 vocat
2422 3859 2641 3912 Muretus

531 3929 604 3984 do
629 3929 869 3984 Matieno
889 3932 1027 3985 Rufo
1052 3933 1284 4005 Epistola
1313 3933 1546 3999 cxvn,
1636 3935 1766 3988 xvl
1780 3974 1796 4000 ,
1818 3955 1879 3992 η
1899 3935 2063 4002 ,Vim
2078 3935 2227 3990 Lect.
2244 3933 2337 3989 ubi
2348 3937 2596 4008 Epistulas
2612 3953 2639 3986 ι

531 4009 622 4062 uhi
650 4009 810 4063 refert
827 4043 845 4072 ‚
865 4009 1124 4064 Merulam
1141 4011 1431 4067 Mediolani
1454 4033 1547 4068 ve·
1634 4013 1806 4068 Plinio
1818 4018 2183 4068 naemei-nimo
2193 4020 2399 4084 scriptas
2410 4015 2639 4068 celeb-nt.

2800 420 2802 517 1
