2857 4690
936 357 1073 424 DE
1130 361 1205 426 C.
1262 359 1661 427 PLINIO.
2207 361 2350 444 421

228 511 501 582 prorsus
540 487 845 556 eximiam
869 540 890 575 ,
925 512 1141 583 neque
1180 488 1370 560 facile
1411 489 1672 558 obviam
1699 541 1718 576 ,
1762 513 1897 559 non
1935 491 2072 585 ipse
2109 491 2366 560 curavit

228 597 263 662 J
272 647 285 660 .
318 593 766 688 Cuspinianus
786 647 807 679 ,
832 594 946 662 sed
980 619 1061 663 ex
1091 595 1231 690 ejus
1262 593 1519 665 schedis
1549 617 1756 690 nepos
1778 619 1860 664 ex
1893 595 2092 664 fmtre
2115 597 2361 691 Georg.

226 701 679 794 Cuspinianus
714 699 934 769 edidit.
970 701 1147 771 Usus
1174 716 1273 770 est
1304 727 1381 772 ea
1412 701 1664 770 Christ.
1693 699 1901 771 Gottl.
1936 699 2361 772 Schwarzius.

348 830 373 875 1
397 801 480 875 51
502 801 570 875 3.
598 808 969 900 Arge-ntor.
1006 809 1071 894 4.
1111 805 1556 902 Epistolarum
1594 805 1743 875 libri
1783 809 1942 876 XII.
1980 809 2087 876 Sic
2125 833 2369 878 memo-

225 925 422 979 ratur
456 911 525 978 in
562 909 773 980 Catal.
806 909 1127 983 librorum
1172 913 1501 983 venalium
1543 914 1611 981 in
1635 911 1886 982 oedibus
1913 913 2154 982 Matth.
2192 917 2370 984 Fon-

230 1021 425 1086 taine
464 1015 739 1114 bibliop.
786 1017 1151 1088 Manhemii
1202 1043 1439 1116 1779,
1477 1043 1626 1114 pag.
1678 1043 1848 1089 222.
1886 1019 2236 1092 Nescimus
2283 1045 2370 1090 an

230 1123 467 1192 eadem
508 1147 661 1192 cum
707 1147 841 1219 seq.
887 1126 1419 1220 Argentoratensi
1457 1125 1771 1196 Schureri
1805 1123 1893 1194 ad.
1927 1149 2032 1194 an.
2071 1149 2206 1220 seq.

354 1223 569 1310 1514.
598 1231 1089 1326 Argentorati,
1131 1235 1197 1318 4.
1234 1231 1413 1328 apud
1447 1232 1850 1305 &kur-erum
1876 1285 1897 1317 ‚
1938 1256 2092 1302 cum
2135 1233 2367 1328 praefa-

232 1336 417 1403 tione
462 1337 537 1403 Β.
576 1335 908 1406 Rhenani.
966 1339 1295 1433 Repetitio
1341 1363 1523 1408 mera
1574 1337 1832 1408 Aldinae
1867 1389 1887 1424 ‚
1933 1339 2123 1432 cujus
2167 1340 2364 1408 etiam

237 1438 506 1509 titulum
548 1442 847 1536 proefert:
878 1443 1055 1513 unde
1086 1469 1275 1514 error
1314 1469 1545 1515 eorum
1583 1459 1777 1514 natus
1811 1445 1930 1529 sit,
1965 1445 2077 1538 qui
2119 1469 2198 1514 ex
2239 1444 2368 1515 hoc

240 1545 495 1616 Aldinae
532 1547 944 1619 imitamento
978 1574 1221 1620 novam
1255 1549 1560 1620 Aldinam
1587 1549 1787 1645 hujus
1818 1552 1972 1620 anni
2001 1550 2233 1620 fecere.

354 1677 379 1720 1
402 1650 572 1724 515.
597 1656 1019 1744 Florentiae,
1060 1657 1125 1728 8.
1172 1661 1246 1729 C.
1281 1659 1498 1727 Plinii
1531 1657 1790 1728 Caecilii
1816 1655 2121 1727 Secundi
2150 1661 2374 1728 Novo-

231 1763 568 1828 comemels·
614 1763 965 1856 epistoloe,
1020 1769 1368 1849 omnium,
1428 1785 1590 1857 quoe
1641 1761 1972 1832 hactenus
1994 1763 2364 1858 prodiere,

222 1870 794 1960 pwgatissimae‚·
844 1867 1143 1960 ejusdem
1197 1871 1668 1964 Paneqpicus
1731 1868 2041 1960 stajano
2087 1869 2369 1958 άὶετιω·

232 1970 535 2062 eq’usdem
572 1972 661 2041 de
698 1976 866 2042 vti-125
906 1973 1279 2044 illustribus
1311 1981 1383 2043 in
1420 1999 1498 2043 re
1531 1976 1816 2058 militari
1849 1989 1919 2043 et
1964 1980 2037 2044 in
2073 1975 2371 2044 admini-

230 2077 532 2146 stranda
555 2079 955 2175 republica3
991 2082 1304 2152 Suetonii
1334 2081 1720 2176 Tranquilli
1753 2081 1844 2150 de
1879 2081 2088 2148 claris
2133 2083 2375 2150 Gram-

235 2187 509 2252 maticis·
566 2200 639 2253 et
692 2185 1145 2256 Blae-toribus·
1119 2240 1140 2272 ‚
1204 2189 1372 2256 Iulii
1420 2186 1867 2281 obsequentis·
1896 2186 2369 2282 prodigiorum

234 2287 424 2359 liber.
449 2295 969 2388 —lmpressum
1007 2295 1078 2363 F
1070 2293 1379 2363 lorentioe
1407 2316 1622 2391 opera
1651 2309 1721 2362 et
1760 2307 2033 2390 sumptu
2070 2291 2379 2392 Philippi

234 2398 485 2465 Jumoe.
516 2398 729 2467 Anno
756 2420 806 2467 a
830 2403 1193 2469 recm'vitate
1213 2403 1357 2471 DX
1356 2404 1434 2470 V
1441 2423 1656 2497 supra
1682 2400 1894 2486 mille,
1921 2422 2149 2469 mense
2166 2402 2370 2471 Octo-

236 2500 379 2587 bri,
414 2504 645 2572 Leone
659 2506 943 2574 Decimo
964 2508 1320 2601 Pontfice.
1333 2540 1440 2554 --
1459 2508 1620 2577 Haec
1651 2504 1968 2601 opuscula
1984 2508 2088 2576 Jo.
2113 2510 2368 2578 Franc.

242 2610 311 2675 Z
311 2604 505 2699 effics
535 2608 863 2705 inscripsit
894 2614 1009 2681 Pr.
1044 2616 1419 2683 Franci-sco
1448 2612 1736 2698 Medici,
1773 2618 1926 2682 viro
1961 2614 2366 2701 clarissimo,

238 2727 306 2780 et
336 2765 357 2797 ,
418 2714 532 2781 ubi
592 2716 1012 2788 commendat
1079 2718 1271 2789 Plinii
1339 2718 1654 2814 epistolas
1677 2772 1698 2805 ‚
1762 2717 2095 2814 professus
2149 2734 2248 2789 est
2301 2746 2374 2791 se

240 2816 481 2886 librum
528 2819 707 2890 liunc
736 2874 755 2905 ‚
815 2824 1041 2893 multis
1089 2828 1161 2893 in
1212 2848 1415 2893 unum
1475 2826 1748 2895 collatis
1803 2826 2310 2921 exemplaribus
2343 2880 2370 2913 ‚

236 2924 511 3017 qualem
547 2932 853 3021 potuerit
869 2981 891 3013 ,
935 2930 1366 3021 refivrmmse.
1402 2929 1531 2999 Sed
1565 2932 1619 3000 is
1657 2929 2068 3024 potissimum
2105 2947 2374 3003 secutus

238 3045 341 3098 est
370 3044 623 3100 textum
660 3032 999 3124 Aldinum,
1028 3038 1081 3105 si
1115 3060 1482 3131 perpaucas
1505 3036 1855 3104 varietates
1889 3034 2196 3131 excipias.
2215 3036 2368 3106 vid.

241 3134 570 3205 Schwarz.
614 3138 697 3207 ad
734 3138 799 3207 h.
828 3162 886 3207 a.

360 3239 577 3313 1516.
610 3236 979 3329 (Lovanii)
1015 3250 1080 3333 4.
1130 3250 1199 3318 C.
1231 3232 1446 3317 Plinii
1475 3246 1772 3317 Secundi
1799 3250 2116 3344 epzktolae
2134 3248 2370 3340 stimi·
2399 3302 2406 3311 .

240 3350 449 3417 liat-es
464 3373 613 3417 cmn
636 3350 941 3421 Barlandi
965 3353 1256 3425 scholiek.
1282 3352 1540 3423 Vendit
1550 3354 1776 3423 Theod
1785 3356 1958 3424 ricus
1975 3353 2341 3427 Alustensis
2353 3410 2374 3443 ,

239 3459 365 3549 qui
400 3470 473 3523 et
510 3459 863 3550 zmpoessit.

357 3556 574 3631 1518.
612 3564 913 3632 Venetiis
940 3618 961 3649 ‚
1012 3564 1076 3634 8.
1120 3562 1355 3635 Aldina
1395 3568 1482 3637 Π.
1527 3568 1596 3637 C.
1637 3566 1850 3637 Plinii
1897 3568 2196 3639 Secundi
2235 3572 2375 3641 Νο-

239 3670 651 3735 vocomeasis·
706 3670 1175 3765 Epis-colurum
1234 3672 1393 3741 libri
1438 3671 1668 3741 decem
1717 3666 1966 3768 (atque
2001 3671 2129 3743 alia
2155 3728 2175 3761 ‚
2225 3702 2373 3771 quae

240 3772 439 3840 etiam
492 3774 559 3839 in
606 3772 751 3842 Aldi
793 3774 1078 3845 editione
1116 3802 1173 3845 a.
1238 3776 1427 3849 1508
1471 3772 1854 3865 habentur)
1896 3783 2202 3851 Venetiis
2227 3837 2249 3869 ,
2304 3788 2380 3853 in

242 3878 507 3946 oedibus
550 3878 725 3947 Aldi
776 3896 845 3949 et
896 3882 1114 3952 Andr.
1173 3884 1482 3954 Asulcmi
1533 3891 1755 3955 socen·
1787 3938 1806 3967 ‚
1877 3908 2104 3956 mense
2174 3891 2377 3959 Iunio

244 3986 673 4053 MDXVIII.
712 3988 867 4056 Haec
898 3988 1107 4059 editio
1144 4009 1446 4084 expressa
1487 4004 1587 4059 est
1621 3990 1705 4063 ad
1742 3992 2098 4063 editionem
2149 4018 2172 4064 1
2194 3981 2378 4081 508;
