2857 4690
977 339 1501 408 EPISTOLA
1561 341 1763 406 xxl.
2342 364 2431 435 77

352 547 697 567 mmm

1068 545 1676 565 mmmmwm
1681 545 2409 566 mmmm-mmmm

1220 729 1504 818 XXI.

548 954 851 1013 Libertum
878 955 941 1010 in
967 954 1205 1031 gratiam
1235 974 1367 1011 cum
1394 967 1646 1033 patrono
1675 953 1955 1014 reducere
1986 970 2180 1018 tentat.

880 1133 1063 1203 (Adde
1088 1134 1239 1206 epist.
1270 1135 1472 1197 XXIV,
1500 1134 1660 1207 hujus
1681 1135 1846 1206 libri.)

701 1339 762 1384 C.
811 1339 1164 1386 PLINIUS
1215 1337 1703 1386 SABINIANO
1756 1341 1912 1388 SUO
1964 1344 2020 1388 S.

395 1522 483 1588 L1
496 1543 801 1589 BER-rus
830 1533 987 1587 tuus
1003 1572 1023 1604 ‚
1042 1520 1554 1588 cuisuccensere
1583 1534 1648 1588 te
1671 1519 1932 1590 dixeras
1949 1575 1967 1606 ‚
1991 1526 2177 1592 venit
2194 1524 2277 1593 ad
2299 1549 2434 1614 me,

308 1627 777 1724 advolutusque
821 1628 1343 1724 pedibusmeis,
1381 1643 1700 1723 tanquam
1751 1632 1921 1716 tuis,
1959 1631 2167 1702 haesit.
2223 1634 2435 1705 Flevit

302 1739 613 1824 multum,
656 1738 1077 1835 multumque
1133 1740 1432 1832 rogavit3
1481 1737 1767 1807 multum
1818 1741 2019 1808 etiam
2074 1729 2282 1811 tacuit
2317 1746 2432 1813 :in

300 1874 584 1939 summa,
624 1851 779 1920 fecit
826 1849 989 1919 mihi
1032 1849 1233 1918 fidem
1282 1849 1715 1944 poenitentiae.
1739 1855 1917 1922 Vere
1955 1853 2158 1921 credo
2197 1879 2432 1922 emen-

298 1959 553 2050 datum,
572 1964 733 2058 quia
761 1961 1116 2057 deliquisse
1142 1986 1211 2030 se
1235 1961 1454 2029 sentit.
1483 1961 1826 2048 Irasceris,
1852 1963 1988 2030 scio
2010 1989 2026 2030 :
2047 1977 2114 2031 et
2134 1964 2434 2034 irasceris
2471 1996 2498 2029 ι

294 2073 560 2155 merito,
606 2071 673 2139 id
703 2097 971 2166 quoque
1008 2073 1189 2140 scio:
1220 2071 1331 2140 sed
1364 2086 1523 2139 tunc
1546 2071 1880 2165 praecipua
1903 2075 2432 2143 mansuetudinis

294 2181 468 2266 laus,
512 2207 724 2278 quum
772 2184 884 2250 irae
923 2207 1153 2252 caussa
1185 2181 1549 2277 justissima
1593 2195 1710 2249 est.
1758 2183 2011 2250 Amasti
2055 2183 2432 2270 hominem,
2469 2213 2501 2266 3

287 2309 379 2375 et,
410 2317 644 2389 spem,
681 2293 975 2363 amabis:
1013 2294 1280 2363 interim
1333 2291 1618 2379 sufficit,
1664 2307 1742 2361 ut
1791 2295 2052 2362 exorari
2111 2309 2174 2364 te
2225 2274 2423 2363 sinaS.

289 2406 543 2475 Licebit
582 2430 817 2474 rursus
848 2405 1075 2492 irasci,
1108 2405 1161 2473 si
1200 2406 1566 2472 meruerit:
1595 2402 1777 2499 quod
1811 2420 2122 2474 exoratus
2153 2430 2434 2475 excusa-

297 2519 425 2585 tius
461 2516 684 2585 sacies.
737 2516 1027 2584 Remitte
1075 2512 1324 2609 aliquid
1384 2515 1846 2584 adolescentiae
1893 2517 2132 2611 ipsius,
2169 2517 2434 2590 remitte

298 2624 643 2721 lacrymis,
686 2626 946 2694 remitte
987 2623 1415 2717 indulgentiae
1455 2640 1582 2692 tuae
1614 2652 1627 2692 τ
1659 2650 1742 2693 ne
1787 2628 2054 2695 torseris
2093 2626 2314 2707 illum,
2349 2654 2434 2697 ne

298 2738 569 2806 torseris
618 2738 817 2805 etiam
863 2751 951 2805 te.
992 2734 1353 2830 Torqueris
1398 2736 1614 2820 enim,
1651 2760 1859 2828 quum
1907 2750 2043 2803 tam
2091 2735 2254 2805 lenis
2300 2738 2433 2807 ira-

298 2848 815 2929 sceris.Vereor,
830 2870 915 2913 ne
938 2845 1163 2913 videar
1181 2870 1318 2913 non
1336 2868 1571 2937 rogare
1586 2897 1604 2931 ,
1623 2844 1736 2913 sed
1759 2870 2027 2939 cogere,
2047 2848 2102 2914 si
2124 2848 2433 2940 precibus
2470 2864 2506 2925 4

298 2958 439 3052 ejus
468 2982 655 3025 meas
685 2956 996 3049 junxero,
1032 2958 1320 3049 Iungam
1360 2968 1580 3023 tamen
1625 2969 1812 3023 tanto
1849 2954 2111 3049 plenius
2152 2972 2219 3025 et
2259 2958 2429 3027 effu-

296 3070 471 3153 sius,
509 3079 769 3160 quanto
806 3068 1021 3158 ipsum
1062 3065 1279 3133 acrius
1314 3066 1737 3159 severiusque
1770 3067 2098 3160 corripui,
2126 3067 2434 3136 destricte

296 3181 627 3261 minatuS‚
656 3201 1001 3271 nunquam
1040 3200 1145 3245 me
1182 3191 1409 3269 postea
1450 3190 1862 3271 rogaturum.
1895 3181 2038 3245 Hoc
2075 3176 2203 3262 illi,
2233 3201 2429 3270 quem

298 3293 531 3361 terreri
588 3290 981 3385 oportebat,
1024 3289 1144 3357 tibi
1195 3314 1330 3357 non
1388 3289 1585 3358 idem.
1638 3292 1813 3359 Nam
1866 3290 2139 3357 fortasse
2191 3290 2430 3359 iterum

361 3484 513 3539 XXI.
550 3483 603 3535 3.
648 3484 903 3549 Tot-queris
944 3483 1074 3531 enim
1088 3518 1105 3541 ,
1148 3500 1312 3547 quum.

298 3564 415 3630 Quo
436 3563 559 3634 quis
582 3572 773 3614 natura
804 3560 973 3613 lenior
1000 3572 1077 3611 est
1100 3571 1154 3611 et
1174 3577 1317 3611 man·

296 3646 515 3705 metior,
535 3652 689 3695 tanto
726 3639 773 3691 ei
804 3638 885 3691 ira
904 3638 1119 3710 gravior
1144 3651 1194 3691 et
1224 3658 1316 3690 no-

298 3726 497 3777 centior
521 3719 621 3791 ipsi
652 3720 787 3773 solet
806 3736 935 3771 esse.
966 3717 1105 3769 Hinc
1132 3718 1315 3771 tritum

298 3798 423 3855 illud
443 3843 459 3868 ,
474 3801 725 3869 patientia
744 3802 865 3849 let-sa
882 3800 1114 3865 sitfitror.
1140 3795 1317 3849 Admi-

298 3882 529 3935 rabiliter
552 3879 643 3932 hic
674 3887 865 3930 tractat
892 3888 943 3929 et
970 3888 1137 3930 versat
1164 3878 1316 3948 quasi

302 3962 527 4015 amicum
559 3976 717 4012 suum
750 3956 979 4009 Plinius:
1007 3974 1229 4027 eamque
1258 3957 1315 4009 iu

300 4056 361 4093 eo
372 4042 621 4093 virtutem
634 4034 839 4099 laudat,
854 4054 959 4107 qua
971 4054 1137 4107 quum
1152 4036 1317 4089 maxi·

306 4134 382 4173 me
414 4139 551 4194 opus
576 4128 676 4171 est.
713 4116 831 4169 Huc
872 4116 1097 4195 pertinet
1114 4154 1131 4179 ‚
1166 4115 1313 4189 quod

1411 3481 1484 3532 ait
1500 3515 1514 3540 ‚
1535 3498 1714 3529 vereor
1728 3499 1791 3529 ne
1805 3482 1988 3529 videar
2004 3498 2106 3530 non
2123 3500 2325 3549 rogare,
2347 3487 2438 3535 sed

1410 3578 1598 3627 cogere.
1633 3557 1844 3613 Iudicat
1875 3559 2020 3611 enim
2051 3571 2102 3611 et
2130 3561 2287 3613 amici
2313 3562 2430 3615 offi-

1410 3637 1588 3699 cium,
1615 3648 1774 3708 atque
1805 3637 1862 3689 in
1897 3656 1954 3690 se
1993 3638 2349 3706 voluntatem,
2379 3656 2430 3696 et

1408 3734 1561 3770 suam
1589 3717 1644 3770 in
1683 3715 1920 3789 rogando
1959 3718 2305 3785 modestiam,
2337 3724 2430 3795 qui

1414 3796 1486 3849 ob
1510 3794 1566 3847 id
1603 3798 1774 3868 ipsum
1811 3815 1998 3868 rogare
2023 3796 2260 3865 dubitet,
2281 3800 2428 3873 quod

1413 3876 1544 3929 sciat
1562 3874 1664 3930 sibi
1687 3876 1820 3929 nihil
1837 3896 2030 3949 negare
2049 3878 2281 3934 amicum
2306 3900 2427 3953 pos·

1412 3974 1488 4009 se.
1514 3955 1583 4008 G.
1699 3954 1708 3963 ’
2190 3980 2198 3987 ·

1485 4042 1537 4098 4.
1573 4038 1682 4087 riu
1701 4054 1800 4087 non
1827 4040 1972 4089 idern.
2011 4040 2184 4093 Potest
2209 4040 2427 4092 omnino

1410 4127 1466 4169 et
1485 4114 1638 4184 ferri,
1667 4128 1718 4171 et
1737 4117 2016 4171 commode
2033 4118 2284 4188 explicari
2302 4155 2318 4182 ‚
2341 4122 2430 4169 cibe·
