<?xml version="1.0" encoding="UTF-8"?>
<!DOCTYPE html PUBLIC "-//W3C//DTD XHTML 1.0 Transitional//EN"
    "http://www.w3.org/TR/xhtml1/DTD/xhtml1-transitional.dtd">
<html xmlns="http://www.w3.org/1999/xhtml" xml:lang="en" lang="en">
 <head>
  <title>
</title>
<meta http-equiv="Content-Type" content="text/html;charset=utf-8" />
  <meta name='ocr-system' content='tesseract 3.04.00' />
  <meta name='ocr-capabilities' content='ocr_page ocr_carea ocr_par ocr_line ocrx_word'/>
</head>
<body>
  <div class='ocr_page' id='page_1' title='image "./cpliniisecundie00schgoog_0026.png"; bbox 0 0 2857 4690; ppageno 0'>
   <div class='ocr_carea' id='block_1_1' title="bbox 61 2791 67 3300">
    <p class='ocr_par' dir='ltr' id='par_1_1' title="bbox 61 2791 67 3300">
     <span class='ocr_line' id='line_1_1' title="bbox 61 2791 67 3300; baseline 0 0"><span class='ocrx_word' id='word_1_1' title='bbox 61 2791 67 3300; x_wconf 95' lang='lat' dir='ltr'><strong> </strong></span> 
     </span>
    </p>
   </div>
   <div class='ocr_carea' id='block_1_2' title="bbox 892 340 2296 440">
    <p class='ocr_par' dir='ltr' id='par_1_2' title="bbox 892 340 2296 440">
     <span class='ocr_line' id='line_1_2' title="bbox 892 340 2296 440; baseline 0.003 -32"><span class='ocrx_word' id='word_1_2' title='bbox 892 340 1418 410; x_wconf 87' lang='lat' dir='ltr'><strong>EPISTOLA</strong></span> <span class='ocrx_word' id='word_1_3' title='bbox 1467 341 1600 408; x_wconf 67' lang='lat' dir='ltr'><strong>12x.</strong></span> <span class='ocrx_word' id='word_1_4' title='bbox 2217 367 2296 440; x_wconf 92' lang='lat'><strong>¹7</strong></span> 
     </span>
    </p>
   </div>
   <div class='ocr_carea' id='block_1_3' title="bbox 214 461 2383 1764">
    <p class='ocr_par' dir='ltr' id='par_1_3' title="bbox 214 461 2383 1764">
     <span class='ocr_line' id='line_1_3' title="bbox 216 461 2308 557; baseline 0 -21"><span class='ocrx_word' id='word_1_5' title='bbox 216 479 593 552; x_wconf 70' lang='lat' dir='ltr'><strong>oeterorum,</strong></span> <span class='ocrx_word' id='word_1_6' title='bbox 609 463 1067 534; x_wconf 85' lang='lat' dir='ltr'><strong>sunt-minores</strong></span> <span class='ocrx_word' id='word_1_7' title='bbox 1078 463 1297 557; x_wconf 85' lang='lat' dir='ltr'><strong>capite</strong></span> <span class='ocrx_word' id='word_1_8' title='bbox 1312 461 1616 550; x_wconf 81' lang='lat' dir='ltr'><strong>discreti3</strong></span> <span class='ocrx_word' id='word_1_9' title='bbox 1634 462 1750 532; x_wconf 87' lang='lat' dir='ltr'><strong>sed</strong></span> <span class='ocrx_word' id='word_1_10' title='bbox 1759 463 2021 533; x_wconf 88' lang='lat' dir='ltr'><strong>flumini</strong></span> <span class='ocrx_word' id='word_1_11' title='bbox 2038 466 2308 537; x_wconf 82' lang='lat' dir='ltr'><strong>miscen-</strong></span> 
     </span>
     <span class='ocr_line' id='line_1_4' title="bbox 216 573 2379 670; baseline 0 -26"><span class='ocrx_word' id='word_1_12' title='bbox 216 591 343 662; x_wconf 85' lang='lat' dir='ltr'><strong>tur,</strong></span> <span class='ocrx_word' id='word_1_13' title='bbox 370 574 543 670; x_wconf 90' lang='lat' dir='ltr'><strong>quod</strong></span> <span class='ocrx_word' id='word_1_14' title='bbox 578 588 788 668; x_wconf 88' lang='lat' dir='ltr'><strong>ponte</strong></span> <span class='ocrx_word' id='word_1_15' title='bbox 819 575 1313 644; x_wconf 83' lang='lat' dir='ltr'><strong>transmittitur.</strong></span> <span class='ocrx_word' id='word_1_16' title='bbox 1352 577 1419 644; x_wconf 87' lang='lat' dir='ltr'><strong>Is</strong></span> <span class='ocrx_word' id='word_1_17' title='bbox 1451 573 1776 643; x_wconf 86' lang='lat' dir='ltr'><strong>terminus</strong></span> <span class='ocrx_word' id='word_1_18' title='bbox 1812 574 1981 643; x_wconf 85' lang='lat' dir='ltr'><strong>sacri</strong></span> <span class='ocrx_word' id='word_1_19' title='bbox 2007 576 2306 670; x_wconf 81' lang='lat' dir='ltr'><strong>profani·</strong></span> <span class='ocrx_word' id='word_1_20' title='bbox 2341 595 2379 644; x_wconf 83' lang='lat'><strong>6·</strong></span> 
     </span>
     <span class='ocr_line' id='line_1_5' title="bbox 214 683 2309 781; baseline 0.001 -26"><span class='ocrx_word' id='word_1_21' title='bbox 214 711 347 780; x_wconf 86' lang='lat' dir='ltr'><strong>que.</strong></span> <span class='ocrx_word' id='word_1_22' title='bbox 383 688 457 754; x_wconf 93' lang='lat' dir='ltr'><strong>In</strong></span> <span class='ocrx_word' id='word_1_23' title='bbox 494 684 839 781; x_wconf 86' lang='lat' dir='ltr'>superiore</span> <span class='ocrx_word' id='word_1_24' title='bbox 865 699 1059 779; x_wconf 85' lang='lat' dir='ltr'><strong>parte</strong></span> <span class='ocrx_word' id='word_1_25' title='bbox 1086 685 1401 778; x_wconf 82' lang='lat' dir='ltr'><strong>navigare</strong></span> <span class='ocrx_word' id='word_1_26' title='bbox 1433 698 1731 768; x_wconf 88' lang='lat' dir='ltr'><strong>tantum,</strong></span> <span class='ocrx_word' id='word_1_27' title='bbox 1765 683 1940 752; x_wconf 85' lang='lat' dir='ltr'><strong>infra</strong></span> <span class='ocrx_word' id='word_1_28' title='bbox 1965 684 2166 754; x_wconf 88' lang='lat' dir='ltr'><strong>etiam</strong></span> <span class='ocrx_word' id='word_1_29' title='bbox 2192 712 2309 758; x_wconf 86' lang='lat' dir='ltr'><strong>na-</strong></span> 
     </span>
     <span class='ocr_line' id='line_1_6' title="bbox 216 791 2310 889; baseline 0.001 -24"><span class='ocrx_word' id='word_1_30' title='bbox 216 811 335 866; x_wconf 86' lang='lat' dir='ltr'><strong>tare</strong></span> <span class='ocrx_word' id='word_1_31' title='bbox 356 821 759 868; x_wconf 86' lang='lat' dir='ltr'><strong>concessum.</strong></span> <span class='ocrx_word' id='word_1_32' title='bbox 790 795 1137 866; x_wconf 85' lang='lat' dir='ltr'><strong>Balineum</strong></span> <span class='ocrx_word' id='word_1_33' title='bbox 1167 791 1568 889; x_wconf 84' lang='lat' dir='ltr'><strong>Hispellates</strong></span> <span class='ocrx_word' id='word_1_34' title='bbox 1582 850 1601 881; x_wconf 92' lang='lat'><strong>‚</strong></span> <span class='ocrx_word' id='word_1_35' title='bbox 1621 794 1864 889; x_wconf 86' lang='lat' dir='ltr'><strong>quibus</strong></span> <span class='ocrx_word' id='word_1_36' title='bbox 1882 792 2070 864; x_wconf 90' lang='lat' dir='ltr'><strong>illum</strong></span> <span class='ocrx_word' id='word_1_37' title='bbox 2089 793 2310 867; x_wconf 89' lang='lat' dir='ltr'><strong>locum</strong></span> 
     </span>
     <span class='ocr_line' id='line_1_7' title="bbox 216 904 2316 1002; baseline 0 -26"><span class='ocrx_word' id='word_1_38' title='bbox 216 907 379 976; x_wconf 76' lang='lat' dir='ltr'><strong>divus</strong></span> <span class='ocrx_word' id='word_1_39' title='bbox 410 909 757 1002; x_wconf 82' lang='lat' dir='ltr'><strong>Augustus</strong></span> <span class='ocrx_word' id='word_1_40' title='bbox 792 907 971 977; x_wconf 90' lang='lat' dir='ltr'><strong>dono</strong></span> <span class='ocrx_word' id='word_1_41' title='bbox 1006 905 1220 994; x_wconf 84' lang='lat' dir='ltr'><strong>dedit,</strong></span> <span class='ocrx_word' id='word_1_42' title='bbox 1258 904 1524 999; x_wconf 88' lang='lat' dir='ltr'><strong>publice</strong></span> <span class='ocrx_word' id='word_1_43' title='bbox 1555 905 1888 1001; x_wconf 77' lang='lat' dir='ltr'><strong>praebent,</strong></span> <span class='ocrx_word' id='word_1_44' title='bbox 1924 907 2225 1000; x_wconf 84' lang='lat' dir='ltr'><strong>praebent</strong></span> <span class='ocrx_word' id='word_1_45' title='bbox 2247 922 2316 978; x_wconf 84' lang='lat' dir='ltr'><strong>et</strong></span> 
     </span>
     <span class='ocr_line' id='line_1_8' title="bbox 216 1013 2316 1112; baseline 0 -26"><span class='ocrx_word' id='word_1_46' title='bbox 216 1017 586 1112; x_wconf 83' lang='lat' dir='ltr'><strong>hospitium:</strong></span> <span class='ocrx_word' id='word_1_47' title='bbox 621 1043 747 1086; x_wconf 84' lang='lat' dir='ltr'><strong>nec</strong></span> <span class='ocrx_word' id='word_1_48' title='bbox 765 1017 1007 1086; x_wconf 87' lang='lat' dir='ltr'><strong>desunt</strong></span> <span class='ocrx_word' id='word_1_49' title='bbox 1018 1013 1215 1103; x_wconf 77' lang='lat' dir='ltr'><strong>villae,</strong></span> <span class='ocrx_word' id='word_1_50' title='bbox 1243 1039 1391 1109; x_wconf 81' lang='lat' dir='ltr'><strong>quae</strong></span> <span class='ocrx_word' id='word_1_51' title='bbox 1411 1030 1704 1110; x_wconf 84' lang='lat' dir='ltr'><strong>sequutae</strong></span> <span class='ocrx_word' id='word_1_52' title='bbox 1723 1013 2016 1085; x_wconf 86' lang='lat' dir='ltr'><strong>fluminis</strong></span> <span class='ocrx_word' id='word_1_53' title='bbox 2041 1019 2316 1088; x_wconf 81' lang='lat' dir='ltr'><strong>amoeni-</strong></span> 
     </span>
     <span class='ocr_line' id='line_1_9' title="bbox 218 1123 2383 1222; baseline 0.002 -28"><span class='ocrx_word' id='word_1_54' title='bbox 218 1140 424 1214; x_wconf 86' lang='lat' dir='ltr'><strong>tatem,</strong></span> <span class='ocrx_word' id='word_1_55' title='bbox 460 1128 753 1221; x_wconf 85' lang='lat' dir='ltr'><strong>margini</strong></span> <span class='ocrx_word' id='word_1_56' title='bbox 804 1127 1139 1196; x_wconf 85' lang='lat' dir='ltr'><strong>insistunt.</strong></span> <span class='ocrx_word' id='word_1_57' title='bbox 1185 1128 1265 1194; x_wconf 90' lang='lat' dir='ltr'><strong>In</strong></span> <span class='ocrx_word' id='word_1_58' title='bbox 1308 1148 1608 1209; x_wconf 86' lang='lat' dir='ltr'><strong>summa,</strong></span> <span class='ocrx_word' id='word_1_59' title='bbox 1645 1123 1818 1194; x_wconf 90' lang='lat' dir='ltr'><strong>nihil</strong></span> <span class='ocrx_word' id='word_1_60' title='bbox 1855 1127 2018 1212; x_wconf 86' lang='lat' dir='ltr'><strong>erit,</strong></span> <span class='ocrx_word' id='word_1_61' title='bbox 2057 1152 2140 1196; x_wconf 83' lang='lat' dir='ltr'><strong>ex</strong></span> <span class='ocrx_word' id='word_1_62' title='bbox 2180 1153 2316 1222; x_wconf 86' lang='lat' dir='ltr'><strong>quo</strong></span> <span class='ocrx_word' id='word_1_63' title='bbox 2350 1157 2383 1208; x_wconf 83' lang='lat'><em>7</em></span> 
     </span>
     <span class='ocr_line' id='line_1_10' title="bbox 218 1233 2318 1332; baseline 0.001 -28"><span class='ocrx_word' id='word_1_64' title='bbox 218 1261 331 1304; x_wconf 89' lang='lat' dir='ltr'><strong>non</strong></span> <span class='ocrx_word' id='word_1_65' title='bbox 364 1237 589 1332; x_wconf 84' lang='lat' dir='ltr'><strong>capias</strong></span> <span class='ocrx_word' id='word_1_66' title='bbox 628 1235 1086 1331; x_wconf 83' lang='lat' dir='ltr'><strong>voluptatem:</strong></span> <span class='ocrx_word' id='word_1_67' title='bbox 1139 1259 1296 1304; x_wconf 87' lang='lat' dir='ltr'><strong>nam</strong></span> <span class='ocrx_word' id='word_1_68' title='bbox 1339 1233 1635 1304; x_wconf 90' lang='lat' dir='ltr'><strong>studebis</strong></span> <span class='ocrx_word' id='word_1_69' title='bbox 1678 1258 1979 1330; x_wconf 87' lang='lat' dir='ltr'><strong>quoque,</strong></span> <span class='ocrx_word' id='word_1_70' title='bbox 2027 1250 2096 1305; x_wconf 88' lang='lat' dir='ltr'><strong>et</strong></span> <span class='ocrx_word' id='word_1_71' title='bbox 2142 1234 2318 1332; x_wconf 85' lang='lat' dir='ltr'><strong>leges</strong></span> 
     </span>
     <span class='ocr_line' id='line_1_11' title="bbox 219 1342 2318 1441; baseline 0.002 -27"><span class='ocrx_word' id='word_1_72' title='bbox 219 1345 395 1415; x_wconf 87' lang='lat' dir='ltr'><strong>multa</strong></span> <span class='ocrx_word' id='word_1_73' title='bbox 434 1345 805 1416; x_wconf 88' lang='lat' dir='ltr'><strong>multorum</strong></span> <span class='ocrx_word' id='word_1_74' title='bbox 845 1345 1159 1415; x_wconf 89' lang='lat' dir='ltr'><strong>omnibus</strong></span> <span class='ocrx_word' id='word_1_75' title='bbox 1202 1342 1530 1416; x_wconf 86' lang='lat' dir='ltr'><strong>columnis</strong></span> <span class='ocrx_word' id='word_1_76' title='bbox 1549 1398 1568 1431; x_wconf 93' lang='lat'><strong>,</strong></span> <span class='ocrx_word' id='word_1_77' title='bbox 1603 1344 1917 1415; x_wconf 87' lang='lat' dir='ltr'><strong>omnibus</strong></span> <span class='ocrx_word' id='word_1_78' title='bbox 1951 1348 2318 1441; x_wconf 77' lang='lat' dir='ltr'><strong>parietibus</strong></span> 
     </span>
     <span class='ocr_line' id='line_1_12' title="bbox 220 1452 2320 1552; baseline 0.002 -30"><span class='ocrx_word' id='word_1_79' title='bbox 220 1455 543 1552; x_wconf 86' lang='lat' dir='ltr'><strong>inscripta,</strong></span> <span class='ocrx_word' id='word_1_80' title='bbox 577 1456 822 1550; x_wconf 92' lang='lat' dir='ltr'><strong>quibus</strong></span> <span class='ocrx_word' id='word_1_81' title='bbox 858 1456 1007 1525; x_wconf 91' lang='lat' dir='ltr'><strong>fons</strong></span> <span class='ocrx_word' id='word_1_82' title='bbox 1044 1454 1153 1524; x_wconf 92' lang='lat' dir='ltr'><strong>ille</strong></span> <span class='ocrx_word' id='word_1_83' title='bbox 1189 1455 1482 1550; x_wconf 87' lang='lat' dir='ltr'><strong>deusque</strong></span> <span class='ocrx_word' id='word_1_84' title='bbox 1517 1452 1910 1524; x_wconf 86' lang='lat' dir='ltr'><strong>celebratur.</strong></span> <span class='ocrx_word' id='word_1_85' title='bbox 1945 1454 2150 1526; x_wconf 87' lang='lat' dir='ltr'><strong>Plura</strong></span> <span class='ocrx_word' id='word_1_86' title='bbox 2180 1455 2320 1527; x_wconf 89' lang='lat' dir='ltr'><strong>lau·</strong></span> 
     </span>
     <span class='ocr_line' id='line_1_13' title="bbox 218 1563 2321 1660; baseline 0.001 -26"><span class='ocrx_word' id='word_1_87' title='bbox 218 1563 409 1652; x_wconf 78' lang='lat' dir='ltr'><strong>dahis,</strong></span> <span class='ocrx_word' id='word_1_88' title='bbox 444 1563 773 1634; x_wconf 88' lang='lat' dir='ltr'><strong>nonnulla</strong></span> <span class='ocrx_word' id='word_1_89' title='bbox 800 1565 1081 1654; x_wconf 84' lang='lat' dir='ltr'><strong>ridebis3</strong></span> <span class='ocrx_word' id='word_1_90' title='bbox 1108 1590 1496 1660; x_wconf 86' lang='lat' dir='ltr'><strong>quanquam</strong></span> <span class='ocrx_word' id='word_1_91' title='bbox 1531 1577 1608 1633; x_wconf 90' lang='lat' dir='ltr'><strong>tu</strong></span> <span class='ocrx_word' id='word_1_92' title='bbox 1635 1589 1825 1653; x_wconf 90' lang='lat' dir='ltr'><strong>vero,</strong></span> <span class='ocrx_word' id='word_1_93' title='bbox 1869 1589 2018 1658; x_wconf 82' lang='lat' dir='ltr'><strong>quae</strong></span> <span class='ocrx_word' id='word_1_94' title='bbox 2054 1581 2169 1636; x_wconf 86' lang='lat' dir='ltr'><strong>tua</strong></span> <span class='ocrx_word' id='word_1_95' title='bbox 2195 1567 2321 1636; x_wconf 90' lang='lat' dir='ltr'><strong>hu-</strong></span> 
     </span>
     <span class='ocr_line' id='line_1_14' title="bbox 220 1664 1584 1764; baseline 0.001 -21"><span class='ocrx_word' id='word_1_96' title='bbox 220 1677 509 1764; x_wconf 88' lang='lat' dir='ltr'><strong>manitas,</strong></span> <span class='ocrx_word' id='word_1_97' title='bbox 543 1674 729 1745; x_wconf 88' lang='lat' dir='ltr'><strong>nulla</strong></span> <span class='ocrx_word' id='word_1_98' title='bbox 764 1675 1031 1746; x_wconf 89' lang='lat' dir='ltr'><strong>ridebis.</strong></span> <span class='ocrx_word' id='word_1_99' title='bbox 1062 1674 1255 1746; x_wconf 88' lang='lat' dir='ltr'><strong>Vale.</strong></span> <span class='ocrx_word' id='word_1_100' title='bbox 1575 1664 1584 1672; x_wconf 48' lang='lat'>⁸</span> 
     </span>
    </p>
   </div>
   <div class='ocr_carea' id='block_1_4' title="bbox 222 1863 2326 2256">
    <p class='ocr_par' dir='ltr' id='par_1_4' title="bbox 222 1863 2326 2256">
     <span class='ocr_line' id='line_1_15' title="bbox 276 1863 2326 1936; baseline -0.001 -16"><span class='ocrx_word' id='word_1_101' title='bbox 276 1869 323 1920; x_wconf 87' lang='grc'><strong>6.</strong></span> <span class='ocrx_word' id='word_1_102' title='bbox 344 1869 603 1936; x_wconf 68' lang='lat' dir='ltr'><strong>Navigam.</strong></span> <span class='ocrx_word' id='word_1_103' title='bbox 622 1904 635 1919; x_wconf 85' lang='lat'><strong>.</strong></span> <span class='ocrx_word' id='word_1_104' title='bbox 647 1906 661 1918; x_wconf 90' lang='lat'><strong>.</strong></span> <span class='ocrx_word' id='word_1_105' title='bbox 679 1906 694 1919; x_wconf 96' lang='lat'><strong>.</strong></span> <span class='ocrx_word' id='word_1_106' title='bbox 711 1905 725 1918; x_wconf 94' lang='lat'><strong>.</strong></span> <span class='ocrx_word' id='word_1_107' title='bbox 745 1881 935 1918; x_wconf 75' lang='lat' dir='ltr'><strong>natare.</strong></span> <span class='ocrx_word' id='word_1_108' title='bbox 958 1866 1025 1918; x_wconf 85' lang='lat' dir='ltr'><strong>In</strong></span> <span class='ocrx_word' id='word_1_109' title='bbox 1050 1864 1209 1936; x_wconf 78' lang='lat' dir='ltr'><strong>plane</strong></span> <span class='ocrx_word' id='word_1_110' title='bbox 1305 1863 1494 1935; x_wconf 82' lang='lat' dir='ltr'><strong>inquit,</strong></span> <span class='ocrx_word' id='word_1_111' title='bbox 1499 1877 1650 1931; x_wconf 76' lang='lat' dir='ltr'><strong>potus</strong></span> <span class='ocrx_word' id='word_1_112' title='bbox 1663 1883 1829 1915; x_wconf 78' lang='lat' dir='ltr'><strong>sacros</strong></span> <span class='ocrx_word' id='word_1_113' title='bbox 1842 1879 1892 1914; x_wconf 80' lang='lat' dir='ltr'><strong>et</strong></span> <span class='ocrx_word' id='word_1_114' title='bbox 1901 1867 2216 1917; x_wconf 61' lang='lat' dir='ltr'><strong>cer-insoniam</strong></span> <span class='ocrx_word' id='word_1_115' title='bbox 2228 1869 2326 1918; x_wconf 76' lang='lat' dir='ltr'><strong>Ioci</strong></span> 
     </span>
     <span class='ocr_line' id='line_1_16' title="bbox 222 1943 2322 2017; baseline -0.001 -19"><span class='ocrx_word' id='word_1_116' title='bbox 222 1946 357 1999; x_wconf 69' lang='lat' dir='ltr'><strong>neris</strong></span> <span class='ocrx_word' id='word_1_117' title='bbox 395 1965 461 2000; x_wconf 85' lang='lat' dir='ltr'><strong>ne</strong></span> <span class='ocrx_word' id='word_1_118' title='bbox 502 1945 761 2017; x_wconf 74' lang='lat' dir='ltr'><strong>navigare</strong></span> <span class='ocrx_word' id='word_1_119' title='bbox 804 1943 1020 2017; x_wconf 87' lang='lat' dir='ltr'><strong>quidem</strong></span> <span class='ocrx_word' id='word_1_120' title='bbox 1065 1943 1205 1997; x_wconf 83' lang='lat' dir='ltr'><strong>licet.</strong></span> <span class='ocrx_word' id='word_1_121' title='bbox 1304 1961 1508 2009; x_wconf 77' lang='lat' dir='ltr'><strong>corporo</strong></span> <span class='ocrx_word' id='word_1_122' title='bbox 1528 1957 1632 1994; x_wconf 78' lang='lat' dir='ltr'><strong>toto</strong></span> <span class='ocrx_word' id='word_1_123' title='bbox 1643 1947 1896 2009; x_wconf 78' lang='lat' dir='ltr'><strong>polluisse.</strong></span> <span class='ocrx_word' id='word_1_124' title='bbox 1915 1943 2053 1996; x_wconf 73' lang='lat' dir='ltr'><strong>Satis</strong></span> <span class='ocrx_word' id='word_1_125' title='bbox 2071 1957 2322 2017; x_wconf 76' lang='lat' dir='ltr'><strong>apparet,</strong></span> 
     </span>
     <span class='ocr_line' id='line_1_17' title="bbox 222 2020 2326 2094; baseline 0 -17"><span class='ocrx_word' id='word_1_126' title='bbox 222 2023 335 2078; x_wconf 74' lang='lat' dir='ltr'><strong>Vide</strong></span> <span class='ocrx_word' id='word_1_127' title='bbox 352 2024 599 2079; x_wconf 83' lang='lat' dir='ltr'><strong>Nostrum</strong></span> <span class='ocrx_word' id='word_1_128' title='bbox 614 2025 773 2088; x_wconf 87' lang='lat' dir='ltr'><strong>VIII,</strong></span> <span class='ocrx_word' id='word_1_129' title='bbox 804 2043 869 2078; x_wconf 61' lang='grc' dir='ltr'><strong>πο</strong></span> <span class='ocrx_word' id='word_1_130' title='bbox 882 2061 900 2088; x_wconf 82' lang='grc'><em>,</em></span> <span class='ocrx_word' id='word_1_131' title='bbox 931 2028 983 2076; x_wconf 80' lang='grc'><strong>5.</strong></span> <span class='ocrx_word' id='word_1_132' title='bbox 1004 2023 1209 2076; x_wconf 83' lang='lat' dir='ltr'><strong>Verum</strong></span> <span class='ocrx_word' id='word_1_133' title='bbox 1304 2039 1559 2092; x_wconf 81' lang='lat' dir='ltr'><strong>quorsum</strong></span> <span class='ocrx_word' id='word_1_134' title='bbox 1605 2020 1698 2073; x_wconf 78' lang='lat' dir='ltr'><strong>illa</strong></span> <span class='ocrx_word' id='word_1_135' title='bbox 1739 2023 2055 2094; x_wconf 73' lang='lat' dir='ltr'><strong>spectaverit</strong></span> <span class='ocrx_word' id='word_1_136' title='bbox 2099 2023 2326 2077; x_wconf 87' lang='lat' dir='ltr'><strong>fontium</strong></span> 
     </span>
     <span class='ocr_line' id='line_1_18' title="bbox 222 2098 2326 2176; baseline 0 -20"><span class='ocrx_word' id='word_1_137' title='bbox 222 2105 363 2176; x_wconf 70' lang='lat' dir='ltr'><strong>magis</strong></span> <span class='ocrx_word' id='word_1_138' title='bbox 387 2104 541 2158; x_wconf 88' lang='lat' dir='ltr'><strong>etiam</strong></span> <span class='ocrx_word' id='word_1_139' title='bbox 562 2122 715 2158; x_wconf 72' lang='lat' dir='ltr'><strong>sacra</strong></span> <span class='ocrx_word' id='word_1_140' title='bbox 735 2104 1047 2176; x_wconf 79' lang='lat' dir='ltr'><strong>profanatur</strong></span> <span class='ocrx_word' id='word_1_141' title='bbox 1070 2121 1210 2174; x_wconf 74' lang='lat' dir='ltr'><strong>aqua</strong></span> <span class='ocrx_word' id='word_1_142' title='bbox 1304 2098 1520 2173; x_wconf 78' lang='lat' dir='ltr'><strong>religi03</strong></span> <span class='ocrx_word' id='word_1_143' title='bbox 1547 2099 1619 2153; x_wconf 87' lang='lat' dir='ltr'><strong>ad</strong></span> <span class='ocrx_word' id='word_1_144' title='bbox 1642 2100 1924 2172; x_wconf 84' lang='lat' dir='ltr'><strong>puritatem</strong></span> <span class='ocrx_word' id='word_1_145' title='bbox 1945 2119 2094 2173; x_wconf 68' lang='lat' dir='ltr'><strong>aqum</strong></span> <span class='ocrx_word' id='word_1_146' title='bbox 2114 2114 2168 2155; x_wconf 85' lang='lat' dir='ltr'><strong>et</strong></span> <span class='ocrx_word' id='word_1_147' title='bbox 2184 2102 2326 2156; x_wconf 70' lang='lat' dir='ltr'><strong>salu-</strong></span> 
     </span>
     <span class='ocr_line' id='line_1_19' title="bbox 222 2179 2270 2256; baseline 0 -22"><span class='ocrx_word' id='word_1_148' title='bbox 222 2182 347 2236; x_wconf 79' lang='lat' dir='ltr'><strong>nndo</strong></span> <span class='ocrx_word' id='word_1_149' title='bbox 360 2203 577 2256; x_wconf 76' lang='lat' dir='ltr'><strong>corpore</strong></span> <span class='ocrx_word' id='word_1_150' title='bbox 592 2221 610 2248; x_wconf 90' lang='lat'><strong>,</strong></span> <span class='ocrx_word' id='word_1_151' title='bbox 638 2195 691 2236; x_wconf 88' lang='lat' dir='ltr'><strong>et</strong></span> <span class='ocrx_word' id='word_1_152' title='bbox 709 2180 973 2255; x_wconf 79' lang='lat' dir='ltr'><strong>pudendis</strong></span> <span class='ocrx_word' id='word_1_153' title='bbox 997 2199 1211 2254; x_wconf 79' lang='lat' dir='ltr'><strong>quoque</strong></span> <span class='ocrx_word' id='word_1_154' title='bbox 1303 2179 1547 2234; x_wconf 76' lang='lat' dir='ltr'><strong>hritatem</strong></span> <span class='ocrx_word' id='word_1_155' title='bbox 1569 2179 1882 2233; x_wconf 77' lang='lat' dir='ltr'><strong>servandam</strong></span> <span class='ocrx_word' id='word_1_156' title='bbox 1899 2179 2171 2234; x_wconf 82' lang='lat' dir='ltr'><strong>nimirum.</strong></span> <span class='ocrx_word' id='word_1_157' title='bbox 2199 2181 2270 2235; x_wconf 89' lang='lat' dir='ltr'><strong>G.</strong></span> 
     </span>
    </p>
   </div>
   <div class='ocr_carea' id='block_1_5' title="bbox 220 2259 2328 2493">
    <p class='ocr_par' dir='ltr' id='par_1_5' title="bbox 220 2259 2328 2493">
     <span class='ocr_line' id='line_1_20' title="bbox 220 2259 2326 2334; baseline 0 -18"><span class='ocrx_word' id='word_1_158' title='bbox 220 2263 429 2332; x_wconf 69' lang='lat' dir='ltr'><strong>partibus</strong></span> <span class='ocrx_word' id='word_1_159' title='bbox 440 2273 687 2317; x_wconf 66' lang='lat' dir='ltr'><strong>nontam</strong></span> <span class='ocrx_word' id='word_1_160' title='bbox 703 2303 720 2329; x_wconf 92' lang='lat'><strong>‚</strong></span> <span class='ocrx_word' id='word_1_161' title='bbox 732 2259 879 2334; x_wconf 86' lang='lat' dir='ltr'><strong>quod</strong></span> <span class='ocrx_word' id='word_1_162' title='bbox 896 2260 1101 2333; x_wconf 73' lang='lat' dir='ltr'><strong>egregie</strong></span> <span class='ocrx_word' id='word_1_163' title='bbox 1118 2260 1211 2315; x_wconf 82' lang='lat' dir='ltr'><strong>hie</strong></span> <span class='ocrx_word' id='word_1_164' title='bbox 1374 2263 1755 2329; x_wconf 56' lang='lat' dir='ltr'><strong>—Hispetlnm</strong></span> <span class='ocrx_word' id='word_1_165' title='bbox 1771 2261 1982 2315; x_wconf 81' lang='lat' dir='ltr'><strong>colonia</strong></span> <span class='ocrx_word' id='word_1_166' title='bbox 1997 2261 2232 2316; x_wconf 62' lang='lat' dir='ltr'><strong>Umbria</strong></span> <span class='ocrx_word' id='word_1_167' title='bbox 2249 2261 2326 2316; x_wconf 74' lang='lat' dir='ltr'><strong>cis</strong></span> 
     </span>
     <span class='ocr_line' id='line_1_21' title="bbox 222 2339 1784 2413; baseline 0 -20"><span class='ocrx_word' id='word_1_168' title='bbox 222 2340 418 2396; x_wconf 78' lang='lat' dir='ltr'><strong>illum-at</strong></span> <span class='ocrx_word' id='word_1_169' title='bbox 446 2342 707 2397; x_wconf 74' lang='lat' dir='ltr'><strong>cellarius</strong></span> <span class='ocrx_word' id='word_1_170' title='bbox 738 2339 997 2395; x_wconf 73' lang='lat' dir='ltr'><strong>advocato</strong></span> <span class='ocrx_word' id='word_1_171' title='bbox 1023 2340 1211 2395; x_wconf 86' lang='lat' dir='ltr'><strong>Tacito</strong></span> <span class='ocrx_word' id='word_1_172' title='bbox 1307 2339 1660 2413; x_wconf 73' lang='lat' dir='ltr'><strong>Apenninum.</strong></span> <span class='ocrx_word' id='word_1_173' title='bbox 1683 2340 1784 2393; x_wconf 81' lang='lat' dir='ltr'><strong>En.</strong></span> 
     </span>
     <span class='ocr_line' id='line_1_22' title="bbox 222 2418 2328 2493; baseline 0.001 -22"><span class='ocrx_word' id='word_1_174' title='bbox 222 2418 356 2487; x_wconf 79' lang='lat' dir='ltr'><strong>XIV,</strong></span> <span class='ocrx_word' id='word_1_175' title='bbox 387 2442 447 2476; x_wconf 70' lang='lat' dir='ltr'><strong>aa</strong></span> <span class='ocrx_word' id='word_1_176' title='bbox 466 2462 481 2489; x_wconf 85' lang='lat'><strong>,</strong></span> <span class='ocrx_word' id='word_1_177' title='bbox 514 2440 580 2493; x_wconf 86' lang='lat'><strong>7,</strong></span> <span class='ocrx_word' id='word_1_178' title='bbox 611 2421 710 2473; x_wconf 81' lang='lat' dir='ltr'><strong>ubi</strong></span> <span class='ocrx_word' id='word_1_179' title='bbox 744 2420 813 2474; x_wconf 85' lang='lat' dir='ltr'><strong>de</strong></span> <span class='ocrx_word' id='word_1_180' title='bbox 844 2422 1078 2482; x_wconf 85' lang='lat' dir='ltr'><strong>Nerone,</strong></span> <span class='ocrx_word' id='word_1_181' title='bbox 1120 2418 1213 2493; x_wconf 86' lang='lat' dir='ltr'><strong>qui</strong></span> <span class='ocrx_word' id='word_1_182' title='bbox 1361 2419 1435 2490; x_wconf 78' lang='grc'><strong>’7.</strong></span> <span class='ocrx_word' id='word_1_183' title='bbox 1466 2424 1778 2489; x_wconf 81' lang='lat' dir='ltr'><strong>Quamquam</strong></span> <span class='ocrx_word' id='word_1_184' title='bbox 1801 2434 1852 2471; x_wconf 80' lang='lat' dir='ltr'><strong>tu</strong></span> <span class='ocrx_word' id='word_1_185' title='bbox 1885 2440 2023 2473; x_wconf 77' lang='lat' dir='ltr'><strong>vero.</strong></span> <span class='ocrx_word' id='word_1_186' title='bbox 2046 2422 2328 2476; x_wconf 79' lang='lat' dir='ltr'><strong>Acervatio</strong></span> 
     </span>
    </p>
   </div>
   <div class='ocr_carea' id='block_1_6' title="bbox 210 2498 2328 2644">
    <p class='ocr_par' dir='ltr' id='par_1_6' title="bbox 210 2498 2328 2644">
     <span class='ocr_line' id='line_1_23' title="bbox 210 2498 2328 2571; baseline 0.001 -19"><span class='ocrx_word' id='word_1_187' title='bbox 210 2502 384 2565; x_wconf 68' lang='lat' dir='ltr'><strong>soum</strong></span> <span class='ocrx_word' id='word_1_188' title='bbox 408 2521 555 2569; x_wconf 68' lang='grc' dir='ltr'><strong>σφω</strong></span> <span class='ocrx_word' id='word_1_189' title='bbox 579 2504 789 2552; x_wconf 69' lang='lat' dir='ltr'><strong>Marcia</strong></span> <span class='ocrx_word' id='word_1_190' title='bbox 820 2504 895 2552; x_wconf 81' lang='lat' dir='ltr'><strong>ad</strong></span> <span class='ocrx_word' id='word_1_191' title='bbox 925 2505 1091 2552; x_wconf 78' lang='lat' dir='ltr'><strong>urbem</strong></span> <span class='ocrx_word' id='word_1_192' title='bbox 1124 2503 1212 2551; x_wconf 82' lang='lat' dir='ltr'><strong>de·</strong></span> <span class='ocrx_word' id='word_1_193' title='bbox 1308 2498 1496 2553; x_wconf 70' lang='lat' dir='ltr'><strong>similis</strong></span> <span class='ocrx_word' id='word_1_194' title='bbox 1521 2500 1733 2565; x_wconf 80' lang='lat' dir='ltr'><strong>illim,</strong></span> <span class='ocrx_word' id='word_1_195' title='bbox 1759 2500 1814 2565; x_wconf 88' lang='lat'><strong>8,</strong></span> <span class='ocrx_word' id='word_1_196' title='bbox 1843 2500 1897 2567; x_wconf 77' lang='grc'><strong>4.</strong></span> <span class='ocrx_word' id='word_1_197' title='bbox 1929 2505 2094 2568; x_wconf 68' lang='lat' dir='ltr'><strong>Quam</strong></span> <span class='ocrx_word' id='word_1_198' title='bbox 2119 2520 2210 2571; x_wconf 72' lang='lat' dir='ltr'><strong>ego</strong></span> <span class='ocrx_word' id='word_1_199' title='bbox 2241 2522 2328 2555; x_wconf 78' lang='grc' dir='ltr'><strong>νο-</strong></span> 
     </span>
     <span class='ocr_line' id='line_1_24' title="bbox 224 2578 1474 2644; baseline 0.002 -15"><span class='ocrx_word' id='word_1_200' title='bbox 224 2580 391 2644; x_wconf 68' lang='lat' dir='ltr'><strong>dneeoe,</strong></span> <span class='ocrx_word' id='word_1_201' title='bbox 416 2583 585 2632; x_wconf 80' lang='lat' dir='ltr'><strong>nando</strong></span> <span class='ocrx_word' id='word_1_202' title='bbox 613 2582 891 2631; x_wconf 69' lang='lat' dir='ltr'><strong>incesserat.</strong></span> <span class='ocrx_word' id='word_1_203' title='bbox 921 2582 1209 2639; x_wconf 76' lang='lat' dir='ltr'><strong>Videbatur,</strong></span> <span class='ocrx_word' id='word_1_204' title='bbox 1309 2598 1383 2631; x_wconf 80' lang='lat' dir='ltr'><strong>ro.</strong></span> <span class='ocrx_word' id='word_1_205' title='bbox 1402 2578 1474 2631; x_wconf 90' lang='lat' dir='ltr'><strong>G.</strong></span> 
     </span>
    </p>
   </div>
   <div class='ocr_carea' id='block_1_7' title="bbox 1230 2770 1626 2789">
    <p class='ocr_par' dir='ltr' id='par_1_7' title="bbox 1230 2770 1626 2789">
     <span class='ocr_line' id='line_1_25' title="bbox 1230 2770 1626 2789; baseline 0 0"><span class='ocrx_word' id='word_1_206' title='bbox 1230 2770 1626 2789; x_wconf 95' lang='lat' dir='ltr'><strong> </strong></span> 
     </span>
    </p>
   </div>
   <div class='ocr_carea' id='block_1_8' title="bbox 226 2766 1229 2803">
    <p class='ocr_par' dir='ltr' id='par_1_8' title="bbox 226 2766 1229 2803">
     <span class='ocr_line' id='line_1_26' title="bbox 226 2766 1229 2803; baseline 0 1887"><span class='ocrx_word' id='word_1_207' title='bbox 226 2766 1229 2803; x_wconf 95' lang='lat' dir='ltr'><strong> </strong></span> 
     </span>
    </p>
   </div>
   <div class='ocr_carea' id='block_1_9' title="bbox 1627 2770 1964 2791">
    <p class='ocr_par' dir='ltr' id='par_1_9' title="bbox 1627 2770 1964 2791">
     <span class='ocr_line' id='line_1_27' title="bbox 1627 2770 1964 2791; baseline 0 1899"><span class='ocrx_word' id='word_1_208' title='bbox 1627 2770 1964 2791; x_wconf 95' lang='lat' dir='ltr'><strong> </strong></span> 
     </span>
    </p>
   </div>
   <div class='ocr_carea' id='block_1_10' title="bbox 1963 2772 2328 2792">
    <p class='ocr_par' dir='ltr' id='par_1_10' title="bbox 1963 2772 2328 2792">
     <span class='ocr_line' id='line_1_28' title="bbox 1963 2772 2328 2792; baseline 0 1898"><span class='ocrx_word' id='word_1_209' title='bbox 1963 2772 2328 2792; x_wconf 95' lang='lat' dir='ltr'><strong> </strong></span> 
     </span>
    </p>
   </div>
   <div class='ocr_carea' id='block_1_11' title="bbox 1176 2952 1346 3038">
    <p class='ocr_par' dir='ltr' id='par_1_11' title="bbox 1176 2952 1346 3038">
     <span class='ocr_line' id='line_1_29' title="bbox 1176 2952 1346 3038; baseline 0.012 -2"><span class='ocrx_word' id='word_1_210' title='bbox 1176 2952 1346 3038; x_wconf 89' lang='lat' dir='ltr'><strong>IX.</strong></span> 
     </span>
    </p>
   </div>
   <div class='ocr_carea' id='block_1_12' title="bbox 718 3170 1818 3250">
    <p class='ocr_par' dir='ltr' id='par_1_12' title="bbox 718 3170 1818 3250">
     <span class='ocr_line' id='line_1_30' title="bbox 718 3170 1818 3250; baseline 0 -21"><span class='ocrx_word' id='word_1_211' title='bbox 718 3171 963 3249; x_wconf 79' lang='lat' dir='ltr'><strong>Negotia</strong></span> <span class='ocrx_word' id='word_1_212' title='bbox 991 3170 1307 3229; x_wconf 82' lang='lat' dir='ltr'><strong>amicorum</strong></span> <span class='ocrx_word' id='word_1_213' title='bbox 1334 3170 1573 3250; x_wconf 80' lang='lat' dir='ltr'><strong>praefert</strong></span> <span class='ocrx_word' id='word_1_214' title='bbox 1598 3170 1818 3231; x_wconf 85' lang='lat' dir='ltr'><strong>studiis.</strong></span> 
     </span>
    </p>
   </div>
   <div class='ocr_carea' id='block_1_13' title="bbox 728 3341 1820 3413">
    <p class='ocr_par' dir='ltr' id='par_1_13' title="bbox 728 3341 1820 3413">
     <span class='ocr_line' id='line_1_31' title="bbox 728 3341 1820 3413; baseline -0.002 0"><span class='ocrx_word' id='word_1_215' title='bbox 728 3365 790 3413; x_wconf 87' lang='lat' dir='ltr'><strong>c.</strong></span> <span class='ocrx_word' id='word_1_216' title='bbox 846 3364 1200 3413; x_wconf 58' lang='lat' dir='ltr'><strong>Pramus</strong></span> <span class='ocrx_word' id='word_1_217' title='bbox 1250 3341 1514 3411; x_wconf 71' lang='lat' dir='ltr'><strong>uaso*</strong></span> <span class='ocrx_word' id='word_1_218' title='bbox 1563 3365 1719 3413; x_wconf 83' lang='lat' dir='ltr'><strong>sno</strong></span> <span class='ocrx_word' id='word_1_219' title='bbox 1769 3368 1820 3413; x_wconf 78' lang='lat' dir='ltr'><strong>s,</strong></span> 
     </span>
    </p>
   </div>
   <div class='ocr_carea' id='block_1_14' title="bbox 232 3534 2330 3851">
    <p class='ocr_par' dir='ltr' id='par_1_14' title="bbox 232 3534 2330 3851">
     <span class='ocr_line' id='line_1_32' title="bbox 308 3534 2330 3630; baseline 0.001 -25"><span class='ocrx_word' id='word_1_220' title='bbox 308 3540 525 3607; x_wconf 70' lang='lat' dir='ltr'><strong>Onu</strong></span> <span class='ocrx_word' id='word_1_221' title='bbox 565 3559 703 3605; x_wconf 88' lang='lat' dir='ltr'><strong>non</strong></span> <span class='ocrx_word' id='word_1_222' title='bbox 736 3534 981 3605; x_wconf 89' lang='lat' dir='ltr'><strong>librum</strong></span> <span class='ocrx_word' id='word_1_223' title='bbox 1020 3536 1091 3607; x_wconf 89' lang='lat' dir='ltr'><strong>in</strong></span> <span class='ocrx_word' id='word_1_224' title='bbox 1120 3558 1394 3621; x_wconf 75' lang='lat' dir='ltr'><strong>manuS,</strong></span> <span class='ocrx_word' id='word_1_225' title='bbox 1422 3559 1562 3603; x_wconf 86' lang='lat' dir='ltr'><strong>non</strong></span> <span class='ocrx_word' id='word_1_226' title='bbox 1589 3534 1817 3605; x_wconf 84' lang='lat' dir='ltr'><strong>stilum</strong></span> <span class='ocrx_word' id='word_1_227' title='bbox 1841 3536 2116 3630; x_wconf 88' lang='lat' dir='ltr'><strong>sumpsi.</strong></span> <span class='ocrx_word' id='word_1_228' title='bbox 2146 3536 2330 3607; x_wconf 89' lang='lat' dir='ltr'><strong>Olim</strong></span> 
     </span>
     <span class='ocr_line' id='line_1_33' title="bbox 232 3644 2330 3742; baseline 0.003 -31"><span class='ocrx_word' id='word_1_229' title='bbox 232 3650 474 3736; x_wconf 65' lang='lat' dir='ltr'><strong>uoecio,</strong></span> <span class='ocrx_word' id='word_1_230' title='bbox 520 3646 683 3741; x_wconf 86' lang='lat' dir='ltr'><strong>quid</strong></span> <span class='ocrx_word' id='word_1_231' title='bbox 732 3646 819 3716; x_wconf 86' lang='lat' dir='ltr'><strong>sit</strong></span> <span class='ocrx_word' id='word_1_232' title='bbox 867 3646 1119 3734; x_wconf 90' lang='lat' dir='ltr'><strong>otium,</strong></span> <span class='ocrx_word' id='word_1_233' title='bbox 1163 3645 1327 3740; x_wconf 90' lang='lat' dir='ltr'><strong>quid</strong></span> <span class='ocrx_word' id='word_1_234' title='bbox 1370 3646 1591 3741; x_wconf 77' lang='lat' dir='ltr'><strong>quieS‚</strong></span> <span class='ocrx_word' id='word_1_235' title='bbox 1629 3644 1791 3740; x_wconf 89' lang='lat' dir='ltr'><strong>quid</strong></span> <span class='ocrx_word' id='word_1_236' title='bbox 1841 3644 2128 3742; x_wconf 86' lang='lat' dir='ltr'><strong>denique</strong></span> <span class='ocrx_word' id='word_1_237' title='bbox 2165 3645 2330 3718; x_wconf 92' lang='lat' dir='ltr'><strong>illud</strong></span> 
     </span>
     <span class='ocr_line' id='line_1_34' title="bbox 234 3752 2327 3851; baseline 0.003 -29"><span class='ocrx_word' id='word_1_238' title='bbox 234 3752 387 3825; x_wconf 82' lang='lat' dir='ltr'><strong>iners</strong></span> <span class='ocrx_word' id='word_1_239' title='bbox 422 3756 723 3851; x_wconf 89' lang='lat' dir='ltr'><strong>quidem,</strong></span> <span class='ocrx_word' id='word_1_240' title='bbox 760 3756 1137 3851; x_wconf 86' lang='lat' dir='ltr'><strong>jucundum</strong></span> <span class='ocrx_word' id='word_1_241' title='bbox 1175 3770 1433 3844; x_wconf 88' lang='lat' dir='ltr'><strong>tamen,</strong></span> <span class='ocrx_word' id='word_1_242' title='bbox 1478 3754 1648 3825; x_wconf 91' lang='lat' dir='ltr'><strong>nihil</strong></span> <span class='ocrx_word' id='word_1_243' title='bbox 1683 3780 1914 3850; x_wconf 81' lang='lat' dir='ltr'><strong>agere,</strong></span> <span class='ocrx_word' id='word_1_244' title='bbox 1947 3756 2116 3830; x_wconf 91' lang='lat' dir='ltr'><strong>nihil</strong></span> <span class='ocrx_word' id='word_1_245' title='bbox 2151 3783 2327 3829; x_wconf 88' lang='lat' dir='ltr'><strong>esse:</strong></span> 
     </span>
    </p>
   </div>
   <div class='ocr_carea' id='block_1_15' title="bbox 236 3946 2335 4179">
    <p class='ocr_par' dir='ltr' id='par_1_15' title="bbox 236 3946 2335 4179">
     <span class='ocr_line' id='line_1_35' title="bbox 294 3946 2332 4025; baseline 0.003 -24"><span class='ocrx_word' id='word_1_246' title='bbox 294 3946 407 4001; x_wconf 60' lang='lat' dir='ltr'><strong>IX}</strong></span> <span class='ocrx_word' id='word_1_247' title='bbox 422 3950 501 4003; x_wconf 86' lang='lat' dir='ltr'><strong>De</strong></span> <span class='ocrx_word' id='word_1_248' title='bbox 521 3956 669 4013; x_wconf 74' lang='lat' dir='ltr'><strong>Uno,</strong></span> <span class='ocrx_word' id='word_1_249' title='bbox 690 3952 787 4006; x_wconf 82' lang='lat' dir='ltr'><strong>lib.</strong></span> <span class='ocrx_word' id='word_1_250' title='bbox 808 3952 911 4015; x_wconf 78' lang='lat' dir='ltr'><strong>IV,</strong></span> <span class='ocrx_word' id='word_1_251' title='bbox 927 3970 1013 4023; x_wconf 82' lang='lat' dir='ltr'><strong>ep.</strong></span> <span class='ocrx_word' id='word_1_252' title='bbox 1032 3970 1087 4021; x_wconf 85' lang='lat'><strong>9.</strong></span> <span class='ocrx_word' id='word_1_253' title='bbox 1116 3952 1221 4006; x_wconf 83' lang='lat' dir='ltr'><strong>En.</strong></span> <span class='ocrx_word' id='word_1_254' title='bbox 1319 3980 1390 3991; x_wconf 94' lang='lat'><strong>-—</strong></span> <span class='ocrx_word' id='word_1_255' title='bbox 1403 3952 1548 4002; x_wconf 68' lang='lat' dir='ltr'><strong>Mhi!</strong></span> <span class='ocrx_word' id='word_1_256' title='bbox 1576 3970 1692 4003; x_wconf 71' lang='lat' dir='ltr'><strong>esse.</strong></span> <span class='ocrx_word' id='word_1_257' title='bbox 1726 3952 1848 4006; x_wconf 84' lang='lat' dir='ltr'><strong>Non</strong></span> <span class='ocrx_word' id='word_1_258' title='bbox 1878 3965 2156 4025; x_wconf 62' lang='lat' dir='ltr'><strong>pretorem</strong></span> <span class='ocrx_word' id='word_1_259' title='bbox 2176 3991 2193 4018; x_wconf 90' lang='lat'><strong>,</strong></span> <span class='ocrx_word' id='word_1_260' title='bbox 2223 3972 2332 4007; x_wconf 84' lang='lat' dir='ltr'><strong>non</strong></span> 
     </span>
     <span class='ocr_line' id='line_1_36' title="bbox 304 4028 2335 4105; baseline 0.004 -28"><span class='ocrx_word' id='word_1_261' title='bbox 304 4042 345 4079; x_wconf 84' lang='grc' dir='ltr'><strong>ι.</strong></span> <span class='ocrx_word' id='word_1_262' title='bbox 360 4031 497 4081; x_wconf 56' lang='lat' dir='ltr'><strong>Olina</strong></span> <span class='ocrx_word' id='word_1_263' title='bbox 511 4029 724 4083; x_wconf 69' lang='lat' dir='ltr'><strong>Jamdiu</strong></span> <span class='ocrx_word' id='word_1_264' title='bbox 738 4030 1011 4102; x_wconf 54' lang='lat' dir='ltr'><strong>estquod.</strong></span> <span class='ocrx_word' id='word_1_265' title='bbox 1024 4031 1225 4085; x_wconf 69' lang='lat' dir='ltr'><strong>Plinius</strong></span> <span class='ocrx_word' id='word_1_266' title='bbox 1321 4028 1660 4094; x_wconf 75' lang='lat' dir='ltr'><strong>advocatum,</strong></span> <span class='ocrx_word' id='word_1_267' title='bbox 1677 4050 1786 4085; x_wconf 85' lang='lat' dir='ltr'><strong>non</strong></span> <span class='ocrx_word' id='word_1_268' title='bbox 1799 4032 2032 4105; x_wconf 79' lang='lat' dir='ltr'><strong>judicem</strong></span> <span class='ocrx_word' id='word_1_269' title='bbox 2043 4070 2060 4098; x_wconf 90' lang='lat'><strong>,</strong></span> <span class='ocrx_word' id='word_1_270' title='bbox 2075 4052 2184 4087; x_wconf 86' lang='lat' dir='ltr'><strong>non</strong></span> <span class='ocrx_word' id='word_1_271' title='bbox 2200 4034 2335 4087; x_wconf 69' lang='lat' dir='ltr'><strong>salu·</strong></span> 
     </span>
     <span class='ocr_line' id='line_1_37' title="bbox 236 4100 2255 4179; baseline 0.004 -24"><span class='ocrx_word' id='word_1_272' title='bbox 236 4100 413 4167; x_wconf 80' lang='lat' dir='ltr'><strong>1‚n‚1.</strong></span> <span class='ocrx_word' id='word_1_273' title='bbox 428 4110 553 4160; x_wconf 72' lang='lat' dir='ltr'><strong>olim</strong></span> <span class='ocrx_word' id='word_1_274' title='bbox 570 4113 731 4163; x_wconf 72' lang='lat' dir='ltr'><strong>nullas</strong></span> <span class='ocrx_word' id='word_1_275' title='bbox 748 4112 977 4179; x_wconf 73' lang='lat' dir='ltr'><strong>epistolas</strong></span> <span class='ocrx_word' id='word_1_276' title='bbox 988 4112 1153 4163; x_wconf 72' lang='lat' dir='ltr'><strong>mittis.</strong></span> <span class='ocrx_word' id='word_1_277' title='bbox 1167 4111 1222 4166; x_wconf 87' lang='lat' dir='ltr'><strong>S.</strong></span> <span class='ocrx_word' id='word_1_278' title='bbox 1320 4120 1544 4165; x_wconf 74' lang='lat' dir='ltr'><strong>tator-em</strong></span> <span class='ocrx_word' id='word_1_279' title='bbox 1558 4146 1576 4175; x_wconf 90' lang='lat'><strong>,</strong></span> <span class='ocrx_word' id='word_1_280' title='bbox 1597 4128 1705 4165; x_wconf 86' lang='lat' dir='ltr'><strong>non</strong></span> <span class='ocrx_word' id='word_1_281' title='bbox 1723 4112 2002 4169; x_wconf 69' lang='lat' dir='ltr'><strong>convivam</strong></span> <span class='ocrx_word' id='word_1_282' title='bbox 2021 4130 2038 4176; x_wconf 90' lang='lat'>;</span> <span class='ocrx_word' id='word_1_283' title='bbox 2063 4124 2164 4167; x_wconf 79' lang='lat' dir='ltr'><strong>etc.</strong></span> <span class='ocrx_word' id='word_1_284' title='bbox 2184 4111 2255 4165; x_wconf 91' lang='lat' dir='ltr'><strong>G.</strong></span> 
     </span>
    </p>
   </div>
   <div class='ocr_carea' id='block_1_16' title="bbox 502 4197 2044 4267">
    <p class='ocr_par' dir='ltr' id='par_1_16' title="bbox 502 4197 2044 4267">
     <span class='ocr_line' id='line_1_38' title="bbox 502 4197 2044 4267; baseline 0.003 -4"><span class='ocrx_word' id='word_1_285' title='bbox 502 4197 605 4265; x_wconf 90' lang='lat' dir='ltr'><strong>II.</strong></span> <span class='ocrx_word' id='word_1_286' title='bbox 2004 4224 2044 4267; x_wconf 81' lang='lat'><em>2</em></span> 
     </span>
    </p>
   </div>
  </div>
 </body>
</html>
