2857 4690
839 343 1366 413 EPISTOLA
1413 344 1621 411 XIV.

2198 365 2291 437 29

157 469 324 563 etqui
343 466 674 561 relegant
694 520 716 555 ‚
745 464 1246 535 absolventibus
1277 464 1605 559 primum,
1626 486 1783 533 mox
1808 464 1985 535 inter
2010 488 2079 535 se
2104 489 2293 535 com-

159 580 367 673 parari.
397 575 696 647 Scilicet
733 590 818 645 ut
851 577 926 645 in
959 572 1353 671 spectaculis
1386 571 1786 667 quibusdam
1825 598 1967 643 sors
2002 574 2295 670 aliquem

159 690 390 783 seponit
429 712 516 758 ac
559 701 843 775 servat,
877 686 994 779 qui
1025 708 1182 755 eum
1217 683 1469 753 victore
1503 682 1868 753 >contendat
1897 709 1914 752 z
1952 683 2047 753 sie
2080 685 2151 753 in
2188 710 2297 755 se-
2412 702 2417 709 '

163 813 298 867 natu
335 813 500 869 sunt
547 797 796 893 aliqua
837 796 1096 891 prima,
1132 807 1292 863 sunt
1335 792 1630 862 secunda
1668 792 2071 882 certamina3
2108 809 2177 863 et
2216 820 2299 865 ex

164 908 392 977 duabus
445 906 828 977 sententiis
877 930 1026 975 eam
1042 957 1063 991 ,
1104 928 1252 999 quae
1289 902 1597 997 superior
1634 904 1905 990 exierit,
1939 906 2136 975 tertia
2180 930 2299 974 ex-

165 1032 414 1111 spectat.
447 1016 658 1107 Quid
677 1070 700 1103 ,
735 1014 921 1110 quod
940 1067 961 1102 ‚
997 1015 1214 1109 prima
1245 1014 1575 1083 sententia
1610 1016 2075 1109 comprobata,
2114 1029 2302 1086 caete-

167 1152 238 1197 1·ae
267 1125 765 1223 perimuntur?
798 1125 956 1213 Qua
985 1148 1145 1219 ergo
1187 1124 1445 1194 ratione
1481 1137 1699 1218 potest
1733 1148 1875 1195 esse
1904 1122 2093 1225 [non]
2126 1152 2303 1197 unus

171 1252 340 1332 atque
363 1237 552 1308 idem
581 1236 784 1307 locus
811 1234 1326 1322 sententiarum,
1345 1259 1633 1328 quarum
1661 1234 1882 1305 nullus
1910 1252 2011 1307 est
2035 1238 2304 1332 postea?

227 1460 288 1469 —
312 1434 370 1480 In
401 1430 732 1497 spectaculis.
769 1422 1116 1478 Disertissime
1142 1434 1196 1476 et

173 1506 386 1579 plurimis
401 1508 588 1561 ves-bis
605 1507 723 1559 hoc
746 1523 858 1557 non
879 1515 986 1556 tam
1005 1502 1196 1555 descri-

175 1588 256 1659 psit
273 1626 288 1651 ,
319 1606 486 1659 quam
522 1585 750 1641 actione
782 1582 927 1637 velut
963 1582 1190 1654 quadam

175 1667 424 1739 proposuit
447 1666 744 1719 Lucianus
777 1664 836 1715 in
869 1662 1194 1717 Hermotimo

177 1766 222 1817 p.
241 1748 360 1812 536,
379 1766 506 1819 sqq.
528 1748 753 1816 Nempe
779 1742 826 1796 si
845 1760 1070 1795 numero
1091 1740 1194 1793 irn-

178 1828 294 1899 pmi,
309 1846 362 1880 v.
381 1846 439 1899 g.
461 1844 676 1879 novem
696 1860 713 1887 ,
737 1822 842 1875 sint
859 1820 1196 1893 gladiatores,

179 1918 322 1959 sortes
337 1905 716 1978 conjiciuntm·
737 1902 874 1955 bina
893 1900 1198 1955 earumdem

181 1985 422 2039 literarum
449 2022 468 2050 ,
515 1983 646 2037 duae
687 1984 736 2034 A
755 2020 771 2046 ‚
813 1980 931 2033 duae
969 1980 1012 2033 B
1031 2018 1048 2045 ,
1094 1992 1195 2033 etc.

181 2064 563 2137 conparantur
578 2074 636 2115 et
649 2060 1052 2115 committuntur
1067 2058 1199 2126 duo,

179 2145 349 2215 quibus
367 2144 571 2198 eadem
591 2143 748 2195 litera
763 2140 905 2193 exiit.
921 2138 1023 2193 Sed
1039 2148 1202 2193 restat

181 2242 272 2277 una
299 2244 416 2279 sors
436 2260 456 2288 ,
497 2240 622 2295 quae
657 2238 843 2293 parem
875 2236 984 2272 non
1008 2219 1168 2271 habet
1182 2255 1199 2283 ‚

181 2314 232 2355 ut
257 2302 342 2357 bie
362 2342 379 2369 ‚
433 2302 482 2356 si
527 2300 778 2354 ordinem
821 2297 1202 2352 elementorum

181 2383 328 2437 secuti
353 2393 546 2438 essent
582 2379 832 2453 praesides
871 2377 986 2432 ludi
1003 2415 1020 2443 ‚
1045 2379 1110 2432 E.
1133 2407 1204 2418 —-

183 2463 270 2516 Cui
291 2463 419 2516 boc
447 2460 684 2515 solitaria
711 2459 864 2512 litera
882 2457 1084 2523 evenit,
1113 2457 1206 2512 hic

181 2541 370 2616 ῐφιδρος
411 2554 494 2596 est
513 2579 530 2605 ,
571 2538 660 2594 hic
692 2542 829 2591 sedet
865 2537 1074 2590 interim
1095 2575 1110 2602 ,
1155 2548 1208 2590 et

185 2634 447 2693 exspectat
457 2621 710 2674 victorem
725 2618 978 2690 aliquem,
991 2617 1208 2690 quicum

185 2699 370 2755 deinde
384 2739 404 2765 ,
431 2701 642 2771 integer
665 2717 790 2752 cum
811 2697 949 2751 sesso
975 2697 1210 2770 aliquan·

185 2791 290 2834 tum
307 2819 326 2844 ‚
365 2779 470 2833 sed
495 2777 622 2832 forti
639 2815 656 2842 ,
684 2791 736 2831 et
762 2777 986 2832 victoria
1013 2777 1174 2831 alacri
1189 2815 1208 2842 ,

187 2857 550 2932 congreditur.
579 2859 702 2912 Non
729 2875 858 2910 usus
876 2867 956 2911 est
971 2856 1212 2910 Lueiano

189 2939 404 3013 Lipsius
427 2940 538 2993 Sat.
561 2938 619 2990 11
634 2974 651 3002 ‚
683 2945 746 3002 14
761 2975 776 3002 ,
804 2955 964 3010 quem
989 2935 1214 2991 laudant

191 3017 255 3071 ad
271 3019 512 3072 Plinium
529 3017 628 3071 viri
647 3015 821 3070 docti:
843 3015 1040 3088 alioqui
1058 3034 1214 3069 aceu-

193 3099 354 3151 ratins
383 3096 585 3171 ἔφεδρον
607 3095 882 3150 Plutarchi
907 3095 1216 3168 interpreta-

193 3189 275 3230 tus
293 3189 434 3232 esset
453 3197 468 3231 ε
499 3197 658 3250 quem
679 3181 997 3230 subsessorem
1014 3175 1212 3248 potins,

196 3275 354 3329 quam
381 3260 712 3318 subdititium,
743 3267 837 3310 aut
860 3258 1215 3324 supposititium

197 3337 502 3390 voe-vimus
525 3336 582 3388 in
603 3347 784 3389 nostra
811 3335 1034 3388 Luciani
1055 3335 1216 3388 inter-

199 3415 510 3486 pretatione,
523 3433 642 3488 quo
653 3433 822 3488 quum
832 3415 1055 3468 maxime
1061 3415 1219 3470 Wet-

201 3494 436 3548 datiana
456 3495 602 3567 prela
625 3505 850 3548 exercet.
875 3500 1074 3546 Hermes
1101 3514 1218 3562 sup-

197 3577 442 3642 potitium
465 3573 610 3646 apud
623 3571 854 3627 Martini.
871 3572 946 3638 V,
969 3575 1034 3628 25
1049 3609 1066 3637 ‚
1086 3573 1219 3627 dici-

207 3665 288 3706 tur
303 3667 551 3727 respectu
573 3653 774 3726 fatigati
797 3649 1096 3726 gladiatoris
1114 3693 1131 3719 ‚
1157 3652 1218 3706 in

207 3737 356 3805 eujus
385 3735 566 3790 locum
599 3731 873 3790 succedit:
910 3731 1002 3786 sed
1022 3731 1220 3806 ἔφεδρος

209 3811 512 3868 Grecos-um
521 3813 780 3888 ἐφεδρεύει,
793 3815 850 3867 in
861 3811 1061 3866 insidiis
1071 3811 1224 3886 quasi

209 3893 492 3948 collocatus
506 3895 748 3948 imminet
769 3892 976 3946 victori.
1002 3891 1071 3945 G.

281 3991 366 4026 υ.
387 3978 560 4028 Ρνίιια
577 3976 843 4028 sententia.
872 3969 1115 4023 Planiora
1141 3989 1222 4023 es·

217 4062 322 4103 sent
341 4052 484 4118 hnc,
507 4053 556 4109 si
577 4067 848 4128 muamus
873 4049 1034 4103 fuisse
1058 4049 1112 4101 in
1131 4067 1224 4102 ve-

219 4131 308 4188 teri
323 4131 483 4204 lilim,
499 4155 632 4198 ema,
653 4130 806 4187 uude
823 4131 924 4182 ima
937 4139 1112 4183 ortum
1130 4127 1226 4197 sit,

1289 1433 1341 1477 et
1358 1422 1551 1477 deinde
1570 1432 1705 1487 Ima,
1732 1445 1795 1479 ex
1812 1446 1921 1499 quo
1937 1428 2127 1501 aliquis
2136 1435 2306 1499 prima

1289 1502 1489 1556 fecerit.
1506 1504 1660 1557 Certe
1678 1504 1763 1557 bic
1776 1506 2071 1561 intellectus
2086 1522 2185 1574 est,
2204 1531 2307 1563 una

1289 1583 1547 1637 sententia
1576 1584 1796 1655 probata
1814 1622 1831 1649 ‚
1864 1600 2063 1641 ceteras
2090 1589 2275 1660 perimi
2288 1628 2306 1657 ,

1239 1730 1250 1741 .
1289 1672 1342 1715 et
1373 1682 1483 1715 non
1514 1663 1705 1717 valere.
1754 1664 1856 1719 Sed
1889 1677 2067 1721 tamen
2098 1684 2307 1743 recepta

1289 1741 1449 1795 lectio
1462 1742 1619 1795 etiam
1632 1742 1774 1796 banc
1786 1747 2097 1801 sententiam
2111 1750 2310 1805 habere

1290 1831 1480 1892 potest.
1504 1821 1573 1874 G.
1596 1852 1668 1863 —·
1686 1822 1836 1876 Nihil
1854 1824 1989 1877 mihi
2010 1826 2197 1882 videor
2214 1832 2310 1884 ob·

1291 1900 1557 1954 scuritatis
1584 1900 1641 1953 in
1660 1902 1877 1974 vulgata
1904 1906 2129 1961 lectione
2157 1930 2309 1981 repe-

1291 1979 1418 2033 rire.
1440 1980 1613 2033 Prima
1643 1984 1900 2037 sententia
1920 1986 1975 2039 in
1994 2000 2177 2041 nostra
2194 2008 2315 2062 spe-

1295 2059 1377 2112 cie
1413 2058 1517 2125 (ad
1552 2059 1692 2113 hanc
1733 2061 1874 2114 enim
1910 2064 2079 2117 solam
2112 2068 2313 2124 Plinius

1294 2138 1549 2210 respicit),
1576 2151 1655 2192 est
1678 2140 2029 2197 absolventis:
2050 2164 2157 2216 qua
2173 2167 2316 2201 com-

1296 2218 1517 2290 probata
1530 2256 1547 2282 ‚
1577 2232 1761 2273 ceterae
1776 2258 1793 2285 ,
1824 2222 1983 2276 altera
2004 2225 2313 2300 relegentis,

1298 2296 1749 2352 mortemultantis
1769 2299 1954 2368 altera,
1972 2320 2082 2358 non
2097 2322 2317 2378 possunt

1298 2397 1406 2430 non
1427 2379 1633 2449 perimi.
1656 2380 1817 2435 Nulla
1832 2381 1997 2454 igitun
2011 2384 2100 2439 hic
2114 2425 2130 2452 ,
2153 2409 2317 2461 quam

1302 2456 1634 2514 adversarius
1656 2472 1845 2532 urget,
1878 2462 2137 2538 ὖφιδριίαε
2162 2472 2317 2524 satis-

1301 2556 1405 2608 que
1433 2539 1740 2604 commode‚
1768 2541 1815 2595 si
1839 2543 1973 2614 quid
1998 2545 2185 2614 video,
2210 2551 2320 2604 Pli-

1301 2616 1421 2748 pius
1450 2615 1592 2672 hane
1616 2619 1833 2674 alteram
1858 2622 2207 2696 obJectionem
2230 2650 2318 2685 re-

1327 2696 1457 2749 ellit.
1487 2697 1545 2752 S.

1373 2805 1447 2816 —-
1467 2780 1579 2842 Qua
1604 2795 1718 2846 ergo
1745 2783 1956 2834 ratione.
1985 2784 2159 2841 Locus
2188 2790 2322 2844 forte

1304 2853 1439 2907 inter
1458 2853 1799 2910 difficillimos
1816 2859 2002 2926 Plinii,
2030 2876 2083 2917 et
2109 2866 2322 2924 desfftu-

1306 2945 1391 2986 tus
1422 2933 1493 2986 ab
1525 2934 1915 3008 interpretibus.
1953 2941 2007 2996 Si
2042 2945 2167 3000 licet
2197 2965 2320 3004 cum

1305 3011 1602 3068 Genevensi
1638 3015 1865 3072 editione
1894 3021 2125 3078 Catanaei
2157 3047 2320 3100 nega-

1309 3093 1505 3146 tionem
1528 3129 1545 3157 ,
1600 3113 1761 3168 quam
1808 3097 1927 3152 ideo
1973 3102 2281 3160 inclusimus
2302 3095 2329 3172 ,’

1309 3171 1572 3240 omittere,
1592 3175 1736 3230 salva
1751 3197 1835 3231 res
1854 3181 1954 3232 erit
1968 3219 1983 3245 ,
2004 3181 2117 3238 htee
2133 3205 2323 3259 nempe

1310 3253 1602 3342 sententia:
1629 3256 1913 3321 Quomodo
1936 3275 2157 3342 possunt
2186 3279 2325 3322 stare

1309 3343 1518 3384 interim
1545 3337 1816 3390 sententie
1846 3352 2014 3392 morte
2042 3341 2325 3400 multantes

1312 3423 1364 3463 et
1389 3415 1642 3484 conjungi
1676 3433 1799 3468 cum
1831 3418 2179 3490 relegantibus
2197 3462 2215 3489 ,
2255 3425 2329 3481 ad

1312 3490 1637 3563 superandas
1688 3495 2015 3552 absolventes
2035 3536 2054 3564 ,
2098 3521 2325 3574 quarum

1312 3570 1491 3642 paullo
1510 3583 1633 3643 post
1648 3609 1665 3638 ‚
1691 3578 2086 3648 comparatione
2106 3602 2229 3638 eum
2247 3606 2327 3641 re-

1313 3651 1609 3720 legantibus
1630 3653 1797 3720 facta,
1824 3655 2002 3712 nullus
2024 3659 2172 3717 loeus
2197 3665 2330 3719 erit?

1316 3747 1414 3781 cur
1425 3730 1635 3785 valeant
1647 3745 1829 3789 eontm
1842 3737 2171 3796 absolventes
2183 3784 2200 3809 ,
2218 3765 2327 3800 non

1319 3807 1534 3863 valeant
1560 3825 1741 3867 eontra
1766 3816 2097 3889 relegantes?
2128 3824 2183 3877 Si
2211 3839 2331 3898 post

1319 3905 1430 3943 non
1447 3891 1623 3946 valent
1640 3931 1655 3958 ,
1677 3913 1849 3969 neque
1870 3899 2019 3970 prius
2036 3900 2232 3957 debent
2247 3925 2334 3960 va-

1319 3972 1428 4027 lere
1458 3989 1474 4024 ε
1514 3971 1556 4025 si
1592 3973 1773 4044 prius,
1809 3977 1969 4032 etiam
2000 3993 2139 4053 post.
2166 3981 2236 4037 G.
2263 4014 2334 4025 —

1321 4051 1543 4124 Negatio
1564 4064 1690 4107 nata
1707 4073 1771 4108 ex
1788 4059 2106 4132 compendio
2122 4080 2233 4118 non
2253 4061 2337 4114 in·—

1325 4132 1536 4186 telleeto
1554 4130 1789 4188 adverbii
1810 4157 1955 4191 nunc.
1978 4143 2124 4192 Nunc
2134 4157 2339 4208 postea,
