<?xml version="1.0" encoding="UTF-8"?>
<!DOCTYPE html PUBLIC "-//W3C//DTD XHTML 1.0 Transitional//EN"
    "http://www.w3.org/TR/xhtml1/DTD/xhtml1-transitional.dtd">
<html xmlns="http://www.w3.org/1999/xhtml" xml:lang="en" lang="en">
 <head>
  <title>
</title>
<meta http-equiv="Content-Type" content="text/html;charset=utf-8" />
  <meta name='ocr-system' content='tesseract 3.04.00' />
  <meta name='ocr-capabilities' content='ocr_page ocr_carea ocr_par ocr_line ocrx_word'/>
</head>
<body>
  <div class='ocr_page' id='page_1' title='image "./cpliniisecundie00schgoog_0102.png"; bbox 0 0 2857 4690; ppageno 0'>
   <div class='ocr_carea' id='block_1_1' title="bbox 844 361 2380 460">
    <p class='ocr_par' dir='ltr' id='par_1_1' title="bbox 844 361 2380 460">
     <span class='ocr_line' id='line_1_1' title="bbox 844 361 2380 460; baseline 0.004 -32"><span class='ocrx_word' id='word_1_1' title='bbox 844 361 1377 433; x_wconf 80' lang='lat' dir='ltr'><strong>EPISToLA</strong></span> <span class='ocrx_word' id='word_1_2' title='bbox 1437 365 1782 433; x_wconf 83' lang='lat' dir='ltr'><strong>xxxn.</strong></span> <span class='ocrx_word' id='word_1_3' title='bbox 2189 378 2192 386; x_wconf 92' lang='lat'>·</span> <span class='ocrx_word' id='word_1_4' title='bbox 2284 363 2380 460; x_wconf 84' lang='lat'><strong>93</strong></span> 
     </span>
    </p>
   </div>
   <div class='ocr_carea' id='block_1_2' title="bbox 268 485 2383 800">
    <p class='ocr_par' dir='ltr' id='par_1_2' title="bbox 268 485 2383 800">
     <span class='ocr_line' id='line_1_2' title="bbox 274 485 2382 580; baseline 0.002 -28"><span class='ocrx_word' id='word_1_5' title='bbox 274 485 353 552; x_wconf 89' lang='lat' dir='ltr'><strong>ob</strong></span> <span class='ocrx_word' id='word_1_6' title='bbox 390 508 530 578; x_wconf 83' lang='lat' dir='ltr'><strong>quae</strong></span> <span class='ocrx_word' id='word_1_7' title='bbox 569 485 817 578; x_wconf 79' lang='lat' dir='ltr'><strong>gratias</strong></span> <span class='ocrx_word' id='word_1_8' title='bbox 846 509 1131 580; x_wconf 83' lang='lat' dir='ltr'><strong>agerem.</strong></span> <span class='ocrx_word' id='word_1_9' title='bbox 1172 489 1405 556; x_wconf 87' lang='lat' dir='ltr'><strong>Unum</strong></span> <span class='ocrx_word' id='word_1_10' title='bbox 1443 485 1608 555; x_wconf 89' lang='lat' dir='ltr'><strong>illud</strong></span> <span class='ocrx_word' id='word_1_11' title='bbox 1644 486 1921 574; x_wconf 82' lang='lat' dir='ltr'><strong>addam,</strong></span> <span class='ocrx_word' id='word_1_12' title='bbox 1957 489 2382 558; x_wconf 82' lang='lat' dir='ltr'><strong>omnia&#39;mihi</strong></span> 
     </span>
     <span class='ocr_line' id='line_1_3' title="bbox 272 593 2383 691; baseline 0.002 -29"><span class='ocrx_word' id='word_1_13' title='bbox 272 607 443 663; x_wconf 81' lang='lat' dir='ltr'><strong>tauto</strong></span> <span class='ocrx_word' id='word_1_14' title='bbox 506 593 947 664; x_wconf 85' lang='lat' dir='ltr'><strong>laudabiliora</strong></span> <span class='ocrx_word' id='word_1_15' title='bbox 1024 598 1195 683; x_wconf 84' lang='lat' dir='ltr'><strong>visa,</strong></span> <span class='ocrx_word' id='word_1_16' title='bbox 1260 612 1514 690; x_wconf 85' lang='lat' dir='ltr'><strong>quanto</strong></span> <span class='ocrx_word' id='word_1_17' title='bbox 1565 597 2006 691; x_wconf 83' lang='lat' dir='ltr'><strong>jucundiora3</strong></span> <span class='ocrx_word' id='word_1_18' title='bbox 2061 609 2128 666; x_wconf 84' lang='lat' dir='ltr'><strong>et</strong></span> <span class='ocrx_word' id='word_1_19' title='bbox 2195 613 2383 667; x_wconf 86' lang='lat' dir='ltr'><strong>tanto</strong></span> 
     </span>
     <span class='ocr_line' id='line_1_4' title="bbox 268 704 1998 800; baseline 0.002 -26"><span class='ocrx_word' id='word_1_20' title='bbox 268 704 687 798; x_wconf 81' lang='lat' dir='ltr'><strong>jucundiora,</strong></span> <span class='ocrx_word' id='word_1_21' title='bbox 724 720 979 800; x_wconf 85' lang='lat' dir='ltr'><strong>quanto</strong></span> <span class='ocrx_word' id='word_1_22' title='bbox 1017 705 1454 776; x_wconf 83' lang='lat' dir='ltr'><strong>laudabiliora</strong></span> <span class='ocrx_word' id='word_1_23' title='bbox 1495 723 1709 778; x_wconf 89' lang='lat' dir='ltr'><strong>erant.</strong></span> <span class='ocrx_word' id='word_1_24' title='bbox 1738 707 1927 778; x_wconf 88' lang='lat' dir='ltr'><strong>Vale.</strong></span> <span class='ocrx_word' id='word_1_25' title='bbox 1989 727 1998 744; x_wconf 73' lang='lat'>⁸</span> 
     </span>
    </p>
   </div>
   <div class='ocr_carea' id='block_1_3' title="bbox 270 905 2387 1139">
    <p class='ocr_par' dir='ltr' id='par_1_3' title="bbox 270 905 2387 1139">
     <span class='ocr_line' id='line_1_5' title="bbox 272 905 2385 982; baseline 0.002 -23"><span class='ocrx_word' id='word_1_26' title='bbox 272 905 417 978; x_wconf 79' lang='lat' dir='ltr'><strong>idque</strong></span> <span class='ocrx_word' id='word_1_27' title='bbox 440 925 501 960; x_wconf 74' lang='lat' dir='ltr'><strong>ea</strong></span> <span class='ocrx_word' id='word_1_28' title='bbox 531 907 645 978; x_wconf 81' lang='lat' dir='ltr'><strong>ipse</strong></span> <span class='ocrx_word' id='word_1_29' title='bbox 668 925 726 959; x_wconf 85' lang='lat' dir='ltr'><strong>re</strong></span> <span class='ocrx_word' id='word_1_30' title='bbox 751 907 1010 977; x_wconf 83' lang='lat' dir='ltr'><strong>probare,</strong></span> <span class='ocrx_word' id='word_1_31' title='bbox 1032 918 1085 960; x_wconf 89' lang='lat' dir='ltr'><strong>et</strong></span> <span class='ocrx_word' id='word_1_32' title='bbox 1110 923 1272 978; x_wconf 80' lang='lat' dir='ltr'><strong>agno·</strong></span> <span class='ocrx_word' id='word_1_33' title='bbox 1366 907 1539 960; x_wconf 84' lang='lat' dir='ltr'><strong>cissim</strong></span> <span class='ocrx_word' id='word_1_34' title='bbox 1583 906 1715 961; x_wconf 88' lang='lat' dir='ltr'><strong>illud</strong></span> <span class='ocrx_word' id='word_1_35' title='bbox 1756 908 1982 961; x_wconf 88' lang='lat' dir='ltr'><strong>multum</strong></span> <span class='ocrx_word' id='word_1_36' title='bbox 2013 910 2158 962; x_wconf 78' lang='lat' dir='ltr'><strong>auxit</strong></span> <span class='ocrx_word' id='word_1_37' title='bbox 2196 912 2385 982; x_wconf 80' lang='lat' dir='ltr'><strong>jucun-</strong></span> 
     </span>
     <span class='ocr_line' id='line_1_6' title="bbox 271 986 2384 1062; baseline 0.002 -24"><span class='ocrx_word' id='word_1_38' title='bbox 271 1003 419 1039; x_wconf 65' lang='grc' dir='ltr'><strong>και-ο..</strong></span> <span class='ocrx_word' id='word_1_39' title='bbox 432 987 563 1052; x_wconf 72' lang='lat' dir='ltr'><strong>Quae</strong></span> <span class='ocrx_word' id='word_1_40' title='bbox 580 996 896 1058; x_wconf 83' lang='lat' dir='ltr'><strong>sequuntur,</strong></span> <span class='ocrx_word' id='word_1_41' title='bbox 915 986 982 1038; x_wconf 86' lang='lat' dir='ltr'><strong>ita</strong></span> <span class='ocrx_word' id='word_1_42' title='bbox 1002 987 1266 1058; x_wconf 78' lang='lat' dir='ltr'><strong>intelligo:</strong></span> <span class='ocrx_word' id='word_1_43' title='bbox 1366 987 1582 1041; x_wconf 88' lang='lat' dir='ltr'><strong>ditatem</strong></span> <span class='ocrx_word' id='word_1_44' title='bbox 1597 1025 1612 1052; x_wconf 87' lang='lat'><strong>,</strong></span> <span class='ocrx_word' id='word_1_45' title='bbox 1633 1007 1792 1059; x_wconf 86' lang='lat' dir='ltr'><strong>quam</strong></span> <span class='ocrx_word' id='word_1_46' title='bbox 1812 1007 1870 1040; x_wconf 81' lang='lat' dir='ltr'><strong>ex</strong></span> <span class='ocrx_word' id='word_1_47' title='bbox 1889 988 2026 1040; x_wconf 86' lang='lat' dir='ltr'><strong>libro</strong></span> <span class='ocrx_word' id='word_1_48' title='bbox 2043 1002 2136 1041; x_wconf 90' lang='lat' dir='ltr'><strong>tuo</strong></span> <span class='ocrx_word' id='word_1_49' title='bbox 2153 989 2384 1062; x_wconf 86' lang='lat' dir='ltr'><strong>percepi,</strong></span> 
     </span>
     <span class='ocr_line' id='line_1_7' title="bbox 270 1063 2387 1139; baseline 0.003 -23"><span class='ocrx_word' id='word_1_50' title='bbox 270 1063 398 1118; x_wconf 84' lang='lat' dir='ltr'><strong>Illud</strong></span> <span class='ocrx_word' id='word_1_51' title='bbox 422 1065 596 1138; x_wconf 77' lang='lat' dir='ltr'><strong>ipsum</strong></span> <span class='ocrx_word' id='word_1_52' title='bbox 625 1065 893 1118; x_wconf 83' lang='lat' dir='ltr'><strong>laudabile</strong></span> <span class='ocrx_word' id='word_1_53' title='bbox 922 1068 977 1118; x_wconf 86' lang='lat' dir='ltr'><strong>in</strong></span> <span class='ocrx_word' id='word_1_54' title='bbox 1009 1065 1149 1119; x_wconf 82' lang='lat' dir='ltr'><strong>libro</strong></span> <span class='ocrx_word' id='word_1_55' title='bbox 1178 1079 1272 1121; x_wconf 85' lang='lat' dir='ltr'><strong>tuo</strong></span> <span class='ocrx_word' id='word_1_56' title='bbox 1368 1066 1515 1139; x_wconf 89' lang='lat' dir='ltr'><strong>quod</strong></span> <span class='ocrx_word' id='word_1_57' title='bbox 1539 1067 1836 1138; x_wconf 82' lang='lat' dir='ltr'><strong>gaudebam</strong></span> <span class='ocrx_word' id='word_1_58' title='bbox 1864 1068 2094 1122; x_wconf 88' lang='lat' dir='ltr'><strong>amicum</strong></span> <span class='ocrx_word' id='word_1_59' title='bbox 2118 1069 2190 1122; x_wconf 87' lang='lat' dir='ltr'><strong>ita</strong></span> <span class='ocrx_word' id='word_1_60' title='bbox 2217 1069 2273 1122; x_wconf 88' lang='lat' dir='ltr'><strong>in</strong></span> <span class='ocrx_word' id='word_1_61' title='bbox 2293 1070 2387 1122; x_wconf 88' lang='lat' dir='ltr'><strong>illo</strong></span> 
     </span>
    </p>
   </div>
   <div class='ocr_carea' id='block_1_4' title="bbox 272 1145 2382 1300">
    <p class='ocr_par' dir='ltr' id='par_1_4' title="bbox 272 1145 2382 1300">
     <span class='ocr_line' id='line_1_8' title="bbox 272 1145 2382 1218; baseline 0.003 -21"><span class='ocrx_word' id='word_1_62' title='bbox 272 1157 414 1214; x_wconf 79' lang='lat' dir='ltr'><strong>puto,</strong></span> <span class='ocrx_word' id='word_1_63' title='bbox 460 1145 607 1217; x_wconf 87' lang='lat' dir='ltr'><strong>quod</strong></span> <span class='ocrx_word' id='word_1_64' title='bbox 648 1145 720 1213; x_wconf 78' lang='lat' dir='ltr'><strong>ita</strong></span> <span class='ocrx_word' id='word_1_65' title='bbox 767 1146 1005 1217; x_wconf 78' lang='lat' dir='ltr'><strong>jucunde</strong></span> <span class='ocrx_word' id='word_1_66' title='bbox 1057 1146 1272 1218; x_wconf 82' lang='lat' dir='ltr'><strong>potuisti</strong></span> <span class='ocrx_word' id='word_1_67' title='bbox 1369 1159 1636 1200; x_wconf 68' lang='lat' dir='ltr'><strong>versatum</strong></span> <span class='ocrx_word' id='word_1_68' title='bbox 1661 1186 1677 1212; x_wconf 92' lang='lat'><strong>,</strong></span> <span class='ocrx_word' id='word_1_69' title='bbox 1717 1147 1928 1201; x_wconf 82' lang='lat' dir='ltr'><strong>laudem</strong></span> <span class='ocrx_word' id='word_1_70' title='bbox 1971 1160 2029 1202; x_wconf 89' lang='lat' dir='ltr'><strong>ut</strong></span> <span class='ocrx_word' id='word_1_71' title='bbox 2043 1161 2382 1204; x_wconf 57' lang='lat' dir='ltr'><strong>‘mex-eretur.</strong></span> 
     </span>
     <span class='ocr_line' id='line_1_9' title="bbox 272 1224 2014 1300; baseline 0.002 -23"><span class='ocrx_word' id='word_1_72' title='bbox 272 1224 507 1290; x_wconf 70' lang='lat' dir='ltr'><strong>seribere,</strong></span> <span class='ocrx_word' id='word_1_73' title='bbox 526 1224 603 1277; x_wconf 85' lang='lat' dir='ltr'><strong>ita</strong></span> <span class='ocrx_word' id='word_1_74' title='bbox 636 1225 865 1277; x_wconf 80' lang='lat' dir='ltr'><strong>suaviter</strong></span> <span class='ocrx_word' id='word_1_75' title='bbox 899 1225 1138 1280; x_wconf 87' lang='lat' dir='ltr'><strong>laudare.</strong></span> <span class='ocrx_word' id='word_1_76' title='bbox 1171 1227 1271 1279; x_wconf 83' lang='lat' dir='ltr'><strong>Vi·</strong></span> <span class='ocrx_word' id='word_1_77' title='bbox 1369 1227 1492 1281; x_wconf 74' lang='lat' dir='ltr'><strong>Haec</strong></span> <span class='ocrx_word' id='word_1_78' title='bbox 1517 1227 1716 1300; x_wconf 80' lang='lat' dir='ltr'><strong>ingenii</strong></span> <span class='ocrx_word' id='word_1_79' title='bbox 1738 1227 1914 1281; x_wconf 81' lang='lat' dir='ltr'><strong>ludus.</strong></span> <span class='ocrx_word' id='word_1_80' title='bbox 1946 1228 2014 1282; x_wconf 90' lang='lat' dir='ltr'><strong>G.</strong></span> 
     </span>
    </p>
   </div>
   <div class='ocr_carea' id='block_1_5' title="bbox 283 1405 2368 1450">
    <p class='ocr_par' dir='ltr' id='par_1_5' title="bbox 283 1405 2368 1450">
     <span class='ocr_line' id='line_1_10' title="bbox 283 1405 2368 1450; baseline 0.002 -6"><span class='ocrx_word' id='word_1_81' title='bbox 283 1405 2368 1450; x_wconf 50' lang='lat' dir='ltr'><strong>mmmmm-MQWMWW</strong></span> 
     </span>
    </p>
   </div>
   <div class='ocr_carea' id='block_1_6' title="bbox 1074 1624 1562 1712">
    <p class='ocr_par' dir='ltr' id='par_1_6' title="bbox 1074 1624 1562 1712">
     <span class='ocr_line' id='line_1_11' title="bbox 1074 1624 1562 1712; baseline -0.004 0"><span class='ocrx_word' id='word_1_82' title='bbox 1074 1624 1562 1712; x_wconf 87' lang='lat' dir='ltr'><strong>XXXII.</strong></span> 
     </span>
    </p>
   </div>
   <div class='ocr_carea' id='block_1_7' title="bbox 57 1835 2381 1946">
    <p class='ocr_par' dir='ltr' id='par_1_7' title="bbox 57 1835 2381 1946">
     <span class='ocr_line' id='line_1_12' title="bbox 57 1835 2381 1946; baseline 0.003 -52"><span class='ocrx_word' id='word_1_83' title='bbox 57 1891 60 1946; x_wconf 49' lang='grc' dir='ltr'>ι</span> <span class='ocrx_word' id='word_1_84' title='bbox 270 1835 407 1910; x_wconf 84' lang='lat' dir='ltr'><strong>Quid</strong></span> <span class='ocrx_word' id='word_1_85' title='bbox 435 1851 562 1916; x_wconf 82' lang='lat' dir='ltr'><strong>agat</strong></span> <span class='ocrx_word' id='word_1_86' title='bbox 591 1837 835 1910; x_wconf 63' lang='lat' dir='ltr'><strong>audem,</strong></span> <span class='ocrx_word' id='word_1_87' title='bbox 859 1837 1102 1915; x_wconf 82' lang='lat' dir='ltr'><strong>quaerit:</strong></span> <span class='ocrx_word' id='word_1_88' title='bbox 1128 1851 1186 1895; x_wconf 85' lang='lat' dir='ltr'><strong>et</strong></span> <span class='ocrx_word' id='word_1_89' title='bbox 1208 1836 1520 1896; x_wconf 85' lang='lat' dir='ltr'><strong>delicatum</strong></span> <span class='ocrx_word' id='word_1_90' title='bbox 1543 1838 1726 1897; x_wconf 89' lang='lat' dir='ltr'><strong>otium</strong></span> <span class='ocrx_word' id='word_1_91' title='bbox 1748 1858 1916 1898; x_wconf 89' lang='lat' dir='ltr'><strong>suum</strong></span> <span class='ocrx_word' id='word_1_92' title='bbox 1943 1840 2145 1898; x_wconf 77' lang='lat' dir='ltr'><strong>festive</strong></span> <span class='ocrx_word' id='word_1_93' title='bbox 2165 1855 2381 1900; x_wconf 86' lang='lat' dir='ltr'><strong>narrat.</strong></span> 
     </span>
    </p>
   </div>
   <div class='ocr_carea' id='block_1_8' title="bbox 672 2020 1958 2095">
    <p class='ocr_par' dir='ltr' id='par_1_8' title="bbox 672 2020 1958 2095">
     <span class='ocr_line' id='line_1_13' title="bbox 672 2020 1958 2095; baseline 0 -3"><span class='ocrx_word' id='word_1_94' title='bbox 672 2047 737 2092; x_wconf 85' lang='lat' dir='ltr'><strong>C.</strong></span> <span class='ocrx_word' id='word_1_95' title='bbox 792 2045 1140 2094; x_wconf 70' lang='lat' dir='ltr'><strong>PLlulus</strong></span> <span class='ocrx_word' id='word_1_96' title='bbox 1190 2046 1563 2092; x_wconf 72' lang='lat' dir='ltr'><strong>TITIANO</strong></span> <span class='ocrx_word' id='word_1_97' title='bbox 1613 2020 1644 2050; x_wconf 74' lang='lat'><strong>*</strong></span> <span class='ocrx_word' id='word_1_98' title='bbox 1694 2046 1853 2092; x_wconf 86' lang='lat' dir='ltr'><strong>SUO</strong></span> <span class='ocrx_word' id='word_1_99' title='bbox 1903 2049 1958 2095; x_wconf 88' lang='lat' dir='ltr'><strong>S.</strong></span> 
     </span>
    </p>
   </div>
   <div class='ocr_carea' id='block_1_9' title="bbox 57 2185 2388 2756">
    <p class='ocr_par' dir='ltr' id='par_1_9' title="bbox 57 2185 2388 2756">
     <span class='ocr_line' id='line_1_14' title="bbox 57 2185 2385 2323; baseline 0.003 -33"><span class='ocrx_word' id='word_1_100' title='bbox 57 2185 60 2290; x_wconf 62' lang='grc' dir='ltr'><em>Ῑ</em></span> <span class='ocrx_word' id='word_1_101' title='bbox 352 2228 573 2316; x_wconf 81' lang='lat' dir='ltr'><strong>Qum</strong></span> <span class='ocrx_word' id='word_1_102' title='bbox 610 2227 799 2321; x_wconf 83' lang='lat' dir='ltr'><strong>agis?</strong></span> <span class='ocrx_word' id='word_1_103' title='bbox 846 2225 1008 2321; x_wconf 85' lang='lat' dir='ltr'><strong>quid</strong></span> <span class='ocrx_word' id='word_1_104' title='bbox 1054 2240 1327 2296; x_wconf 88' lang='lat' dir='ltr'><strong>acturus</strong></span> <span class='ocrx_word' id='word_1_105' title='bbox 1377 2227 1489 2295; x_wconf 77' lang='lat' dir='ltr'><strong>es?</strong></span> <span class='ocrx_word' id='word_1_106' title='bbox 1532 2229 1682 2321; x_wconf 90' lang='lat' dir='ltr'><strong>Ipse</strong></span> <span class='ocrx_word' id='word_1_107' title='bbox 1735 2228 1939 2296; x_wconf 87' lang='lat' dir='ltr'><strong>vitam</strong></span> <span class='ocrx_word' id='word_1_108' title='bbox 1973 2227 2385 2323; x_wconf 87' lang='lat' dir='ltr'><strong>jucundissi-</strong></span> 
     </span>
     <span class='ocr_line' id='line_1_15' title="bbox 264 2336 2385 2427; baseline 0 -20"><span class='ocrx_word' id='word_1_109' title='bbox 264 2362 464 2423; x_wconf 85' lang='lat' dir='ltr'><strong>mam,</strong></span> <span class='ocrx_word' id='word_1_110' title='bbox 514 2336 589 2407; x_wconf 87' lang='lat' dir='ltr'><strong>id</strong></span> <span class='ocrx_word' id='word_1_111' title='bbox 647 2352 749 2407; x_wconf 86' lang='lat' dir='ltr'><strong>est</strong></span> <span class='ocrx_word' id='word_1_112' title='bbox 801 2337 1305 2424; x_wconf 86' lang='lat' dir='ltr'><strong>otiosissimam,</strong></span> <span class='ocrx_word' id='word_1_113' title='bbox 1360 2337 1528 2405; x_wconf 88' lang='lat' dir='ltr'><strong>vivo.</strong></span> <span class='ocrx_word' id='word_1_114' title='bbox 1582 2338 1740 2426; x_wconf 86' lang='lat' dir='ltr'><strong>Quo</strong></span> <span class='ocrx_word' id='word_1_115' title='bbox 1801 2336 1912 2427; x_wconf 86' lang='lat' dir='ltr'><strong>fit,</strong></span> <span class='ocrx_word' id='word_1_116' title='bbox 1971 2354 2046 2407; x_wconf 89' lang='lat' dir='ltr'><strong>ut</strong></span> <span class='ocrx_word' id='word_1_117' title='bbox 2095 2338 2385 2409; x_wconf 89' lang='lat' dir='ltr'><strong>scribere</strong></span> 
     </span>
     <span class='ocr_line' id='line_1_16' title="bbox 264 2444 2387 2545; baseline 0.003 -30"><span class='ocrx_word' id='word_1_118' title='bbox 264 2445 585 2543; x_wconf 81' lang='lat' dir='ltr'><strong>longiores</strong></span> <span class='ocrx_word' id='word_1_119' title='bbox 644 2445 955 2541; x_wconf 83' lang='lat' dir='ltr'><strong>epistolas</strong></span> <span class='ocrx_word' id='word_1_120' title='bbox 996 2446 1235 2532; x_wconf 89' lang='lat' dir='ltr'><strong>nolim,</strong></span> <span class='ocrx_word' id='word_1_121' title='bbox 1276 2445 1474 2516; x_wconf 86' lang='lat' dir='ltr'><strong>velim</strong></span> <span class='ocrx_word' id='word_1_122' title='bbox 1513 2444 1733 2542; x_wconf 82' lang='lat' dir='ltr'><strong>legere</strong></span> <span class='ocrx_word' id='word_1_123' title='bbox 1771 2474 1785 2517; x_wconf 94' lang='lat'><strong>:</strong></span> <span class='ocrx_word' id='word_1_124' title='bbox 1821 2448 2018 2532; x_wconf 86' lang='lat' dir='ltr'><strong>illud,</strong></span> <span class='ocrx_word' id='word_1_125' title='bbox 2062 2464 2387 2545; x_wconf 85' lang='lat' dir='ltr'><strong>tanquam</strong></span> 
     </span>
     <span class='ocr_line' id='line_1_17' title="bbox 262 2556 2388 2655; baseline 0.002 -29"><span class='ocrx_word' id='word_1_126' title='bbox 262 2557 607 2645; x_wconf 83' lang='lat' dir='ltr'><strong>delicatus3</strong></span> <span class='ocrx_word' id='word_1_127' title='bbox 633 2557 788 2644; x_wconf 85' lang='lat' dir='ltr'><strong>hoc,</strong></span> <span class='ocrx_word' id='word_1_128' title='bbox 817 2572 1135 2651; x_wconf 88' lang='lat' dir='ltr'><strong>tanquam</strong></span> <span class='ocrx_word' id='word_1_129' title='bbox 1162 2557 1435 2627; x_wconf 89' lang='lat' dir='ltr'><strong>otiosus.</strong></span> <span class='ocrx_word' id='word_1_130' title='bbox 1458 2556 1641 2626; x_wconf 80' lang='lat' dir='ltr'><strong>Nihil</strong></span> <span class='ocrx_word' id='word_1_131' title='bbox 1668 2574 1768 2628; x_wconf 86' lang='lat' dir='ltr'><strong>est</strong></span> <span class='ocrx_word' id='word_1_132' title='bbox 1793 2561 1972 2628; x_wconf 85' lang='lat' dir='ltr'><strong>enim</strong></span> <span class='ocrx_word' id='word_1_133' title='bbox 1992 2574 2110 2629; x_wconf 84' lang='lat' dir='ltr'><strong>aut</strong></span> <span class='ocrx_word' id='word_1_134' title='bbox 2130 2562 2388 2655; x_wconf 85' lang='lat' dir='ltr'><strong>pigrius</strong></span> 
     </span>
     <span class='ocr_line' id='line_1_18' title="bbox 265 2665 1618 2756; baseline 0.001 -22"><span class='ocrx_word' id='word_1_135' title='bbox 265 2665 547 2737; x_wconf 86' lang='lat' dir='ltr'><strong>delicatis</strong></span> <span class='ocrx_word' id='word_1_136' title='bbox 567 2720 589 2756; x_wconf 94' lang='lat'><strong>,</strong></span> <span class='ocrx_word' id='word_1_137' title='bbox 629 2682 748 2736; x_wconf 90' lang='lat' dir='ltr'><strong>aut</strong></span> <span class='ocrx_word' id='word_1_138' title='bbox 784 2668 1109 2737; x_wconf 88' lang='lat' dir='ltr'><strong>curiosius</strong></span> <span class='ocrx_word' id='word_1_139' title='bbox 1149 2668 1401 2736; x_wconf 79' lang='lat' dir='ltr'><strong>otiosis,</strong></span> <span class='ocrx_word' id='word_1_140' title='bbox 1430 2666 1618 2738; x_wconf 83' lang='lat' dir='ltr'><strong>Vale.</strong></span> 
     </span>
    </p>
   </div>
   <div class='ocr_carea' id='block_1_10' title="bbox 264 2864 2390 3494">
    <p class='ocr_par' dir='ltr' id='par_1_10' title="bbox 266 2864 2390 3023">
     <span class='ocr_line' id='line_1_19' title="bbox 324 2864 2386 2938; baseline 0.001 -17"><span class='ocrx_word' id='word_1_141' title='bbox 324 2867 584 2921; x_wconf 54' lang='lat' dir='ltr'><strong>XXXII!</strong></span> <span class='ocrx_word' id='word_1_142' title='bbox 598 2866 757 2919; x_wconf 83' lang='lat' dir='ltr'><strong>Forte</strong></span> <span class='ocrx_word' id='word_1_143' title='bbox 782 2870 1029 2917; x_wconf 72' lang='lat' dir='ltr'><strong>Cornelius</strong></span> <span class='ocrx_word' id='word_1_144' title='bbox 1052 2867 1272 2917; x_wconf 71' lang='lat' dir='ltr'><strong>Titianus</strong></span> <span class='ocrx_word' id='word_1_145' title='bbox 1364 2882 1544 2936; x_wconf 80' lang='lat' dir='ltr'><strong>pressa</strong></span> <span class='ocrx_word' id='word_1_146' title='bbox 1561 2864 1680 2919; x_wconf 64' lang='lat' dir='ltr'><strong>hnc</strong></span> <span class='ocrx_word' id='word_1_147' title='bbox 1706 2866 1810 2920; x_wconf 80' lang='lat' dir='ltr'><strong>sint</strong></span> <span class='ocrx_word' id='word_1_148' title='bbox 1831 2886 1863 2919; x_wconf 83' lang='grc' dir='ltr'><strong>ο</strong></span> <span class='ocrx_word' id='word_1_149' title='bbox 1884 2868 1996 2922; x_wconf 87' lang='lat' dir='ltr'><strong>Cic.</strong></span> <span class='ocrx_word' id='word_1_150' title='bbox 2028 2867 2097 2922; x_wconf 82' lang='lat' dir='ltr'><strong>ad</strong></span> <span class='ocrx_word' id='word_1_151' title='bbox 2117 2871 2236 2923; x_wconf 83' lang='lat' dir='ltr'><strong>Div.</strong></span> <span class='ocrx_word' id='word_1_152' title='bbox 2259 2871 2386 2938; x_wconf 80' lang='grc' dir='ltr'><strong>ΧΠ,</strong></span> 
     </span>
     <span class='ocr_line' id='line_1_20' title="bbox 266 2944 2390 3023; baseline 0.003 -25"><span class='ocrx_word' id='word_1_153' title='bbox 266 2946 585 3020; x_wconf 75' lang='lat' dir='ltr'><strong>intelligitur,</strong></span> <span class='ocrx_word' id='word_1_154' title='bbox 611 2946 681 2999; x_wconf 88' lang='lat' dir='ltr'><strong>ad</strong></span> <span class='ocrx_word' id='word_1_155' title='bbox 704 2964 864 3018; x_wconf 87' lang='lat' dir='ltr'><strong>quem</strong></span> <span class='ocrx_word' id='word_1_156' title='bbox 890 2956 942 2997; x_wconf 88' lang='lat' dir='ltr'><strong>et</strong></span> <span class='ocrx_word' id='word_1_157' title='bbox 968 2944 1025 3009; x_wconf 85' lang='grc' dir='ltr'><strong>Ι,</strong></span> <span class='ocrx_word' id='word_1_158' title='bbox 1058 2961 1141 3014; x_wconf 84' lang='lat'><strong>17.</strong></span> <span class='ocrx_word' id='word_1_159' title='bbox 1166 2944 1266 2997; x_wconf 79' lang='lat' dir='ltr'><strong>En.</strong></span> <span class='ocrx_word' id='word_1_160' title='bbox 1372 2945 1459 3008; x_wconf 85' lang='lat'><strong>18,</strong></span> <span class='ocrx_word' id='word_1_161' title='bbox 1478 2946 1507 2998; x_wconf 81' lang='lat'>3</span> <span class='ocrx_word' id='word_1_162' title='bbox 1525 2962 1542 2997; x_wconf 75' lang='grc' dir='ltr'><strong><em>ε</em></strong></span> <span class='ocrx_word' id='word_1_163' title='bbox 1569 2968 1592 2991; x_wconf 75' lang='grc' dir='ltr'>ι</span> <span class='ocrx_word' id='word_1_164' title='bbox 1609 2944 1684 2997; x_wconf 92' lang='lat' dir='ltr'><strong>Ut</strong></span> <span class='ocrx_word' id='word_1_165' title='bbox 1700 2958 1754 2999; x_wconf 83' lang='lat' dir='ltr'><strong>et</strong></span> <span class='ocrx_word' id='word_1_166' title='bbox 1770 2946 1900 3020; x_wconf 83' lang='lat' dir='ltr'><strong>quid</strong></span> <span class='ocrx_word' id='word_1_167' title='bbox 1923 2960 1977 3001; x_wconf 85' lang='lat' dir='ltr'><strong>tu</strong></span> <span class='ocrx_word' id='word_1_168' title='bbox 1999 2968 2124 3020; x_wconf 72' lang='lat' dir='ltr'><strong>agan</strong></span> <span class='ocrx_word' id='word_1_169' title='bbox 2141 2990 2157 3017; x_wconf 94' lang='lat'><strong>,</strong></span> <span class='ocrx_word' id='word_1_170' title='bbox 2186 2962 2238 3003; x_wconf 89' lang='lat' dir='ltr'><strong>et</strong></span> <span class='ocrx_word' id='word_1_171' title='bbox 2255 2950 2390 3023; x_wconf 83' lang='lat' dir='ltr'><strong>quid</strong></span> 
     </span>
    </p>

    <p class='ocr_par' dir='ltr' id='par_1_11' title="bbox 264 3025 2389 3494">
     <span class='ocr_line' id='line_1_21' title="bbox 330 3025 2389 3101; baseline 0.002 -22"><span class='ocrx_word' id='word_1_172' title='bbox 330 3044 374 3079; x_wconf 87' lang='lat'><strong>1.</strong></span> <span class='ocrx_word' id='word_1_173' title='bbox 398 3030 531 3093; x_wconf 76' lang='lat' dir='ltr'><strong>Quid</strong></span> <span class='ocrx_word' id='word_1_174' title='bbox 542 3030 773 3097; x_wconf 51' lang='lat' dir='ltr'><strong>agitet...</strong></span> <span class='ocrx_word' id='word_1_175' title='bbox 798 3025 953 3077; x_wconf 74' lang='lat' dir='ltr'><strong>Voss.</strong></span> <span class='ocrx_word' id='word_1_176' title='bbox 978 3028 1113 3089; x_wconf 82' lang='lat' dir='ltr'><strong>Quid</strong></span> <span class='ocrx_word' id='word_1_177' title='bbox 1124 3029 1231 3093; x_wconf 74' lang='lat' dir='ltr'><strong>agis</strong></span> <span class='ocrx_word' id='word_1_178' title='bbox 1244 3033 1272 3075; x_wconf 79' lang='lat'><strong>1²</strong></span> <span class='ocrx_word' id='word_1_179' title='bbox 1366 3036 1574 3095; x_wconf 79' lang='lat' dir='ltr'><strong>agatur,</strong></span> <span class='ocrx_word' id='word_1_180' title='bbox 1593 3027 1730 3079; x_wconf 74' lang='lat' dir='ltr'><strong>scire</strong></span> <span class='ocrx_word' id='word_1_181' title='bbox 1745 3028 1942 3098; x_wconf 77' lang='lat' dir='ltr'><strong>possim</strong></span> <span class='ocrx_word' id='word_1_182' title='bbox 1961 3068 1977 3094; x_wconf 91' lang='lat'><strong>,</strong></span> <span class='ocrx_word' id='word_1_183' title='bbox 2006 3040 2056 3082; x_wconf 87' lang='lat' dir='ltr'><strong>et</strong></span> <span class='ocrx_word' id='word_1_184' title='bbox 2077 3030 2237 3082; x_wconf 81' lang='lat' dir='ltr'><strong>etiam</strong></span> <span class='ocrx_word' id='word_1_185' title='bbox 2257 3029 2389 3101; x_wconf 84' lang='lat' dir='ltr'><strong>quid</strong></span> 
     </span>
     <span class='ocr_line' id='line_1_22' title="bbox 267 3104 2388 3179; baseline 0.004 -24"><span class='ocrx_word' id='word_1_186' title='bbox 267 3124 323 3155; x_wconf 70' lang='lat' dir='ltr'><strong>aa</strong></span> <span class='ocrx_word' id='word_1_187' title='bbox 352 3126 447 3174; x_wconf 77' lang='lat' dir='ltr'><strong>qno</strong></span> <span class='ocrx_word' id='word_1_188' title='bbox 466 3124 567 3175; x_wconf 71' lang='lat' dir='ltr'><strong>ago</strong></span> <span class='ocrx_word' id='word_1_189' title='bbox 587 3108 696 3156; x_wconf 78' lang='lat' dir='ltr'><strong>ruri</strong></span> <span class='ocrx_word' id='word_1_190' title='bbox 723 3108 859 3173; x_wconf 70' lang='lat' dir='ltr'><strong>ipse?</strong></span> <span class='ocrx_word' id='word_1_191' title='bbox 888 3104 1025 3156; x_wconf 85' lang='lat' dir='ltr'><strong>Eum</strong></span> <span class='ocrx_word' id='word_1_192' title='bbox 1061 3116 1269 3157; x_wconf 83' lang='lat' dir='ltr'><strong>secutus</strong></span> <span class='ocrx_word' id='word_1_193' title='bbox 1366 3114 1580 3157; x_wconf 84' lang='lat' dir='ltr'><strong>acturus</strong></span> <span class='ocrx_word' id='word_1_194' title='bbox 1614 3106 1704 3179; x_wconf 68' lang='lat' dir='ltr'><strong>sis.</strong></span> <span class='ocrx_word' id='word_1_195' title='bbox 1723 3130 1746 3153; x_wconf 68' lang='grc' dir='ltr'><strong><em>ι</em></strong></span> <span class='ocrx_word' id='word_1_196' title='bbox 1785 3136 1860 3147; x_wconf 91' lang='lat'><em>-</em></span> <span class='ocrx_word' id='word_1_197' title='bbox 1891 3111 2055 3159; x_wconf 76' lang='lat' dir='ltr'><strong>Vitam</strong></span> <span class='ocrx_word' id='word_1_198' title='bbox 2093 3112 2232 3170; x_wconf 67' lang='lat' dir='ltr'><strong>vivo,</strong></span> <span class='ocrx_word' id='word_1_199' title='bbox 2281 3110 2388 3163; x_wconf 76' lang='lat' dir='ltr'><strong>vita</strong></span> 
     </span>
     <span class='ocr_line' id='line_1_23' title="bbox 266 3182 2388 3258; baseline 0.003 -23"><span class='ocrx_word' id='word_1_200' title='bbox 266 3196 331 3235; x_wconf 67' lang='lat' dir='ltr'><strong>est</strong></span> <span class='ocrx_word' id='word_1_201' title='bbox 350 3184 591 3240; x_wconf 77' lang='lat' dir='ltr'><strong>sichard.</strong></span> <span class='ocrx_word' id='word_1_202' title='bbox 614 3184 717 3239; x_wconf 84' lang='lat' dir='ltr'><strong>Sed</strong></span> <span class='ocrx_word' id='word_1_203' title='bbox 738 3184 960 3236; x_wconf 79' lang='lat' dir='ltr'><strong>Helmst.</strong></span> <span class='ocrx_word' id='word_1_204' title='bbox 982 3182 1127 3235; x_wconf 84' lang='lat' dir='ltr'><strong>Edit.</strong></span> <span class='ocrx_word' id='word_1_205' title='bbox 1144 3184 1265 3237; x_wconf 86' lang='lat' dir='ltr'><strong>Vet.</strong></span> <span class='ocrx_word' id='word_1_206' title='bbox 1368 3182 1536 3237; x_wconf 86' lang='lat' dir='ltr'><strong>fruor.</strong></span> <span class='ocrx_word' id='word_1_207' title='bbox 1581 3185 1782 3239; x_wconf 83' lang='lat' dir='ltr'><strong>Contra</strong></span> <span class='ocrx_word' id='word_1_208' title='bbox 1818 3186 1927 3241; x_wconf 80' lang='lat' dir='ltr'><strong>vita</strong></span> <span class='ocrx_word' id='word_1_209' title='bbox 1971 3205 2079 3258; x_wconf 87' lang='lat' dir='ltr'><strong>qua</strong></span> <span class='ocrx_word' id='word_1_210' title='bbox 2119 3187 2237 3258; x_wconf 74' lang='lat' dir='ltr'><strong>quis</strong></span> <span class='ocrx_word' id='word_1_211' title='bbox 2277 3206 2388 3241; x_wconf 83' lang='lat' dir='ltr'><strong>uon</strong></span> 
     </span>
     <span class='ocr_line' id='line_1_24' title="bbox 268 3263 2384 3334; baseline 0.001 -18"><span class='ocrx_word' id='word_1_212' title='bbox 268 3267 389 3329; x_wconf 72' lang='lat' dir='ltr'><strong>Quid</strong></span> <span class='ocrx_word' id='word_1_213' title='bbox 412 3270 559 3334; x_wconf 69' lang='lat' dir='ltr'><strong>agit?</strong></span> <span class='ocrx_word' id='word_1_214' title='bbox 590 3268 716 3333; x_wconf 78' lang='lat' dir='ltr'><strong>quid</strong></span> <span class='ocrx_word' id='word_1_215' title='bbox 744 3267 949 3334; x_wconf 68' lang='lat' dir='ltr'><strong>agitur?</strong></span> <span class='ocrx_word' id='word_1_216' title='bbox 979 3265 1271 3314; x_wconf 81' lang='lat' dir='ltr'><strong>sectantibus</strong></span> <span class='ocrx_word' id='word_1_217' title='bbox 1366 3263 1584 3327; x_wconf 77' lang='lat' dir='ltr'><strong>fruitur,</strong></span> <span class='ocrx_word' id='word_1_218' title='bbox 1611 3265 1716 3318; x_wconf 77' lang='lat' dir='ltr'><strong>vita</strong></span> <span class='ocrx_word' id='word_1_219' title='bbox 1743 3284 1854 3319; x_wconf 86' lang='lat' dir='ltr'><strong>uon</strong></span> <span class='ocrx_word' id='word_1_220' title='bbox 1881 3264 2074 3319; x_wconf 80' lang='lat' dir='ltr'><strong>vitalis.</strong></span> <span class='ocrx_word' id='word_1_221' title='bbox 2097 3296 2168 3306; x_wconf 94' lang='lat'><strong>--</strong></span> <span class='ocrx_word' id='word_1_222' title='bbox 2195 3267 2271 3319; x_wconf 85' lang='lat' dir='ltr'><strong>De</strong></span> <span class='ocrx_word' id='word_1_223' title='bbox 2298 3272 2384 3319; x_wconf 75' lang='lat' dir='ltr'><strong>de-</strong></span> 
     </span>
     <span class='ocr_line' id='line_1_25' title="bbox 266 3343 2382 3420; baseline 0.003 -25"><span class='ocrx_word' id='word_1_224' title='bbox 266 3346 422 3397; x_wconf 71' lang='lat' dir='ltr'><strong>m&#39;eam.</strong></span> <span class='ocrx_word' id='word_1_225' title='bbox 450 3343 589 3398; x_wconf 83' lang='lat' dir='ltr'><strong>Inde</strong></span> <span class='ocrx_word' id='word_1_226' title='bbox 614 3345 761 3398; x_wconf 85' lang='lat' dir='ltr'><strong>Gort.</strong></span> <span class='ocrx_word' id='word_1_227' title='bbox 798 3346 939 3417; x_wconf 84' lang='lat' dir='ltr'><strong>conj.</strong></span> <span class='ocrx_word' id='word_1_228' title='bbox 970 3346 1103 3409; x_wconf 75' lang='lat' dir='ltr'><strong>Quid</strong></span> <span class='ocrx_word' id='word_1_229' title='bbox 1125 3346 1231 3412; x_wconf 74' lang='lat' dir='ltr'><strong>agis</strong></span> <span class='ocrx_word' id='word_1_230' title='bbox 1244 3351 1272 3394; x_wconf 91' lang='grc'><em>9</em></span> <span class='ocrx_word' id='word_1_231' title='bbox 1368 3345 1518 3395; x_wconf 79' lang='lat' dir='ltr'><strong>licaeo</strong></span> <span class='ocrx_word' id='word_1_232' title='bbox 1545 3343 1750 3399; x_wconf 82' lang='lat' dir='ltr'><strong>dictum</strong></span> <span class='ocrx_word' id='word_1_233' title='bbox 1766 3344 1840 3399; x_wconf 78' lang='lat' dir='ltr'><strong>ad</strong></span> <span class='ocrx_word' id='word_1_234' title='bbox 1867 3362 2026 3416; x_wconf 77' lang='lat' dir='ltr'><strong>supra</strong></span> <span class='ocrx_word' id='word_1_235' title='bbox 2037 3344 2176 3411; x_wconf 70' lang='lat' dir='ltr'><strong>vm</strong></span> <span class='ocrx_word' id='word_1_236' title='bbox 2189 3382 2206 3409; x_wconf 86' lang='lat'><strong>,</strong></span> <span class='ocrx_word' id='word_1_237' title='bbox 2229 3348 2382 3420; x_wconf 75' lang='lat' dir='ltr'><strong>epist.</strong></span> 
     </span>
     <span class='ocr_line' id='line_1_26' title="bbox 264 3424 1656 3494; baseline 0.003 -21"><span class='ocrx_word' id='word_1_238' title='bbox 264 3426 376 3489; x_wconf 69' lang='lat' dir='ltr'><strong>qnid</strong></span> <span class='ocrx_word' id='word_1_239' title='bbox 390 3427 599 3494; x_wconf 74' lang='lat' dir='ltr'><strong>agitur?</strong></span> <span class='ocrx_word' id='word_1_240' title='bbox 615 3426 741 3491; x_wconf 75' lang='lat' dir='ltr'><strong>qaid</strong></span> <span class='ocrx_word' id='word_1_241' title='bbox 757 3438 955 3475; x_wconf 79' lang='lat' dir='ltr'><strong>aeturus</strong></span> <span class='ocrx_word' id='word_1_242' title='bbox 974 3431 1063 3474; x_wconf 74' lang='lat' dir='ltr'><strong>es?</strong></span> <span class='ocrx_word' id='word_1_243' title='bbox 1096 3434 1155 3475; x_wconf 84' lang='lat' dir='ltr'><strong>ut</strong></span> <span class='ocrx_word' id='word_1_244' title='bbox 1180 3441 1269 3475; x_wconf 78' lang='lat' dir='ltr'><strong>ex-</strong></span> <span class='ocrx_word' id='word_1_245' title='bbox 1372 3440 1461 3487; x_wconf 79' lang='lat' dir='ltr'><strong>at,</strong></span> <span class='ocrx_word' id='word_1_246' title='bbox 1483 3424 1532 3477; x_wconf 82' lang='grc'><strong>5.</strong></span> <span class='ocrx_word' id='word_1_247' title='bbox 1555 3424 1656 3477; x_wconf 78' lang='lat' dir='ltr'><strong>En.</strong></span> 
     </span>
    </p>
   </div>
   <div class='ocr_carea' id='block_1_11' title="bbox 1152 3672 1488 3996">
    <p class='ocr_par' dir='ltr' id='par_1_12' title="bbox 1152 3672 1488 3996">
     <span class='ocr_line' id='line_1_27' title="bbox 1152 3672 1488 3996; baseline 0 694"><span class='ocrx_word' id='word_1_248' title='bbox 1152 3672 1488 3996; x_wconf 95' lang='lat' dir='ltr'><strong> </strong></span> 
     </span>
    </p>
   </div>
  </div>
 </body>
</html>
