2857 4690
943 398 1082 469 DE
1135 398 1212 497 C.
1269 398 1663 468 PLINIO.
2207 401 2350 501 397

187 554 412 618 suae,
449 533 580 601 hoc
618 535 1104 627 ιἠεμιὶυἱιηιιηι
1143 544 1289 599 est.
1278 556 1294 570 ·
1313 536 1587 625 passim
1614 536 1791 601 enim
1822 532 2117 601 Plinium
2145 540 2361 604 imita-

193 652 372 724 tur,
419 653 499 707 ut
526 654 836 707 notatum
875 653 1000 707 esc
1021 642 1164 705 suis
1197 636 1375 705 locis·
1413 652 1754 707 aecta-ate.
1799 635 2144 733 Vignolius
2179 640 2361 709 Mar-

199 743 453 813 villius
494 758 654 813 tom.
698 741 742 813 3
775 744 976 815 .Misc.
1011 744 1178 811 His-t.
1212 740 1456 811 literar.
1495 767 1643 838 pag.
1686 766 1876 839 197:
1928 746 2023 812 Le
2072 740 2363 817 άιζτιὲιηε
2502 768 2507 773 ·

199 850 395 917 livre
427 848 550 919 des
590 836 868 945 Epitres
909 848 1004 919 du
1022 847 1238 940 Jeu'ne
1263 849 1463 917 Pline
1496 865 1604 917 est
1635 850 1699 917 le
1732 850 1924 940 ches-
1938 849 2013 919 d'
2012 874 2237 920 oetwre
2272 852 2363 921 de

197 978 296 1023 ce
353 954 598 1049 grand
647 956 928 1025 homme.
991 957 1118 1025 Ses
1183 968 1416 1022 autres
1470 955 1701 1023 lettres
1744 971 1869 1024 ont
1924 955 2013 1023 de
2058 957 2361 1050 grandes

202 1052 551 1146 beaute-5,
604 1076 674 1129 et
727 1060 852 1130 des
891 1052 1250 1155 agr-emens
1287 1060 1647 1154 singuliers
1664 1084 1855 1155 pour
1890 1063 1989 1129 ks
2020 1086 2193 1155 gens
2244 1088 2363 1158 qm

201 1169 496 1235 aiment
525 1168 624 1235 les
657 1166 888 1237 belles·
889 1167 1161 1235 lettres:
1189 1170 1367 1235 mais
1400 1166 1722 1252 celles-ci,
1762 1191 1879 1260 qus
1873 1167 2269 1261 regardent
2300 1171 2365 1237 le

205 1264 618 1357 minister-e,
666 1288 830 1342 sont
879 1254 1477 1367 incomparables,
1506 1272 2079 1397 princepalement
2126 1276 2370 1368 quand

206 1378 400 1445 elles
420 1399 498 1446 se
528 1392 837 1449 trouvent
861 1368 1404 1473 accompagne'es
1430 1375 1555 1445 des
1580 1369 1903 1473 repenses
1935 1380 2023 1449 de
2056 1380 2355 1473 Trajan,

205 1486 358 1576 qui
388 1482 536 1551 leur
572 1500 941 1580 apportent
971 1508 1064 1553 un
1100 1482 1337 1579 grand
1355 1484 1583 1553 lustr-e.
1617 1487 1885 1554 Jamazzr
1916 1490 2061 1555 rien
2098 1510 2189 1554 ηε
2217 1510 2283 1555 m
2294 1488 2363 1555 'a

195 1588 381 1677 fait
438 1594 666 1659 mieux
708 1594 1058 1660 concevoir
1113 1614 1192 1658 ce
1236 1613 1368 1681 que
1417 1590 1515 1657 les
1560 1592 1891 1659 Romaim
1941 1590 2369 1688 appellaeent

213 1696 672 1813 Imperatoria
727 1696 1058 1783 brevitaS,
1100 1719 1232 1790 que
1289 1718 1400 1764 ces
1448 1687 1770 1791 reponses
1813 1702 1880 1765 si
1912 1694 2141 1767 breves
2180 1714 2263 1767 et
2302 1705 2367 1767 si

213 1806 460 1894 sag'es.
492 1802 574 1870 Si
599 1802 698 1869 les
715 1825 894 1896 pars
919 1806 1164 1896 ε3ρνὶι3
1190 1824 1267 1867 3ε
1295 1792 1620 1870 melaient
1644 1794 1760 1871 d’'
1720 1807 1967 1889 εονίνε,
2006 1806 2093 1872 zar
2120 1828 2168 1873 n
2176 1797 2361 1873 ’ές-νι-

215 1912 465 1975 raient
490 1928 638 2002 pas
676 1920 1070 1977 auct-emeat.
1107 1907 1186 1977 C'
1187 1919 1292 1973 est
1329 1898 1404 1973 ἰὰ
1440 1906 1504 1974 le
1524 1909 1693 2001 plus
1726 1908 1898 1975 haut
1927 1914 2132 2003 point
2167 1909 2253 1978 de
2288 1911 2365 1979 la

208 1998 636 2106 perfica‘on.
690 2015 981 2083 Omnino
1024 2009 1214 2080 aliter
1251 2010 1729 2081 scribendum
1713 2037 1803 2081 ιιι
1822 2015 2034 2083 causis
2084 2012 2362 2134 publici-s

217 2132 298 2186 et
343 2117 432 2185 ad
475 2120 854 2213 principa,
896 2142 1094 2213 quam
1141 2116 1224 2185 ad
1266 2118 1601 2213 privatoS‚
1637 2120 1835 2187 etiam
1872 2144 2077 2212 quum
2117 2122 2361 2215 ingenii

221 2247 439 2293 causa
471 2224 812 2309 scribitur3
845 2238 1072 2317 estque
1109 2224 1174 2291 in
1207 2222 1318 2291 illo
1362 2246 1603 2316 geneie
1637 2223 1731 2293 nil
1764 2224 2119 2317 perfectius
2150 2250 2367 2294 exem-

221 2328 352 2424 plo
398 2326 710 2401 Pliniano.

333 2435 626 2506 Codices
653 2439 878 2532 scripti
909 2435 1352 2532 Epistularum
1373 2435 1567 2506 Plinii
1595 2437 1817 2532 plures
1853 2437 2072 2507 adhuc
2106 2451 2365 2509 exstant

225 2543 302 2609 in
332 2539 768 2612 bibliothecis.
797 2542 1113 2612 Nicolaus
1145 2541 1228 2610 de
1256 2539 1636 2636 Clemangis
1672 2545 1879 2638 Epist.
1915 2541 2011 2614 38
2056 2543 2141 2612 ad
2182 2546 2365 2613 Gun-

227 2647 546 2732 therum,·
573 2649 813 2716 scribit
849 2648 930 2717 de
963 2647 1251 2732 Codice,
1289 2671 1489 2740 quem
1526 2647 1765 2718 viderit
1799 2648 1975 2743 apud
2005 2648 2363 2718 Bibliothe-

229 2753 494 2822 carium
528 2753 864 2824 Pontificis
906 2777 1077 2824 max.
1115 2755 1437 2849 cujusque
1471 2754 1845 2849 exemplum
1881 2753 2003 2824 sibi
2053 2755 2365 2824 fieri'vo-

233 2859 440 2927 luerit
471 2858 790 2929 Pontifex.
812 2859 942 2928 Sed
966 2858 1079 2929 illo
1111 2874 1412 2955 tempore
1440 2861 1640 2954 coepit
1663 2863 1899 2954 saepius
1924 2859 2205 2928 describi
2230 2913 2249 2945 ‚
2282 2883 2366 2930 ex

234 2987 453 3058 eoque
500 2989 738 3058 genere
771 2989 850 3035 ac
885 2980 1187 3060 tempore
1221 2977 1380 3034 sunt
1425 2963 1719 3058 plerique
1742 3017 1761 3049 ‚
1804 2966 1917 3057 qui
1958 2987 2137 3034 nunc
2180 2989 2365 3060 repe-

231 3073 521 3138 riuntur.
565 3069 1014 3142 Florentinum
1053 3070 1431 3150 Mediceum
1472 3066 1697 3138 laudat
1734 3070 1882 3139 Nic.
1929 3071 2232 3139 Heinsius
2282 3071 2365 3138 ad

235 3173 588 3246 Valerium
631 3177 936 3247 Flaccum
981 3201 1134 3271 pag.
1193 3173 1238 3246 3
1257 3173 1382 3262 16,
1427 3189 1496 3242 et
1541 3177 1608 3248 in
1660 3176 1867 3269 Epist.
1912 3173 1997 3243 ad
2043 3178 2144 3244 Jo.
2191 3175 2362 3244 Frid.

237 3284 662 3352 Gronovium
704 3285 772 3353 in
810 3281 1072 3378 Sylloge
1113 3287 1340 3354 Burm.
1379 3295 1536 3349 tom.
1579 3281 1720 3369 111,
1756 3304 1901 3376 pag.
1953 3277 2135 3364 358,
2168 3305 2367 3374 seque
2473 3359 2492 3366 -

238 3388 388 3480 ejus
448 3385 758 3458 lectiones
819 3388 1039 3484 plures
1095 3388 1499 3481 excerpsisse
1557 3386 1716 3456 dicit
1776 3385 1929 3454 ibid.
1985 3409 2132 3479 pag.
2195 3383 2367 3456 536.

240 3491 431 3562 Alius
465 3495 736 3589 insignis
769 3507 1332 3566 commemoratur
1365 3493 1435 3560 in
1471 3491 1634 3561 Bibl.
1670 3490 2078 3561 Hohendorf.
2116 3493 2185 3560 P.
2221 3494 2325 3560 III
2351 3547 2371 3578 ,

241 3623 400 3693 pag.
449 3597 620 3670 235.
655 3601 786 3671 Sed
815 3601 1038 3696 plures
1058 3649 1079 3685 ‚
1111 3600 1194 3670 ad
1233 3598 1681 3692 duodeviginti
1714 3649 1732 3676 ‚
1780 3613 2255 3670 commemorat
2281 3595 2368 3665 ill.

245 3705 691 3793 Rezzonicus,
733 3732 1018 3801 quorum
1049 3719 1118 3774 et
1149 3707 1543 3777 testimoniis
1578 3702 1852 3773 subinde
1888 3704 2094 3772 utitur
2125 3705 2195 3772 in
2221 3705 2371 3774 Dis-

246 3811 468 3904 quisit.
512 3810 675 3881 Plin.
714 3827 872 3883 tom.
909 3815 989 3902 13
1027 3835 1226 3908 quem
1261 3811 1486 3897 adeat,
1519 3811 1629 3904 qui
1672 3809 1862 3895 velit,
1902 3823 2017 3878 aut
2059 3811 2165 3880 cui
2206 3834 2375 3905 opus

250 3918 336 3985 sit
373 3915 456 3984 de
494 3917 848 3988 Codicibus
883 3917 1126 3988 talibus
1169 3941 1589 4012 cognoscere.
1629 3914 1798 3984 Addi
1834 3931 2110 4010 possunt
2138 3919 2333 3986 etiam
2356 3970 2377 4004 ‚

250 4046 398 4114 quae
448 4024 646 4092 tradit
699 4025 1062 4119 Longolius
1105 4025 1176 4094 in
1223 4023 1405 4120 proef.
1458 4022 1539 4091 ad
1586 4020 1945 4090 Plinianam
1990 4023 2197 4090 Cortii
2236 4021 2381 4090 edi-
