2857 4690
67 5 506 14 .—-——-—-——--

910 386 1434 454 EPISTOLA
1481 383 1656 451 Lx.·
2203 375 2333 448 165

226 533 409 602 posse
456 507 843 576 transferri:
880 507 1127 601 alioqui
1172 505 1782 577 commodissimum
1835 517 1963 586 est,
2003 505 2055 570 si
2103 501 2337 594 religio

224 645 353 686 non
388 617 687 714 impedit.

580 844 1187 866 mmm
1192 841 1271 863 (Ἃ
1276 837 2339 864 ἏΜΜΜΜΜΜΜΜ

1023 1041 1262 1128 LIX.
1331 1041 1514 1159 (LI)

824 1303 1273 1350 TRAJANUS
1322 1302 1619 1350 PLlnuo
1671 1303 1725 1348 S.

304 1481 415 1546 Po
432 1502 617 1564 'tl-28,
656 1479 749 1545 mi
786 1477 1088 1547 Secunde
1130 1478 1503 1564 carissime,
1545 1503 1686 1546 sine
1723 1477 2141 1548 solicitudine
2182 1478 2337 1547 reii-

220 1587 430 1682 gionis
454 1640 473 1673 ‚
510 1590 565 1655 si
600 1585 731 1656 loci
766 1589 1010 1682 positio
1045 1587 1308 1656 videtur
1343 1588 1474 1657 hoc
1511 1587 1883 1656 desiderare
1907 1642 1926 1674 ‚
1966 1588 2172 1658 aedem
2203 1592 2342 1658 Ma·

220 1699 333 1765 tris
371 1702 598 1768 Deum
650 1697 1007 1766 transferre
1054 1699 1123 1766 in
1164 1721 1345 1785 eam,
1390 1723 1538 1792 quae
1577 1713 1676 1767 est
1723 1698 2334 1768 accommodatior:

222 1833 337 1878 nec
382 1823 451 1876 te
495 1823 801 1888 moveat,
848 1807 1027 1902 quod
1078 1807 1183 1878 lex
1236 1807 1672 1878 dedicationis
1726 1808 1910 1877 nulla
1964 1811 2339 1902 reperitur,

220 1943 419 2010 quum
453 1916 667 1986 solum
712 1921 1075 2012 peregrinae
1106 1919 1391 1988 civitatis
1430 1942 1638 2012 capax
1679 1944 1813 1987 non
1856 1920 1938 1986 sit
1979 1917 2337 1988 dedicatio·

218 2027 341 2115 nis,
376 2052 530 2122 quae
569 2027 645 2096 fit
680 2043 912 2097 nostro
938 2030 1137 2124 jure..

1016 2447 1208 2535 Lx.
1267 2448 1552 2567 (Lm)

478 2687 649 2744 Diem
677 2686 904 2763 imperii
932 2688 1264 2745 solemniter
1290 2686 1644 2746 celebratum
1673 2708 1795 2747 esse
1825 2690 2067 2749 nuntiat.

637 2894 700 2939 C.
756 2893 1111 2940 PLINIUS
1160 2895 1562 2941 TRAJANO
1615 2896 1790 2943 IMP.
1849 2898 1903 2943 S.

306 3076 537 3160 Dum,
566 3075 891 3161 Domine,
927 3097 1063 3167 quo
1092 3074 1367 3141 servasti
1396 3076 1749 3168 imperium
1771 3129 1790 3163 ‚
1827 3076 1987 3145 dum
2023 3079 2334 3171 suscipiS‚

220 3199 465 3276 quanta
502 3184 773 3253 mereris
809 3183 1032 3253 laetitia
1053 3236 1073 3271 ,
1108 3184 1619 3273 celebravimus,
1655 3189 1906 3279 precati
1933 3188 2126 3273 deos,
2167 3202 2240 3255 ut
2273 3202 2336 3256 te

222 3296 441 3387 generi
482 3294 817 3381 humanO,
858 3296 1046 3388 cujus
1082 3294 1289 3365 tutela
1338 3310 1407 3364 et
1454 3297 1770 3366 securitas
1816 3294 2012 3366 saluti
2050 3310 2179 3365 tuae
2227 3298 2333 3364 in·-

220 3405 353 3474 nisa
383 3419 520 3490 est,
559 3404 959 3473 incolumem
980 3404 1461 3499 florentemque
1481 3420 1892 3500 praestarent.
1907 3405 2291 3475 Praeivimus
2311 3460 2332 3492 ‚

280 3605 392 3662 Lx,
420 3607 619 3662 Similis
646 3606 941 3678 argumenti
969 3618 1045 3660 est
1070 3606 1221 3679 epist.
1320 3626 1430 3659 non
1475 3604 1834 3679 pretereunda
1880 3604 2067 3671 lectio,
2107 3624 2223 3679 quaa
2269 3626 2334 3660 ex

224 3686 334 3739 103.
346 3687 419 3739 G.
1322 3684 1557 3756 margine
1587 3682 1886 3737 casauboni
1917 3695 1968 3737 et
1989 3683 2184 3737 Minois
2215 3684 2332 3739 lau-

280 3794 350 3805 —-
322 3758 582 3816 δηναιαὶ
598 3766 863 3831 imperium.
883 3763 1139 3836 Panegyr.
1152 3762 1224 3826 V,
1321 3760 1500 3827 datur,
1531 3782 1664 3815 more
1691 3766 1899 3824 solenni,
1941 3766 2110 3815 eadem
2127 3769 2330 3834 provin-

220 3843 281 3892 6:
298 3847 611 3896 obstinatum
636 3844 727 3893 cibi
740 3861 839 3894 non
864 3847 1102 3911 suscipere
1130 3845 1223 3893 im-
1321 3844 1524 3893 cialibus
1550 3844 1740 3910 pietate
1783 3844 2006 3895 certatim
2030 3846 2330 3911 jin-antibus.

212 3925 423 3985 perium,
452 3924 551 3973 πίει
544 3924 1055 3989 'smandnmfininea
1084 3920 1153 3974 G.
1320 3920 1576 3973 Praeclare
1597 3938 1721 3973 nne
1735 3957 1750 3983 ,
1775 3921 1819 3973 si
1841 3938 1906 3974 ex
1923 3921 2059 3975 libro
2077 3923 2294 3995 antiquo
2313 3961 2334 3987 ‚

256 4002 823 4053 -Proeivbnusfflroeivie
834 4018 1021 4072 nempe
1028 4000 1224 4053 Plinius
1320 3998 1644 4071 haberetque
1667 3998 1806 4053 hanc
1821 4001 2128 4055 sententiam
2137 4039 2152 4065 ,
2169 4004 2334 4075 jusju-

218 4073 371 4131 νει-Μ’
392 4078 741 4153 jurisjurandi
755 4120 771 4144 ‚
800 4096 917 4150 qua
941 4098 1224 4151 sequeren-
1320 4077 1546 4132 randum
1566 4089 1804 4131 exactum
1817 4081 1986 4134 solum
2002 4100 2031 4133 a
2049 4080 2330 4141 militibus;

221 4168 301 4207 tur
312 4159 503 4213 milites
516 4170 571 4211 et
584 4156 950 4229 provinciales.
966 4160 1223 4212 Caeterum
1321 4156 1720 4229 provincialium
1755 4176 1880 4213 vero
1912 4160 2332 4214 circumstantem
