2857 4690
494 328 631 414 334
1058 331 1135 398 C.
1191 329 1533 398 PLINII
1583 328 2054 400 SECUNDI

488 433 815 547 majestati
866 475 1000 520 suae
1040 451 1372 520 reddere?
1408 449 1764 522 adscende.
1795 451 1918 520 Vis
1960 443 2266 519 constare
2301 473 2628 524 reveren·-

490 565 652 632 tiam
726 562 1263 655 magistratibus,
1322 560 1580 656 legibus
1651 561 2116 632 auctoritatem
2139 613 2159 646 ‚
2225 561 2624 630 modestiam

416 693 449 747 3
484 672 1032 766 postulantibus?
1082 671 1211 741 adi.
1239 671 1458 760 Quod
1505 671 1685 740 enim
1723 673 2062 740 interesset
2099 669 2528 765 reipublicae,
2559 674 2616 740 si
2651 677 2664 684 “

482 784 780 874 privatus
814 805 1015 866 essm,
1052 780 1391 850 consulem
1437 797 1502 849 te
1539 782 1817 850 haberet
1851 795 2116 850 tantum
2147 833 2166 868 ‚
2202 805 2289 850 an
2325 797 2396 850 et
2424 805 2618 850 sena-

482 909 731 980 torem3
767 893 897 961 hoc
957 915 1139 961 nunc
1184 893 1350 962 scito
1410 892 1721 976 interesse
1741 945 1762 976 ‚
1821 891 2193 986 principe'm
2256 907 2322 960 te
2369 891 2616 960 habeat

412 1039 447 1096 4
485 982 742 1072 tantum
802 1028 889 1071 an
934 1016 1001 1070 et
1054 1001 1417 1072 consulem.
1471 1002 1594 1070 His
1658 1016 1759 1069 tot
1817 1002 2154 1094 tantisque
2203 1000 2618 1082 rationihu5‚

482 1137 889 1207 quamquam
912 1110 1199 1180 multum
1222 1111 1550 1182 reluctata
1583 1109 1982 1178 verecundia
2002 1110 2333 1203 Principis
2365 1111 2618 1194 nostri,

484 1221 751 1292 tandem
792 1237 1011 1290 tamen
1065 1222 1285 1290 cessit.
1335 1225 1425 1290 At
1461 1219 2020 1314 quemadmodum
2071 1217 2325 1288 cessit?
2361 1245 2496 1287 non
2541 1245 2616 1288 se

482 1347 559 1402 ut
599 1333 905 1426 privam,
952 1331 1068 1400 sed
1112 1345 1187 1400 ut
1240 1331 1538 1424 privatos
1585 1355 1776 1423 pares
1827 1330 1952 1398 sibi
2017 1328 2306 1398 faceret:
2356 1331 2614 1422 recepit

478 1441 657 1510 enim
716 1441 987 1510 tertium
1051 1439 1514 1526 consulatum,
1571 1455 1646 1507 ut
1694 1437 1904 1508 daret.
1963 1441 2257 1507 Noverat
2313 1436 2614 1508 modera-

482 1552 731 1618 tionem
761 1550 1111 1618 hominum
1131 1602 1150 1634 ‚
1182 1564 1460 1618 noverat
1498 1548 1821 1643 pudorem
1841 1599 1862 1634 ,
1889 1549 2004 1640 qui
2043 1573 2178 1616 non
2207 1548 2616 1616 sustinerent

481 1661 679 1728 tertio
716 1658 1021 1728 consules
1056 1683 1225 1742 esse,
1256 1660 1383 1728 nisi
1417 1679 1572 1726 cum
1610 1673 1711 1726 ter
1751 1655 2038 1726 consule.
2063 1655 2400 1725 Bellorum
2429 1658 2614 1742 istud

478 1769 673 1838 sociis
706 1769 869 1838 olim
894 1823 914 1853 ‚
953 1769 1405 1862 periculorum
1453 1767 1874 1837 consortibus
1899 1819 1918 1852 ‚
1963 1790 2160 1858 parce
2215 1781 2436 1834 tamen
2484 1771 2611 1835 tri-

478 1878 842 1965 buebatur3
878 1878 1061 1972 quod
1106 1893 1179 1948 tu
1234 1877 1684 1972 singularibus
1734 1877 1892 1964 viris
1920 1929 1945 1962 ,
1981 1900 2057 1945 ac
2105 1875 2189 1944 de
2230 1890 2296 1944 te
2333 1876 2608 1970 quidem

414 1495 445 1547 5

548 2032 679 2112 LX:
704 2079 753 2110 a.
806 2061 1189 2110 Postulantibus.
1238 2057 1375 2110 Juris
1414 2058 1500 2110 sui

477 2135 751 2191 obtinendi
784 2155 969 2190 caussa
995 2135 1065 2188 ad
1090 2137 1367 2188 consulare
1404 2137 1499 2187 tri-

476 2219 639 2270 bunal
676 2216 1037 2278 venientibus,
1086 2215 1247 2276 LVI,
1292 2218 1344 2268 6.
1382 2215 1499 2268 Hoc

477 2314 642 2368 quum
685 2287 805 2347 nou*
849 2295 1191 2347 observarent
1226 2293 1444 2365 quidam
1481 2331 1500 2357 ‚

470 2378 803 2443 petulantibus
812 2386 1006 2426 temere
1015 2386 1381 2445 reposuerunt.
1396 2374 1500 2427 Pro

477 2456 568 2505 adi
586 2490 603 2514 ,
642 2455 831 2525 reponi
852 2452 967 2505 vult
990 2452 1231 2523 Lipsius,
1262 2457 1415 2516 audi,
1441 2466 1500 2507 ut

476 2532 544 2585 ad
560 2532 883 2603 postulantes
892 2531 1171 2583 referatur.
1192 2532 1495 2587 G.—-Conf.

475 2612 523 2663 J.
548 2613 613 2663 A.
634 2610 903 2661 Ernestius
922 2608 990 2661 ad
1016 2610 1072 2661 h.
1095 2610 1131 2662 l.
1157 2612 1211 2663 S.

546 2720 618 2730 --
650 2692 770 2740 Adi.
796 2687 1069 2761 Quidquid
1098 2688 1311 2743 dicatur
1336 2690 1499 2763 hujus

476 2768 623 2824 verbi
640 2766 963 2819 defendendi
978 2786 1163 2822 caussa
1180 2809 1195 2830 ,
1222 2789 1340 2823 vere
1356 2771 1499 2843 judi-

476 2846 613 2899 cavit
664 2846 907 2918 LipsiuS,
974 2867 1085 2900 esse
1134 2848 1385 2920 frigidum
1447 2864 1499 2905 et

476 2924 727 2980 alienum.
759 2928 939 2991 Quare
960 2926 1114 2979 adeat
1140 2941 1193 2980 et
1210 2948 1470 3007 quorsmn
1479 2969 1495 2994 ‚

476 3004 519 3056 si
532 3008 643 3075 jam
658 3004 802 3058 s'edet
820 3006 875 3057 in
896 3006 1183 3060 tribunali?
1202 3009 1341 3061 Tum
1362 3010 1496 3062 illud

476 3086 567 3135 adi
582 3084 650 3137 ad
669 3084 901 3157 proxime
917 3085 1213 3155 praecedens
1228 3086 1383 3140 debet
1400 3106 1496 3141 ne-

476 3164 702 3217 cessario
767 3164 949 3217 referri
983 3203 997 3227 ,
1054 3178 1114 3218 ut
1164 3171 1370 3218 ascende
1424 3166 1495 3221 ad

474 3242 769 3313 praecedens
798 3242 1047 3297 tribunal.
1076 3246 1197 3309 Quo
1228 3246 1386 3317 igitur
1416 3268 1495 3301 rc-

477 3322 746 3375 feremus?
787 3322 853 3375 ad
894 3326 1217 3395 postulantes
1259 3328 1494 3395 profecto

474 3402 712 3473 inprimis
738 3415 788 3455 et
808 3416 973 3455 totum
990 3402 1368 3476 jurisdictionis
1400 3424 1492 3457 ac-

476 3491 587 3532 tum
608 3522 624 3547 ,
656 3495 714 3534 ut
749 3484 863 3553 ejus
897 3482 1133 3551 exemplo
1162 3480 1365 3535 discant
1402 3483 1493 3537 alii

474 3560 608 3612 bene
634 3563 720 3633 jus
750 3559 957 3623 dicere,
988 3573 1039 3612 et
1060 3559 1293 3613 modeste
1317 3574 1494 3635 petere

476 3659 537 3693 ac
565 3638 873 3711 postulare?
893 3638 1005 3690 Hoc
1028 3638 1089 3689 fit
1110 3677 1124 3701 ‚
1152 3659 1261 3691 non
1292 3639 1492 3693 adeun-

475 3719 545 3773 do
560 3756 575 3781 ,
587 3716 675 3771 sed
688 3716 1073 3787 cognoscendo,
1084 3718 1199 3771 Hoc
1218 3738 1331 3771 com
1338 3719 1495 3773 mede

475 3796 778 3867 exprimitur
830 3816 925 3867 per
968 3800 1093 3847 audi
1126 3835 1141 3861 ‚
1203 3800 1492 3869 praesertim

392 3869 397 3878 '
475 3876 664 3926 saeculo
684 3874 923 3927 Pliniano
948 3916 963 3941 ,
1012 3895 1119 3947 quo
1148 3879 1367 3929 verbum
1395 3898 1491 3931 au-

474 3950 653 4005 diendi
670 3990 687 4015 ,
714 3952 995 4024 auditorii,
1029 3956 1085 4005 in
1100 3958 1220 4027 jure
1244 3956 1490 4026 frequen·

474 4032 575 4084 tari
593 4032 762 4103 coepit.
796 4032 859 4085 Iu
896 4032 1126 4087 editione
1154 4047 1329 4087 vetere
1354 4034 1490 4087 Ger-

476 4103 679 4156 manIca
709 4123 749 4156 s.
783 4104 818 4156 l.
853 4117 901 4157 et
926 4124 973 4156 a.
1009 4115 1084 4155 est
1113 4108 1270 4157 adire.
1308 4106 1359 4158 Si
1387 4125 1488 4177 pro

1587 2055 1894 2126 imperativo
1921 2057 2129 2124 passivo
2163 2056 2485 2126 accipiamus
2505 2095 2520 2120 ,
2553 2059 2614 2112 id

1584 2145 1662 2186 est
1681 2169 1698 2196 ‚
1727 2134 1842 2186 sine
1869 2145 1920 2186 te
1945 2132 2080 2186 adiri
2097 2173 2116 2194 ,
2136 2153 2234 2205 pro
2258 2135 2512 2188 tribunali
2531 2157 2609 2190 sc.

1585 2229 1694 2264 non
1720 2232 1852 2284 opus
1869 2225 2002 2266 esset
2025 2215 2350 2267 correctione
2367 2215 2483 2268 ista.
2504 2218 2611 2270 En.

1593 2287 1605 2298 ⁸
1657 2291 1709 2343 3.
1740 2295 1888 2357 Quod
1906 2294 2032 2342 enim
2048 2295 2296 2344 interesset
2315 2331 2329 2356 ,
2350 2307 2451 2347 etc.
2467 2296 2614 2351 Bene

1585 2368 1768 2423 docuit
1815 2370 1884 2423 ad
1925 2371 1980 2424 h.
2031 2373 2069 2424 l.
2117 2372 2380 2443 Gierigius
2403 2412 2419 2439 ,
2467 2374 2616 2427 hanc

1585 2449 1982 2505 similitudinem
2057 2450 2210 2505 valde
2283 2452 2609 2507 claudicare.

1584 2528 1721 2581 Nam
1748 2528 1824 2593 1⁰,
1847 2530 2030 2587 consul
2057 2531 2214 2583 unius
2237 2532 2362 2583 amai
2389 2551 2611 2605 compa-

1583 2618 1730 2660 ratur
1765 2626 1886 2660 cum
1933 2610 2171 2680 principe
2211 2622 2469 2681 perpetuo
2491 2651 2506 2675 ,
2557 2624 2612 2665 et

1582 2698 1794 2739 senator
1847 2700 2132 2759 perpetuus
2197 2708 2318 2741 cum
2387 2691 2612 2744 consule

1585 2765 1742 2817 unius
1781 2766 1943 2819 anni:
1974 2766 2047 2839 ρο,
2091 2766 2348 2838 quamdiu
2395 2784 2608 2823 senator

1584 2846 1858 2896 consulatu
1899 2846 2249 2917 fungebatur,
2292 2866 2400 2900 non
2439 2870 2608 2921 pecu-

1581 2922 1731 2975 liaria
1759 2925 2009 2979 senatoris
2055 2926 2235 2979 munia
2281 2928 2464 2981 obibat
2487 2947 2504 2981 τ
2555 2942 2610 2983 at

1581 3000 1842 3072 Trajanus
1873 3005 2117 3075 princeps
2147 3017 2382 3077 tempore
2419 3026 2610 3061 consu·

1580 3079 1714 3131 latus
1748 3080 1830 3135 sui
1864 3082 2125 3153 duplicem
2165 3086 2458 3139 sustinebat
2495 3108 2610 3158 per-

1581 3176 1764 3213 sonam
1784 3198 1800 3223 ,
1814 3163 2234 3235 suscipiebatque
2249 3184 2310 3219 ea
2325 3204 2341 3228 ,
2361 3185 2484 3237 quae
2501 3168 2608 3220 alio

1580 3248 1814 3309 tempore
1841 3242 2146 3295 consulibus
2173 3244 2516 3315 relinqueret.
2540 3248 2604 3301 E.

1579 3318 1878 3371 -Duabus
1900 3322 2114 3373 vocibus
2133 3323 2463 3393 transpositis
2485 3328 2608 3379 scri·

1581 3396 1814 3451 bendum
1837 3399 2041 3453 videtur
2064 3419 2080 3455 ε
2100 3416 2374 3455 senatorem
2395 3420 2443 3455 ce
2460 3408 2606 3457 habe-

1582 3491 1656 3527 ret
1677 3492 1869 3529 tantum
1879 3517 1898 3539 ,
1925 3499 1990 3529 an
2018 3496 2068 3531 et
2085 3485 2346 3535 consulem.
2369 3484 2424 3535 S.

1655 3560 1708 3617 4.
1743 3561 1896 3607 Pares
1920 3561 2033 3609 sibi.
2061 3560 2145 3611 Al.
2184 3564 2278 3611 sibi
2291 3580 2443 3629 pares
2465 3600 2481 3624 ‚
2511 3565 2604 3635 qui

1581 3634 1866 3686 verborum
1912 3636 2044 3688 ordo
2087 3636 2462 3708 praeferendus.
2492 3642 2602 3693 Cae-

1580 3726 1750 3765 terum
1777 3714 2039 3787 Trajanus
2063 3716 2296 3786 privatos
2323 3716 2423 3769 sibi
2451 3738 2602 3789 pares

1582 3792 1702 3844 fecit
1724 3830 1739 3855 ‚
1766 3792 1910 3862 quod
1931 3794 2152 3865 collegas
2170 3793 2471 3850 adsumeret
2488 3817 2602 3859 eos,

1579 3870 1670 3941 qui
1689 3883 1739 3923 et
1756 3871 1975 3944 ipsijam
1995 3874 2075 3925 bis
2091 3874 2332 3928 consules
2349 3876 2566 3929 fuissent
2583 3896 2596 3928 :

1579 3949 1774 4021 alioqui
1794 3970 1849 4003 se
1875 3950 2092 4022 privatis
2110 3964 2380 4025 aequasset.
2402 3958 2458 4009 S.

1653 4030 1703 4082 5.
1733 4032 2068 4098 Singulart'bus
2084 4037 2224 4084 vire's.
2245 4032 2310 4083 In
2339 4034 2488 4088 fastis
2511 4072 2526 4098 ,
2547 4048 2599 4086 ut

1580 4108 1648 4159 ab
1674 4108 2064 4163 Almeloveenio
2105 4108 2230 4164 'editi
2270 4126 2390 4165 sunt
2411 4152 2426 4177 ,
2463 4132 2600 4166 anno
