2857 4690
500 364 681 464 ·354

1094 364 1170 431 C.
1224 361 1565 429 PLINII
1613 362 2084 430 SECUNDI

534 500 853 584 honores,
882 519 1084 589 quam
1114 506 1450 589 peractos:
1484 493 1730 587 optime
1767 494 2185 588 magistratus
2220 494 2634 589 magistratu
2657 548 2686 583 ‚

456 626 491 676 9
530 604 784 674 honore
819 603 1038 672 honor
1066 602 1331 695 petitur.
1365 595 1542 669 Volo
1577 624 1732 693 eg0‚
1769 601 1884 693 qui
1919 600 2329 694 provinciam
2369 603 2643 670 rexerit
2661 656 2688 687 ‚

527 735 666 779 non
714 722 973 779 tantum
1022 703 1367 800 codicillos
1405 707 1808 793 amicorum,
1857 729 1982 799 nec
2029 705 2282 775 urbana
2334 707 2682 800 conjura-

526 818 709 887 tione
750 792 1110 883 eblanditas
1146 835 1407 907 preceS,
1449 809 1565 880 sed
1601 810 1868 881 decreta
1902 809 2306 881 coloniarum
2319 865 2341 898 ‚
2377 811 2680 883 decreta

527 923 871 991 civitatum
918 900 1195 1013 alleget.
1246 917 1413 985 bene
1475 916 1802 1011 suffragiis
1853 916 2300 987 consularium
2349 920 2678 991 virorum

526 1028 726 1095 urbes
736 1022 1043 1121 ,populi,
1072 1038 1299 1118 gentes
1324 1024 1746 1092 inseruntur:
1779 1021 2306 1093 efficacissimum
2333 1049 2452 1119 pro
2481 1050 2676 1095 can—

528 1132 751 1201 didato
792 1155 1001 1225 genus
1043 1142 1144 1200 est
1179 1128 1493 1231 rogandi,
1535 1130 1778 1223 gratias
1819 1152 2036 1222 agere.

635 1238 879 1307 LXXI.
908 1238 945 1305 J
948 1260 1057 1303 am
1084 1260 1217 1330 quo
1246 1258 1516 1303 assensu
1547 1248 1842 1322 semitm,
1868 1258 2000 1328 quo
2028 1234 2268 1329 gaudio
2295 1252 2672 1332 exceptum

528 1357 659 1430 est,
706 1366 913 1437 quum
962 1338 1357 1427 candidatis,
1400 1351 1478 1407 ut
1517 1364 1843 1434 quemque
1882 1342 2370 1429 nominaveraS,
2411 1345 2672 1415 osculo

528 1440 947 1517 occurreres!
978 1446 1265 1515 devexus
1298 1443 1566 1539 quidem
1599 1447 1667 1514 in
1703 1445 2004 1539 planum,
2039 1461 2108 1516 et
2142 1449 2324 1542 quasi
2352 1473 2528 1518 unus
2573 1476 2668 1520 ex

464 1588 491 1622 2
528 1552 1029 1648 gratulantibus.
1081 1554 1177 1621 Te
1219 1553 1424 1621 mirer
1471 1550 1710 1645 magis»,
1759 1576 1845 1620 an
1892 1552 2260 1647 improbem
2301 1551 2479 1641 illos,
2525 1560 2666 1651 qui

526 1658 927 1747 effecerunt,
960 1673 1037 1727 ut
1065 1656 1241 1727 istud
1268 1680 1584 1750 magnum
1613 1656 1994 1727 videretur?
2021 1683 2226 1753 quum
2252 1657 2432 1727 velut
2455 1660 2662 1731 affixi

527 1763 866 1835 curulibus
884 1765 1017 1835 suis
1037 1787 1307 1834 manum
1327 1776 1621 1851 tantum,
1647 1776 1715 1831 et
1733 1762 1909 1833 hanc
1928 1779 2316 1834 cunctanter
2333 1778 2402 1833 et
2422 1768 2662 1861 pigre,

458 1887 491 1939 3
526 1885 594 1939 et
631 1870 1106 1966 imputantibus
1144 1866 1421 1953 simileS,
1436 1883 1854 1988 promerent.
1896 1871 2194 1966 Contigit
2229 1896 2391 1967 ergo
2431 1872 2662 1944 oculis

525 1979 768 2047 nostris
792 1973 1051 2047 insolita
1086 1974 1321 2060 facies,
1348 1974 1666 2069 principis
1689 1976 1924 2069 aequati
1953 1976 2314 2047 candidatis
2347 1993 2415 2047 et
2444 1980 2656 2049 simul

524 2084 754 2153 stantis
804 2108 819 2149 :
870 2082 1149 2176 contigit
1196 2081 1438 2149 intueri
1488 2103 1716 2174 parem
1763 2082 2270 2176 accipientibuS‚
2316 2084 2654 2155 honorem

464 2284 473 2295 “
518 2296 833 2352 substituere
848 2296 1036 2350 eodem
1049 2299 1167 2371 jure
1186 2294 1365 2351 licebit
1376 2298 1536 2358 debet,

518 2377 667 2450 quod
689 2377 953 2429 sementim
970 2375 1137 2447 magis
1151 2375 1433 2428 convenire
1453 2374 1536 2428 vi-

518 2456 695 2508 detur.
718 2455 865 2508 Nihil
894 2454 1053 2508 audet
1077 2454 1416 2518 Arntzenius,
1441 2450 1537 2525 qui

519 2533 748 2586 absurde
760 2533 867 2585 huc
882 2535 1038 2586 refert
1051 2531 1369 2586 infinitivum
1384 2531 1536 2586 illum

518 2612 757 2666 historic»
797 2610 867 2662 G.
896 2641 966 2652 —
998 2609 1205 2682 Lipsius
1242 2613 1538 2682 conjecerat

496 2693 762 2763 tuquebit.
796 2689 910 2742 Hoc
944 2689 1192 2760 expressit
1228 2688 1493 2760 Gierigius
1517 2707 1532 2742 :

519 2783 571 2820 ee
596 2771 825 2836 liquebit,
855 2771 982 2820 ιιίΙιίΙ
1012 2772 1192 2837 magis,
1231 2781 1330 2821 etc.
1352 2805 1369 2831 ,
1407 2769 1535 2840 quia

516 2847 717 2900 Plinius
734 2847 801 2901 de
823 2846 1001 2901 futuro
1018 2859 1250 2920 tempore
1264 2847 1532 2919 loquatur,

516 2939 569 2980 et
592 2925 661 2979 de
686 2927 740 2980 vi
758 2967 774 2992 ,
806 2945 969 2999 quam
988 2925 1123 2980 illud
1148 2925 1446 2999 exemplum
1475 2926 1532 2979 in

516 3015 785 3076 posterum
801 3005 867 3059 sit
886 3005 1211 3059 habiturum.
1232 3005 1297 3057 E.

584 3103 639 3154 9.
670 3091 799 3134 Bene
813 3085 1081 3152 uasti-agiis.
1102 3085 1245 3138 Inter
1277 3083 1530 3155 suffragia

514 3175 725 3218 senatus
748 3200 765 3228 ,
792 3162 849 3214 in
888 3179 994 3234 quo
1028 3161 1317 3234 principem
1350 3164 1530 3216 locum

512 3241 709 3295 habent
734 3241 836 3293 viri
854 3241 1182 3304 consulares,
1204 3241 1339 3294 bene
1362 3253 1413 3294 et
1434 3241 1528 3295 de-

514 3339 637 3374 core
698 3320 999 3373 inseruntur
1052 3320 1206 3373 urbes
1228 3360 1245 3387 ‚
1300 3319 1482 3392 populi
1511 3358 1528 3384 ,

512 3410 692 3470 gentes
709 3439 725 3466 ,
750 3417 905 3451 suum
931 3398 1207 3470 presidem
1228 3398 1524 3452 laudantes.

514 3477 694 3530 Fuisse
716 3490 891 3529 autem
916 3487 1028 3531 tum
1054 3477 1111 3530 in
1142 3479 1527 3550 magistratibus

511 3557 761 3627 eligendis
797 3558 1021 3627 majores
1052 3567 1223 3627 partes
1264 3569 1476 3610 senatus
1505 3595 1522 3622 ,

510 3635 687 3688 nullas
706 3674 725 3700 ,
744 3633 789 3686 si
810 3653 843 3687 a
866 3634 1180 3690 solemnibus
1207 3635 1523 3707 quibusdam

511 3713 713 3771 umbris
738 3711 1032 3768 discesseris
1049 3753 1065 3778 ,
1092 3715 1277 3788 populi
1300 3753 1315 3780 ,
1348 3717 1434 3769 vel
1459 3737 1524 3770 ex

510 3789 615 3844 hoc
636 3793 755 3864 ipso
782 3791 959 3846 libello
981 3795 1103 3849 satis
1134 3807 1357 3849 constat.
1370 3795 1522 3850 Hanc
1561 3863 1566 3868 ,

509 3870 673 3941 Lipsii
698 3870 1052 3942 conjecturam
1074 3911 1090 3938 ,
1126 3875 1522 3946 comprobatam

508 3949 799 4004 Schwanio
817 3986 833 4012 ‚
858 3951 1233 4022 praeferendam
1258 3973 1355 4025 ego
1385 3972 1520 4027 quo·

508 4045 615 4100 que
637 4027 862 4082 arbitror
889 4029 1101 4083 lectioni
1126 4031 1381 4086 librorum
1407 4073 1422 4098 ,
1445 4040 1522 4086 Ne

506 4107 623 4178 (vel
649 4111 769 4178 Nae)
785 4142 797 4155 .
819 4144 832 4158 .
854 4145 867 4158 .
898 4109 1374 4183 inserantur(qu
1394 4113 1519 4168 reti·

1621 2306 1712 2348 net
1733 2332 1750 2360 ‚
1777 2294 1869 2349 sed
1891 2294 2195 2352 dubitanter
2210 2337 2226 2364 ,
2255 2298 2610 2370 Arutzenius)
2633 2340 2650 2367 ,

1621 2375 1824 2428 etiamsi
1844 2381 1922 2428 Ne
1940 2374 2070 2428 illud
2097 2376 2180 2430 vel
2198 2381 2293 2430 Νι·
2305 2381 2646 2434 asseverandi

1621 2471 1780 2506 sensu
1804 2452 1998 2506 sumas.
2021 2455 2090 2508 G.

1689 2533 1880 2586 LXXI.
1909 2551 1956 2586 1.
1983 2537 2204 2586 Deve-rus
2222 2537 2274 2586 in
2287 2539 2516 2603 planum.
2537 2537 2646 2592 De-

1619 2611 1876 2666 scendens
1923 2629 1954 2664 e
1997 2611 2248 2666 uibunali
2302 2613 2372 2667 ad
2417 2615 2642 2686 planum

1619 2690 1810 2744 solum.
1837 2689 1936 2745 Hic
1949 2708 2128 2744 sensus
2144 2690 2270 2744 huic
2293 2693 2415 2745 loco
2431 2695 2642 2766 aptissi-

1618 2785 1737 2822 mus
1768 2767 2013 2822 videtur:
2051 2787 2178 2822 nam
2213 2769 2288 2834 1⁰,
2318 2772 2396 2826 sic
2419 2772 2640 2828 demum

1615 2837 1760 2901 recte
1796 2846 1904 2900 dici
1941 2858 2110 2918 potest
2143 2853 2307 2901 osculo
2351 2871 2606 2904 aecem-ere
2619 2877 2640 2914 ,-

1619 2925 1678 2979 2⁶
1696 2926 1770 2980 sic
1794 2926 2008 2980 demum
2039 2929 2382 2984 memoranda
2417 2934 2642 2986 munitas

1615 2997 1970 3077 erat'Trajani
1985 3024 2002 3068 3
2033 3007 2091 3060 3⁰
2120 3007 2196 3060 sic
2223 3005 2440 3062 demum
2461 3031 2582 3064 unus
2609 3033 2640 3062 e

1609 3089 1972 3153 gratulantibus
2019 3084 2124 3138 dici
2167 3099 2396 3157 poterat.
2453 3091 2518 3144 E.
2563 3124 2634 3132 —

1615 3163 1838 3217 Omnem
1853 3163 1920 3217 de
1941 3183 2098 3218 sensu
2116 3163 2225 3218 loci
2251 3164 2635 3223 dubitationem

1612 3241 1766 3306 tollit,
1778 3243 1923 3315 quod
1932 3243 2186 3316 sequitur,
2189 3249 2432 3316 principis
2448 3255 2638 3318 aequad

1613 3323 1888 3374 candidatis
1909 3337 1958 3374 ec
1973 3326 2120 3375 simul
2133 3327 2328 3378 stantis.
2343 3327 2402 3378 S.

1683 3401 1736 3454 3.
1772 3403 2012 3468 Principis
2039 3405 2239 3470 aquati.
2273 3403 2420 3456 Nihil
2447 3405 2632 3460 melius

1613 3479 1753 3532 factu
1775 3481 2114 3546 occurrebat,
2145 3498 2308 3552 quam
2333 3481 2462 3537 dare
2484 3484 2630 3540 hunc

1610 3558 1788 3610 locum
1806 3599 1823 3625 ,
1851 3558 2062 3630 qualem
2095 3578 2157 3612 ex
2191 3559 2338 3614 libris
2366 3600 2383 3626 ,
2423 3564 2629 3618 vitiosis

1610 3637 1826 3712 quidem
1851 3638 2098 3692 omnibus
2112 3677 2129 3704 ,
2155 3639 2250 3692 sed
2281 3652 2464 3696 tamen
2495 3662 2626 3696 con-

1610 3717 1840 3771 cinnavit
1859 3717 2137 3772 commode
2166 3718 2237 3773 cl.
2263 3719 2586 3775 Schwarzius
2609 3741 2625 3774 :

1611 3815 1641 3849 a
1675 3815 1782 3868 quo
1821 3797 2124 3852 varietatem
2169 3817 2381 3852 omnem
2399 3837 2418 3863 ,
2451 3813 2506 3854 et
2537 3819 2624 3854 ra-

1609 3875 1774 3929 tiones
1790 3878 2025 3932 lectionis
2048 3877 2209 3951 hujus
2226 3879 2351 3933 licet
2371 3894 2622 3952 repetere.

1607 3955 1762 4007 G.--
1779 3955 2042 4029 Gierigius
2069 3976 2133 4012 ex
2165 3959 2255 4011 illa
2292 3960 2544 4014 varietate
2572 3971 2624 4012 et

1608 4035 1833 4107 vestigiis
1854 4037 2002 4091 MSS.
2028 4035 2101 4090 sic
2123 4035 2322 4096 edidit2
2345 4063 2369 4086 ι
2393 4039 2622 4110 Contigit

1607 4131 1733 4187 ergo
1757 4115 1925 4170 oculis
1951 4117 2144 4172 nostris
2163 4115 2368 4172 insolita
2399 4130 2524 4172 ante
2549 4117 2623 4170 fs·
