2857 4690
462 1587 496 1634 9

444 2479 505 2511 10

538 337 669 452 50¹
1098 337 1177 404 C.
1232 335 1574 404 PLINII
1627 336 1818 406 LIB.
1867 338 2092 405 VIII.

536 463 590 531 si
622 461 923 546 recedas3
948 474 1175 528 manet
1201 482 1391 528 amor
1410 484 1433 552 ς
1451 482 1532 528 ac
1563 459 1740 528 sicut
1760 458 1870 528 ille
1905 460 1977 528 in
2013 458 2284 548 odium,
2314 461 2426 529 hic
2451 462 2524 528 in
2557 485 2668 529 re-

532 577 899 644 verentiam
941 573 1248 643 vertitur.
1284 575 1381 640 Te
1419 595 1580 639 vero
1619 571 1822 640 etiam
1860 585 2061 665 atque
2095 571 2298 640 etiam
2337 569 2670 665 (repetam

532 680 743 776 enim)
776 683 1155 752 meminisse
1196 695 1468 776 oportet
1506 679 1714 751 officii
1760 683 1861 750 tui
1911 679 2222 769 titulum,
2259 705 2338 752 ac
2371 682 2496 750 tibi
2537 682 2668 776 ipsi

530 795 991 890 interpretari,
1022 791 1217 888 quale
1246 807 1710 886 quantumque
1745 794 1830 862 sit
1865 793 2178 862 ordinare
2211 807 2460 862 statum
2497 792 2670 862 libe-

530 929 761 974 rarum
812 905 1181 974 civitatum.
1235 905 1409 973 Nam
1467 895 1632 997 quid
1685 903 2108 974 ordinatione
2157 902 2458 974 civilius?
2499 903 2670 998 quid

531 1015 837 1085 libertate
862 1013 1262 1111 pretiosius?
1298 1017 1511 1084 Porro
1537 1037 1740 1107 quam
1768 1030 1964 1110 turpe
1983 1069 2004 1102 ,
2025 1016 2083 1084 si
2113 1014 2452 1084 ordinatio
2471 1036 2671 1083 ever·-

530 1127 748 1212 sione,
773 1124 1043 1195 libertas
1078 1125 1403 1194 servitute
1441 1125 1790 1194 mutetur?
1817 1123 2132 1210 Accedit,
2157 1122 2339 1218 quod
2377 1123 2502 1192 tihi
2525 1148 2671 1193 cer-

530 1251 757 1306 tamen
799 1251 900 1306 est
940 1227 1159 1306 fecum
1199 1262 1215 1303 ε
1257 1252 1497 1305 onerat
1539 1253 1606 1307 te
1653 1250 2004 1332 quaesturae
2039 1248 2170 1304 tuae
2209 1233 2424 1322 fama,
2463 1257 2670 1328 quam

530 1372 611 1416 ex
640 1346 951 1442 Bithynia
976 1347 1304 1442 optimam
1332 1348 1642 1417 revexisti
1671 1373 1687 1415 ε
1719 1360 1958 1416 onerat
1991 1345 2450 1416 testimonium
2477 1345 2671 1440 prin-

531 1458 700 1551 cipis
735 1481 753 1526 t
792 1471 1028 1527 onerat
1070 1458 1482 1542 tribunatus,
1517 1473 1809 1553 praetura
1826 1513 1845 1546 ‚
1878 1470 2080 1550 atque
2115 1455 2258 1524 haec
2291 1457 2436 1549 ipsa
2481 1453 2672 1550 lega-

534 1566 668 1653 tio,
705 1568 894 1660 quasi
938 1567 1325 1661 praemium,
1358 1566 1536 1636 data.
1576 1568 1736 1656 Quo
1779 1567 1988 1661 magis
2020 1565 2369 1635 nitendum
2407 1579 2541 1652 est,
2582 1591 2671 1634 ne

533 1678 603 1743 in
652 1674 1021 1769 longinqua
1063 1677 1437 1771 provincia,
1470 1701 1673 1771 quam
1718 1677 2144 1762 suburbana3
2182 1701 2269 1744 ne
2309 1675 2488 1768 inter
2529 1701 2670 1745 ser-

535 1787 819 1873 vientes,
845 1811 1046 1880 quam
1085 1785 1373 1876 liberos3
1401 1813 1490 1856 ne
1525 1803 1737 1876 sorte,
1766 1812 1968 1882 quam
1997 1786 2250 1881 judicio
2277 1788 2558 1876 missus3
2585 1813 2674 1856 ne

534 1896 719 1966 rudis
744 1912 812 1966 et
840 1898 1251 1993 incognitae„
1275 1923 1480 1995 quam
1509 1897 1892 1994 exploratus
1921 1897 2405 1992 probatusque,
2429 1897 2673 1968 huma-

535 2012 719 2099 nior,
756 2011 1027 2096 melior,
1062 2014 1343 2109 peritior
1390 2014 1592 2084 fuisse
1633 2013 1918 2086 videaris
1953 2041 1968 2081 ε
2009 2037 2220 2108 quum
2257 2012 2343 2081 sit
2379 2011 2669 2107 alioqui,

536 2139 615 2192 ut
646 2149 818 2220 saepe
850 2123 1134 2212 audisti,
1172 2149 1343 2219 saepe
1388 2123 1640 2218 legisti,
1671 2122 1888 2192 multo
1925 2123 2290 2191 deformius
2329 2122 2641 2190 amittere
2657 2175 2677 2204 ‚

538 2258 741 2327 quam
769 2259 909 2302 non
938 2233 1212 2327 adsequi
1237 2233 1529 2304 laudem.
1560 2238 1721 2304 Haec
1750 2232 1952 2302 velim
1983 2232 2214 2302 credas
2237 2229 2449 2326 (quod
2476 2232 2674 2302 initio

538 2342 730 2439 dixi),
745 2344 1079 2439 scripsisse
1098 2368 1206 2412 me
1226 2342 1728 2432 admonentem,
1745 2369 1884 2413 non
1903 2341 2678 2466 praecipientem,quam-

538 2480 739 2549 quam
759 2455 1257 2549 praecipientem
1274 2480 1567 2551 quoque.
1592 2398 1866 2579 Quippe
1891 2474 2032 2523 non
2054 2478 2322 2540 vereor,
2350 2453 2419 2522 in
2445 2478 2678 2523 amore

540 2588 627 2633 ne
658 2564 933 2633 modum
968 2566 1381 2635 excesserim.
1416 2569 1655 2661 Neque
1689 2568 1871 2637 enim
1903 2563 2276 2660 periculum
2301 2578 2438 2649 est,
2463 2588 2550 2632 ne
2585 2564 2680 2632 sit

544 2677 827 2745 nimium
844 2676 1075 2770 ‚quod
1110 2700 1251 2747 esse
1276 2680 1640 2747 maximum
1669 2676 1889 2747 debet.
1919 2674 2109 2745 Vale.

626 2880 657 2927 8
687 2878 796 2926 Tibi
811 2890 1055 2926 cet-tamen
1072 2890 1144 2926 est
1159 2891 1333 2928 tecum.
1353 2876 1560 2929 Curan·
1731 2892 1787 2943 9.
1807 2878 2110 2927 &barbana-
2120 2873 2403 2945 provincioe
2422 2873 2680 2927 diceban-

547 2954 676 3007 dum
693 2968 745 3007 et
763 2953 1108 3007 annitendum
1133 2955 1228 3006 tibi
1244 2968 1321 3008 cst
1336 2996 1351 3021 ‚
1372 2967 1430 3006 ut
1446 2972 1565 3025 par-
1661 2966 1747 3007 tur
1777 2954 2030 3006 Romanis
2069 2953 2270 3005 vicinae.
2303 2952 2409 3006 En.
2437 2984 2508 2995 —
2537 2960 2682 3007 Sorte

548 3048 657 3085 tam
676 3034 805 3085 olim
828 3034 1023 3085 famam
1048 3046 1101 3085 et
1130 3036 1431 3105 opinionem
1454 3033 1562 3093 vii·-
1659 3034 2004 3087 mittebantur
2019 3046 2334 3105 quantem,
2361 3032 2518 3105 legati
2537 3038 2684 3103 jado·—

550 3114 675 3165 tntis
705 3112 903 3166 tuearis
936 3124 991 3164 et
1021 3130 1311 3167 conserves.
1345 3114 1464 3166 Iam
1505 3132 1562 3165 a
1661 3116 1737 3165 cio
1755 3112 2030 3185 principis.
2044 3113 2146 3165 Eu.

550 3212 675 3245 cura
708 3192 869 3244 habet
898 3190 1104 3262 aliquid
1136 3192 1385 3245 molestia
1404 3232 1420 3260 ,
1440 3192 1566 3264 quia
1739 3198 2162 3253 10.1vonvemor,
2188 3195 2239 3243 in
2265 3180 2448 3243 mie.
2477 3192 2654 3246 Siom

552 3270 743 3344 agendi
792 3271 1083 3324 libertatem
1126 3272 1276 3342 quasi
1327 3282 1530 3323 coercet
1547 3307 1563 3333 ,
1661 3272 1790 3325 nino
1807 3283 2080 3342 peccatum
2102 3288 2134 3323 a
2153 3290 2239 3323 me
2259 3270 2322 3323 sit
2339 3270 2527 3342 ,quod
2547 3291 2684 3344 pm·

552 3370 620 3405 ne
664 3351 792 3423 quid
838 3368 1055 3423 agamus
1073 3391 1089 3417 ,
1118 3349 1262 3422 quod
1293 3368 1415 3404 cum
1457 3351 1564 3402 vita
1661 3353 1840 3423 cipere
1853 3350 1950 3402 tihi
1969 3368 2127 3403 ausus
2143 3368 2292 3403 snm:
2316 3362 2370 3400 at
2385 3348 2553 3403 illud
2535 3370 2592 3402 in
2614 3372 2683 3405 eo

554 3444 675 3482 ante
694 3444 809 3483 acta
838 3442 1052 3502 pugnet.
1082 3431 1219 3485 Hinc
1246 3430 1333 3483 ina
1358 3449 1372 3482 ε
1394 3444 1568 3481 onercn
1665 3430 1820 3483 fuerit
1831 3442 2104 3501 peccatum
2117 3467 2134 3493 ,
2147 3428 2364 3501 quodin
2376 3446 2556 3482 autore
2569 3448 2683 3483 mo-

556 3524 603 3559 te
614 3524 867 3575 quoesturoe
880 3513 1146 3580 tuaefama,
1162 3526 1336 3562 onerat
1348 3513 1565 3560 eescimo-
1663 3508 1792 3561 dum
1811 3510 2023 3561 excessi.
2039 3510 2070 3560 J
2071 3526 2158 3560 am
2171 3527 2299 3561 vero
2313 3512 2512 3559 modum
2523 3528 2680 3563 exce-

557 3590 687 3637 m'um
706 3591 947 3655 mincipis.
969 3590 1032 3641 E.
1664 3586 1789 3640 dere
1809 3588 1862 3640 in
1881 3606 2060 3641 amore
2079 3606 2236 3641 nemo
2253 3600 2445 3659 potest.
2467 3587 2535 3640 G.

1221 3816 2000 3849 *40*—
