2857 4690
786 375 1296 445 PANEGYR..
1351 375 1575 444 CAP.
1630 379 1835 446 XIV.

2242 383 2384 482 259

235 503 618 596 risque‚.ut
661 496 1030 584 auderent;
1080 511 1150 566 et
1185 495 1525 566 audebant
1553 497 1695 592 jam
1728 527 1745 569 ι
1800 527 2009 596 quum
2048 521 2387 601 spectator

235 611 760 702 moderatorque
795 607 1176 678 ineuntium
1215 609 1585 677 certamina
1600 611 1945 701 ‘virorum,
1984 639 2169 684 arma
2204 641 2387 686 com-

235 746 529 815 poneres
551 773 572 807 ,
609 717 740 788 tela
774 732 1102 805 tentareS,
1129 740 1210 786 ac
1241 718 1296 786 si
1325 717 1511 810 quod
1547 718 1780 790 durius
1808 724 2158 818 accipienti
2199 729 2387 796 vide.-

237 847 426 918 retur
439 884 459 914 ,
479 833 622 924 ipse
640 827 954 897 vibrares.
975 826 1164 914 Quid
1183 851 1394 920 quum
1413 826 1725 898 solatium
1740 830 1923 900 fessis
1938 886 1957 920 ,
1979 835 2169 928 aegris
2190 861 2387 931 opem
2424 865 2455 919 3

237 933 494 1011 ferres?
519 964 660 1009 non
689 938 814 1008 tibi
847 938 1053 1006 moris
1094 950 1211 1004 tua
1247 935 1419 1005 inire
1458 937 1780 1028 tentoria,
1822 943 1951 1010 nisi
1990 944 2388 1016 commilito-

240 1077 406 1122 num
429 1065 590 1120 ante
610 1049 990 1134 lustrasses3
1016 1070 1142 1114 nec
1173 1047 1471 1141 requiem
1498 1051 1805 1142 corpori,
1824 1053 1951 1122 nisi
1986 1068 2139 1148 post
2157 1078 2390 1125 omnes

245 1163 428 1232 dare.
469 1167 618 1232 Hac
656 1159 828 1227 mihi
865 1156 1310 1226 admiratione
1350 1154 1596 1251 dignus
1633 1159 2003 1253 imperator
2033 1187 2173 1231 non
2205 1164 2389 1233 vide.-
2427 1189 2459 1246 4

247 1289 460 1356 retur,
487 1273 542 1340 si
593 1272 768 1338 inter
809 1267 1181 1350 Fabricios,
1217 1281 1288 1336 et
1328 1267 1712 1360 ScipioneS,
1748 1285 1817 1339 et
1862 1272 2185 1342 Camillos
2241 1273 2392 1344 talis

245 1397 442 1454 esset.
476 1387 674 1452 Tunc
705 1381 884 1449 enim
921 1377 1111 1446 illum
1149 1377 1542 1447 imitationis
1571 1378 1804 1466 ardor,
1830 1407 2224 1478 semperque
2253 1410 2391 1453 me·
2433 1395 2462 1446 5

245 1493 373 1564 lior
418 1491 664 1586 aliquis
697 1488 1108 1560 accenderet.
1135 1491 1503 1582 Postquam
1532 1514 1692 1558 vero
1724 1493 2019 1562 studium
2050 1509 2395 1564 armorum

245 1631 284 1674 a
311 1601 630 1673 manibus
665 1601 752 1670 ad
789 1597 1054 1684 ocuIOS,
1089 1597 1177 1666 ad
1202 1597 1619 1693 voluptatem
1658 1625 1695 1669 a
1732 1600 1961 1671 labore
1997 1605 2396 1676 translatum

247 1731 384 1801 est3
420 1728 778 1810 postquam
823 1709 1410 1780 exercitationibus
1448 1711 1695 1780 nostris
1746 1736 1885 1781 non
1923 1729 2397 1786 veteranorum

249 1825 526 1920 aliquiS,
553 1823 665 1893 cui
700 1822 900 1892 decus
925 1818 1200 1889 muralis
1235 1833 1354 1887 aut
1383 1819 1633 1905 civica,
1662 1821 1778 1889 sed
1815 1823 2162 1892 Graecul‘us
2190 1829 2402 1920 magi-

251 1951 384 2004 ster
427 1934 675 2004 assistit
695 1986 713 2019 ‚
735 1956 940 2025 quam
971 1953 1291 2024 magnum
1320 1941 1454 2012 est,
1485 1952 1695 1996 unum
1727 1956 1809 1998 ex
1833 1933 2148 2039 omnibus
2176 1949 2329 2028 pati
2337 1936 2401 2004 io

253 2069 472 2126 more,
503 2067 566 2138 p
551 2043 722 2111 atria
759 2041 1008 2109 virtute
1039 2038 1283 2126 laetari,
1321 2052 1386 2107 et
1417 2038 1563 2106 sine
1597 2039 1869 2128 aemule,
1898 2029 1977 2110 ac
2009 2043 2153 2111 sine
2184 2068 2401 2112 exem-

257 2155 406 2249 plo
411 2177 640 2222 secum
685 2164 984 2236 certare,
1025 2173 1252 2217 secum
1297 2146 1737 2234 contendere,
1779 2173 1857 2218 ac
1901 2151 2074 2219 sicut
2114 2151 2399 2246 imperat

255 2263 471 2351 soluS‚
509 2261 728 2331 solum
767 2261 860 2328 ita
898 2285 1080 2344 esse,
1119 2259 1236 2353 qui
1273 2256 1513 2328 debeat
1546 2247 1907 2355 imperare!

347 2375 541 2443 XIV.
571 2374 814 2442 Nonne
839 2368 1272 2439 incunabula.
1280 2367 1422 2437 haec
1449 2369 1605 2455 tibi,
1630 2374 1886 2459 Caesar,
1908 2388 1977 2441 et
2000 2374 2403 2459 rudimenta,

255 2510 469 2580 quum
508 2508 682 2579 puer
708 2480 1072 2551 admodum
1098 2478 1412 2550 Parthica
1445 2478 1637 2550 lauro
1667 2480 1948 2577 gloriam
1979 2486 2188 2579 patris
2216 2512 2407 2581 auge-

255 2713 423 2783 potuit
459 2710 705 2765 consulto
749 2710 1021 2763 efficacius
1061 2708 1283 2761 verbum

251 2792 492 2865 Trajano
505 2790 770 2845 tribuisse.
789 2790 928 2842 Eu.

329 2892 379 2925 ι.
425 2880 588 2925 Arma
627 2888 954 2938 componeres.
1001 2866 1076 2918 Ut
1111 2876 1284 2918 essent

253 2950 480 3024 aqualia
505 2951 782 3021 utriusque
809 2947 994 3020 partis.
1013 2946 1083 3000 G.

327 3032 382 3085 5.
413 3034 502 3082 Ad
519 3032 701 3081 oeulos.
735 3026 816 3080 Ad
850 3024 1144 3097 spectacula
1176 3023 1286 3094 gla-

255 3109 526 3163 diatorum
545 3107 757 3180 publicu
777 3117 830 3159 et
845 3107 1070 3177 privata.
1089 3102 1286 3156 simitu

257 3190 470 3261 querela
488 3186 862 3262 jamVarronis
878 3188 938 3237 R.
951 3186 1013 3237 R.
1029 3184 1106 3246 11,
1122 3202 1206 3254 pr.
1223 3184 1281 3236 3·

259 3275 442 3321 Manus
481 3286 670 3319 movere
705 3270 985 3317 maluerunt
1013 3267 1062 3315 in
1093 3266 1284 3314 theatm

260 3352 464 3401 accit-eo
481 3387 498 3409 ,
517 3330 670 3415 qieam
689 3349 740 3397 in
751 3348 988 3413 segetibus
1011 3362 1074 3394 ae
1091 3344 1286 3394 vinetis.

257 3427 324 3481 G.
335 3458 410 3471 —-
421 3430 649 3479 Mur-alis.
661 3426 899 3477 Dabatnr
915 3425 964 3477 ei
979 3424 1073 3496 qui
1088 3423 1290 3494 primus

257 3526 472 3559 murum
525 3504 902 3561 adscendisset.
939 3502 1065 3555 Erat
1110 3514 1288 3555 autem

261 3586 608 3639 obsidionalis
615 3604 680 3637 ex
691 3584 846 3637 viridi
857 3582 1289 3654 gramine‚civica

261 3683 322 3717 ex
339 3684 548 3737 quercu
567 3676 660 3717 aut
678 3663 818 3716 ilice.
837 3664 940 3715 En.
955 3665 1290 3713 -Grceculm

261 3749 506 3814 magister.
525 3743 777 3797 Palaestrie
795 3743 852 3795 in
871 3740 1177 3815 gymnasiis,
1197 3742 1290 3794 ali-

261 3836 403 3895 ptes,
433 3842 522 3876 res
553 3822 740 3877 Graeca
769 3840 782 3875 ε
823 3820 964 3874 unde
999 3822 1184 3876 Senec.
1225 3820 1292 3873 de

1379 2719 1435 2759 et
1456 2722 1553 2761 suo
1574 2726 1723 2763 more
1748 2710 1957 2783 Lipsius
1982 2711 2237 2785 disputat,
2250 2715 2409 2772 diesi·

1379 2786 1672 2860 dentesque
1698 2790 1833 2843 inter
1850 2810 1907 2844 se
1924 2793 2238 2865 scriptorum
2263 2796 2409 2852 locos

1379 2868 1665 2921 conciliare
1686 2868 1881 2922 studet.
1909 2871 1992 2941 Ad
2020 2873 2165 2926 hunc
2192 2875 2407 2946 quidem

1381 2945 1536 2997 Plinii
1575 2946 1751 2999 locum
1793 2966 1987 3019 parum
2028 2952 2223 3017 refert,
2272 2955 2409 3009 sitne

1379 3026 1559 3077 Romoe
1582 3037 1741 3078 natus
1764 3028 2033 3099 TraJanus
2057 3049 2125 3082 an
2150 3032 2205 3083 in
2224 3032 2411 3105 Hispa-

1379 3104 1492 3157 nia.
1514 3107 1783 3157 Romanus
1796 3107 1937 3160 enim
1956 3126 2072 3161 mos
2088 3110 2165 3161 illi
2186 3113 2407 3181 patrius,

1381 3203 1445 3237 ex
1470 3202 1580 3256 quo
1614 3186 1747 3237 civis
1781 3187 2047 3241 Romanus
2078 3190 2212 3252 fuit,
2240 3194 2409 3264 tnagis

1383 3264 1573 3331 etiam,
1603 3283 1667 3317 ex
1694 3284 1803 3337 quo
1823 3268 2010 3320 Nerva
2033 3268 2191 3321 filius.
2222 3271 2290 3323 G.

1458 3344 1611 3396 XIV.
1640 3362 1687 3396 1.
1712 3348 1945 3397 Parthica
1970 3350 2130 3399 lauro.
2150 3348 2411 3405 Memoria

1385 3423 1561 3476 omnis
1603 3424 1763 3495 hujus
1800 3424 2027 3477 victoria:
2051 3466 2067 3491 ,
2112 3439 2411 3497 partorum·

1385 3522 1492 3575 que
1530 3522 1593 3556 ea
1632 3502 2030 3573 triumphalium
2068 3520 2409 3562 ornamento-

1383 3601 1541 3646 rum,
1588 3581 1691 3635 alia
1732 3578 2014 3635 intercidit.
2056 3582 2411 3657 Triumphum

1383 3663 1597 3733 proprie
1622 3661 1825 3714 dictum
1848 3680 1959 3714 non
1982 3674 2137 3729 est-ut
2157 3664 2417 3737 intelliga-

1387 3760 1539 3805 mus,
1566 3758 1713 3803 rem,
1744 3758 1905 3811 quam
1942 3741 2285 3813 imperatores
2314 3748 2413 3801 sibi

1389 3820 1813 3881 vindicaverant,
1824 3838 1855 3872 a
1869 3838 1977 3891 quo
1988 3832 2226 3895 tempore
2236 3828 2419 3898 Agrip-

263 3903 455 3956 Brevit.
475 3902 594 3953 vitm
613 3940 629 3964 ‚
664 3922 783 3974 cap.
805 3902 942 3955 XII:
970 3906 1050 3953 Ne
1065 3906 1295 3953 Romana
1389 3920 1462 3972 pa
1482 3901 1579 3953 sihi
1604 3898 1841 3951 debitum
1866 3900 2145 3954 intermisit
2164 3906 2227 3957 A.
2252 3907 2321 3959 U.
2349 3910 2413 3961 C.

265 3986 488 4051 quidem,
518 3984 612 4033 sed
637 3986 818 4033 Gra-ca
839 3985 975 4033 vitia
1002 3994 1158 4036 vocat
1172 4020 1190 4045 ,
1215 4000 1293 4033 se-

1393 3978 1653 4053 740.Vid.
1670 3978 1825 4031 Dion.
1850 3978 1943 4033 lib.
1959 3982 2107 4050 LIV,
2132 4002 2185 4053 p.
2204 3984 2330 4049 538,
2348 3989 2412 4041 1).

264 4064 378 4112 dere
401 4066 456 4113 in
481 4076 760 4121 ceromate,
791 4073 891 4114 etc.
920 4060 991 4113 G.
1025 4092 1096 4101 —
1121 4064 1296 4112 Patrio
1393 4059 1705 4131 Cogitabam
1735 4099 1752 4125 ,
1808 4078 1877 4111 an
1934 4059 2001 4113 ad
2049 4060 2418 4121 illustrandam

263 4160 412 4193 more.
439 4142 524 4195 De
541 4140 714 4211 patria
737 4140 957 4213 'l'rajani
983 4139 1070 4193 hic
1093 4140 1298 4193 erudite
1394 4140 1537 4193 hanc
1558 4137 1833 4193 victoriam
1856 4136 2055 4211 aliquid
2072 4140 2245 4195 valeat
2271 4162 2425 4199 num-

2000 4262 2115 4335 17.
