2857 4690
480 349 575 432 44

1058 348 1133 416 C.
1184 349 1524 417 PLINII
1574 351 1760 417 LIB.
1798 349 2018 417 VIII.

482 469 615 558 dit,
658 483 735 538 ut
776 493 855 537 eo
899 467 1005 538 die
1044 493 1239 538 mane
1288 472 1359 538 in
1404 469 1906 539 advocationem
1955 470 2238 539 subitam
2282 495 2606 564 rogarer:

481 578 661 673 quod
698 579 863 660 mihi
901 604 1196 650 caussam
1236 579 1686 675 praeloquendi
1721 580 1926 649 dedit.
1961 584 2125 650 Sum
2159 582 2334 649 enim
2371 580 2608 675 depre-

482 705 668 758 catus
687 742 706 776 ,
731 715 816 758 ne
850 690 997 784 quis
1034 705 1110 764 ut
1140 691 1620 760 irreverentem
1649 693 1870 786 operis
1901 707 2245 785 argueret,
2283 692 2464 786 quod
2501 717 2608 760 re-

482 799 839 888 citaturuS,
884 822 1290 895 quamquam
1334 816 1402 870 et
1441 801 1702 887 amiciS,
1737 815 1806 870 et
1839 802 2100 896 paucis,
2137 801 2314 870 idem
2362 803 2608 870 iterum

480 911 750 997 amicis,
785 910 931 979 foro
972 926 1039 980 et
1075 913 1359 1008 negotiis
1400 937 1536 982 non
1575 913 2061 981 abstinuissem.
2099 911 2388 1000 Addidi,
2425 912 2611 981 hunc

482 1021 785 1091 ordinem
813 1045 921 1090 me
949 1037 1015 1090 et
1040 1021 1109 1090 in
1134 1022 1486 1092 scribendo
1513 1025 1735 1118 sequi,
1763 1036 1838 1090 ut
1867 1023 2287 1091 necessitates
2314 1021 2615 1118 volupta-

484 1131 694 1218 tibus,
720 1133 887 1199 seria
914 1132 1231 1225 jucundis
1265 1133 1698 1222 anteferrem,
1733 1157 1811 1202 ac
1842 1134 2132 1226 primum
2167 1133 2432 1216 amicis,
2466 1147 2612 1200 tum

298 1302 311 1316 ,
412 1232 447 1296 4
483 1241 648 1310 mihi
670 1241 1049 1311 scriberem.
1073 1244 1279 1312 Liber
1300 1243 1425 1312 fuit
1447 1260 1514 1312 et
1537 1242 1874 1338 opusculis
1902 1244 2122 1312 varius
2145 1259 2214 1311 et
2231 1243 2483 1313 metris.
2507 1248 2612 1314 Ita

483 1350 804 1438 solemus,
836 1353 951 1446 qui
980 1353 1249 1447 ingenio
1277 1379 1516 1448 parum
1547 1353 1812 1422 fidimus
1831 1406 1849 1438 ,
1877 1355 2197 1423 satietatis
2233 1352 2610 1448 periculum

483 1459 727 1554 fugere.
755 1463 1057 1530 Recitavi
1092 1463 1301 1556 biduo
1340 1489 1357 1533 ε
1397 1462 1528 1533 hoc
1560 1487 1860 1533 assensus
1895 1464 2306 1533 audientium
2345 1465 2566 1558 exegit
2595 1492 2612 1532 ε

483 1587 551 1640 et
586 1587 809 1641 tamen
855 1589 930 1642 ut
974 1573 1083 1642 alii
1129 1588 1477 1644 transeunt
1511 1575 1849 1670 quaedam,
1890 1576 2386 1669 imputantque,
2428 1575 2616 1671 quod

484 1697 857 1770 transeant3
892 1687 985 1753 sic
1024 1709 1150 1779 ego
1189 1685 1356 1756 nihil
1399 1680 1750 1779 praetereO,
1789 1700 1990 1778 atque
2027 1686 2228 1752 etiam
2265 1709 2399 1754 non
2440 1709 2614 1778 prae-

485 1795 685 1863 terire
714 1819 853 1880 me,
891 1810 1117 1865 testor.
1154 1799 1337 1892 Lego
1374 1798 1554 1866 enim
1583 1797 1808 1865 omnia
1826 1849 1847 1882 ,
1875 1809 1951 1864 ut
1983 1799 2210 1864 omnia
2237 1796 2610 1865 emendem.

419 1907 447 1958 5
486 1904 689 1993 Quod
722 1907 1109 2000 contingere
1150 1933 1286 1976 non
1330 1921 1552 2002 potest
1591 1905 1798 1976 electa
1839 1905 2294 1975 recitantibus
2326 1908 2414 1975 At
2446 1903 2620 1974 illud

485 2013 881 2104 modestius,
920 2031 988 2084 et
1028 2015 1303 2088 sortasse
1341 2019 1752 2088 reverentius
1783 2017 1942 2086 :sed
1979 2016 2108 2085 hoc
2145 2015 2508 2110 simplicius
2543 2032 2616 2086 et

490 2127 858 2215 amantius3
886 2142 1069 2195 amat
1104 2129 1283 2196 enim
1307 2182 1325 2212 ,
1364 2129 1480 2222 qui
1517 2152 1586 2197 se
1619 2131 1712 2198 sic
1741 2130 1950 2198 amari
1982 2142 2209 2222 putat,
2240 2141 2316 2196 ut
2348 2127 2619 2196 taedium

487 2259 621 2302 non
666 2239 1103 2330 pertimescat.
1133 2236 1399 2331 Alioqui
1439 2237 1603 2331 quid
1632 2253 1948 2332 praestant
1975 2237 2261 2324 sodale5‚
2293 2240 2347 2306 si
2375 2263 2622 2308 conve·-

485 2347 681 2414 niunt
718 2344 1078 2440 voluptatis
1116 2372 1249 2416 suae
1294 2348 1576 2418 caussa?
1613 2349 1955 2419 Delicatus
1994 2376 2072 2419 ac
2111 2351 2341 2420 similis
2383 2352 2621 2445 ignoto

487 2470 619 2543 est,
648 2458 765 2549 qui
793 2458 988 2525 amici
1018 2457 1259 2527 librum
1292 2459 1546 2527 bonum
1577 2460 1830 2531 mavult
1859 2460 2124 2551 audire,
2149 2488 2348 2557 quam
2375 2460 2618 2530 facere.

418 2570 453 2617 6
488 2568 641 2636 Non
674 2564 941 2653 dubito,
966 2592 1208 2662 cupere
1244 2583 1334 2653 te,
1360 2594 1484 2662 pro
1511 2583 1743 2638 caetera
1771 2572 1900 2638 mei
1927 2572 2230 2656 caritate,
2253 2596 2450 2665 quam
2479 2596 2622 2640 ma-

491 2677 820 2746 turissime
859 2676 1075 2771 legere
1109 2679 1287 2748 hunc
1316 2680 1537 2749 adhuc
1565 2695 1896 2749 musteum
1930 2679 2197 2750 librum.
2226 2683 2435 2775 Leges
2457 2732 2476 2767 ,
2502 2680 2622 2749 sed

400 2806 403 2809 ’
490 2802 957 2877 retractatum3
984 2814 1128 2883 quae
1152 2816 1379 2860 caussa
1408 2790 1728 2861 recitandi
1753 2791 1908 2874 fuit3
1932 2807 1997 2860 et
2021 2806 2239 2860 tamen
2271 2817 2406 2861 non
2435 2789 2622 2860 nulla

483 2900 622 2993 jam
659 2924 739 2967 cx
774 2925 853 2968 eo
892 2903 1088 2971 nosti.
1126 2906 1286 2971 Haec
1323 2901 1425 2971 vel
1461 2902 1809 2971 emendata
1846 2918 2106 2996 postea,
2132 2901 2230 2972 vel
2272 2900 2482 2997 (quod
2518 2903 2624 2970 in-

562 3102 615 3155 3.
641 3105 871 3154 Caussam
890 3108 1247 3171 proeloquendi.
1278 3103 1421 3157 Ubi?
1449 3104 1504 3156 in

484 3180 782 3253 judicione,
816 3202 883 3237 an
908 3182 1053 3253 apud
1078 3182 1351 3237 audituros
1380 3184 1510 3237 reci-

492 3268 686 3315 tantem
700 3260 1351 3340 ?Putoposterius.Pa1-um
1364 3263 1508 3315 enim

491 3340 683 3394 decora
703 3341 761 3395 in
782 3343 901 3394 foro
920 3340 1011 3394 illa
1032 3353 1165 3393 esset
1185 3340 1500 3411 deprecatio.

492 3420 595 3475 Sed
624 3421 767 3493 apud
792 3424 1025 3493 privatos
1052 3422 1281 3483 amicos,
1312 3422 1506 3494 quibus

491 3511 745 3573 tanquam
776 3502 1037 3556 musicum
1070 3501 1285 3573 epulum
1315 3502 1508 3573 praebe-

495 3592 580 3633 tur
607 3599 637 3634 a
660 3582 931 3636 recitatore
950 3621 966 3647 ,
995 3581 1201 3635 videtur
1222 3582 1510 3635 excusatio·-

493 3678 614 3712 nem
644 3678 727 3712 res
757 3663 983 3727 mereri,
1020 3663 1065 3715 si
1094 3661 1213 3732 quis
1242 3679 1369 3715 voce
1396 3662 1510 3733 jam

492 3738 551 3790 in
573 3737 897 3792 soro'obtusa
912 3778 928 3805 ,
956 3741 1264 3812 imparatus,
1287 3752 1337 3794 et
1355 3740 1510 3812 quasi

494 3816 691 3881 obiter,
730 3830 887 3890 atque
922 3818 1057 3872 adeo
1094 3825 1403 3873 irreverenter
1437 3818 1506 3871 ad

492 3895 823 3951 recitandum
852 3898 1065 3953 accedat
1082 3940 1098 3965 ,
1134 3920 1300 3972 quum
1331 3900 1509 3973 exqui-

494 3977 591 4029 sita
614 3978 789 4030 omnia
816 3989 867 4031 et
884 3977 1115 4031 studiose
1133 3991 1314 4049 parata
1334 3994 1510 4051 exspe-

494 4067 637 4110 ctent
660 4057 835 4110 amici.
862 4056 930 4110 G.

563 4140 773 4189 -Idem
786 4136 1325 4193 iterum.Vehementer
1342 4138 1512 4211 probo

1605 3106 1962 3177 conjecturam
1993 3104 2192 3157 Barthii
2211 3142 2226 3167 ,
2253 3108 2381 3156 idem
2407 3108 2619 3156 interim.

1604 3183 1774 3237 Multo
1804 3202 1930 3237 sane
1957 3183 2287 3237 commodius
2315 3184 2387 3236 ita
2417 3184 2622 3255 legere·

1604 3282 1743 3316 mus.
1763 3263 1832 3315 G.

1676 3350 1728 3405 4.
1752 3349 2004 3410 Imputat-e
2021 3342 2119 3394 ista
2147 3354 2298 3397 aetate
2317 3342 2622 3413 frequenta-

1600 3436 1715 3476 tum
1737 3436 1815 3475 est
1835 3441 1932 3493 pro
1947 3463 1961 3487 ,
1991 3423 2044 3475 in
2076 3422 2274 3475 meritis
2301 3438 2586 3475 numerare
2604 3461 2622 3488 ,

1602 3522 1698 3575 pro
1723 3501 1980 3554 beneficio
2010 3501 2208 3554 habere
2223 3539 2239 3566 ,
2259 3519 2366 3572 quo
2395 3500 2622 3555 alterum

1604 3582 1698 3635 tibi
1717 3581 1934 3651 obliges.
1963 3581 2061 3634 En.

1675 3661 1726 3713 5.
1749 3664 2000 3713 Delicatus
2029 3681 2092 3711 ac
2117 3664 2287 3713 similis
2315 3664 2501 3729 ἰεποω.
2527 3665 2624 3713 Des

1604 3744 1776 3792 licam-5
1791 3752 1868 3793 est
1885 3781 1899 3805 ,
1915 3740 2010 3812 qui
2023 3756 2127 3791 suoe
2140 3751 2346 3791 tantum
2367 3736 2622 3807 voluptati

1604 3820 1762 3873 servit
1780 3860 1794 3885 ‚
1819 3818 1955 3871 nihil
1974 3820 2146 3873 facere
2164 3818 2233 3872 ad
2254 3818 2464 3873 alterius
2485 3835 2625 3869 com-

1603 3897 1820 3951 modum
1844 3900 1974 3953 vult.
1997 3902 2174 3949 Similis
2193 3902 2358 3967 ignoto
2373 3936 2390 3959 ‚
2410 3908 2621 3949 contra-

1604 3979 1714 4031 rius
1733 3976 1902 4030 sodali
1922 3978 2006 4031 vel
2023 3978 2213 4031 amico.
2229 3978 2354 4029 Mox
2369 3976 2624 4045 adjacere

1606 4057 1826 4129 intellig.
1856 4057 2056 4110 bonum
2082 4056 2278 4111 librum
2293 4095 2310 4121 ‚
2335 4054 2626 4113 emendam

1609 4134 1679 4190 do
1698 4174 1714 4201 ‚
1747 4135 2094 4191 consulendo.
2116 4134 2180 4189 E.
