2857 4690
826 377 1353 446 EPISTOLA
1406 376 1689 447 XXIL
2183 376 2302 449 131

230 584 2284 606 mmm-vummmsmmmmmmmmmmmmmm
2303 586 2318 606 ἱ

933 774 1233 863 XXII.
1300 773 1570 894 (vn)

270 1000 484 1059 Gratias
513 1000 634 1081 agit
661 1018 773 1078 pro
800 998 1157 1078 impetratis,
1182 1020 1310 1077 quae
1340 1015 1679 1078 rogaverat,
1707 1016 1766 1060 et
1789 1003 2240 1063 Alexandrinam

644 1114 882 1173 quoque
910 1096 1203 1157 civitatem
1227 1097 1530 1175 iatraliptae
1555 1117 1665 1157 suo
1695 1100 1855 1177 petit.

962 1280 1154 1347 (Conf.
1184 1298 1267 1350 ep.
1299 1288 1363 1344 4,
1392 1290 1445 1331 et
1471 1283 1557 1345 5.)

785 1481 845 1527 C.
900 1481 1261 1527 PLINIUS
1310 1482 1737 1531 TRAJANO.

286 1664 459 1733 Aoo
496 1662 781 1756 gratias,
820 1661 1149 1747 Domine,
1186 1661 1373 1756 quod
1412 1676 1481 1729 et
1515 1663 1628 1756 jus
1665 1665 2038 1753 Quiritium
2074 1666 2330 1743 libertis

204 1774 571 1845 necessaria
618 1771 787 1841 mihi
826 1771 1126 1857 feminae,
1174 1786 1243 1841 et
1288 1773 1629 1845 civitatem
1659 1777 2036 1851 Romanam
2064 1780 2330 1875 Harpo-

200 1886 353 1955 crati
372 1936 393 1967 ‚
449 1881 803 1977 iatraliptae
855 1907 1008 1953 meo
1031 1936 1050 1971 ‚
1100 1882 1243 1953 sine
1288 1906 1480 1959 mora
1527 1882 1880 1959 indulsisti.
1935 1886 2070 1960 Sed
2117 1913 2330 1983 quum

202 2016 401 2065 annos
434 1994 581 2088 ejus
622 2009 689 2063 et
724 2018 1032 2077 censum,
1074 1991 1249 2063 sicut
1286 2017 1732 2087 praeceperam,
1769 1993 2068 2085 ederem,
2103 1996 2330 2070 admo-

202 2105 370 2175 nitus
418 2131 569 2175 sum
616 2130 661 2177 a
698 2104 1129 2199 peritioribus
1148 2158 1168 2193 ‚
1216 2102 1526 2173 debuisse
1572 2129 1682 2175 me
1731 2120 1890 2175 ante
1929 2107 1992 2175 ei
2032 2104 2334 2179 Alexan-

202 2212 455 2284 drinam
487 2217 827 2285 civitatem
868 2216 1262 2308 impetrare,
1293 2213 1535 2283 deinde
1563 2218 1978 2304 Romanam,
2011 2218 2333 2312 quoniam

203 2342 360 2396 esset
392 2328 764 2422 AEgyptius.
799 2328 944 2420 Ego
974 2340 1233 2412 autem,
1260 2324 1419 2420 quia
1443 2326 1619 2395 inter
1650 2326 1994 2421 AEgyptios
2030 2342 2334 2398 caeteros-
2373 2361 2400 2392 2

204 2463 325 2534 que
366 2438 759 2534 peregrinos
795 2435 965 2504 nihil
1002 2439 1321 2505 interesse
1361 2436 1714 2506 credebam
1737 2492 1757 2524 ,
1795 2453 2154 2509 contentus
2185 2439 2332 2510 fue·

206 2573 335 2617 ram
382 2549 515 2618 hoc
558 2546 775 2618 solum
824 2547 1115 2618 scribere
1170 2547 1291 2616 tibi
1311 2600 1330 2632 ‚
1386 2571 1544 2616 eum
1600 2547 1854 2619 scilicet
1895 2575 1932 2618 a
1977 2553 2336 2648 peregrina

206 2659 717 2748 manumissum,
756 2672 1244 2752 patronamque
1286 2656 1434 2751 ejus
1473 2659 1614 2750 jam
1657 2658 1919 2753 pridem
1959 2660 2333 2732 decessisse.

206 2769 301 2837 De
336 2793 471 2864 qua
505 2769 889 2864 ignorantia
924 2791 1075 2836 mea
1111 2790 1250 2834 non
1286 2791 1572 2861 queror,
1613 2792 1736 2863 per
1769 2795 1974 2864 quam
2011 2775 2226 2861 stetit,
2259 2788 2340 2842 ut

206 2879 319 2948 tibi
368 2903 497 2973 pro
542 2877 779 2946 eodem
824 2878 1114 2961 homine,
1145 2877 1385 2972 saepius
1430 2876 1784 2973 obligarer.
1834 2883 2029 2976 Rogo
2077 2884 2338 2979 itaque,

208 3003 273 3058 ut
306 2987 639 3058 beneficio
681 3003 800 3058 tuo
844 2986 1143 3083 legitime
1185 2987 1319 3058 frui
1360 2989 1648 3082 possim,
1688 2988 1944 3060 tribuas
1985 2992 2048 3060 ei
2085 3007 2154 3060 et
2189 2993 2340 3063 Ale-

268 3187 445 3242 XXH.
472 3207 523 3244 ι.
548 3195 719 3240 Annos
730 3208 958 3240 .......
958 3203 983 3240 t
1008 3207 1218 3241 censum.
1318 3185 1652 3260 gratificandi
1673 3225 1690 3252 ,
1747 3189 1880 3242 mihi
1931 3203 2056 3244 nata
2111 3191 2193 3244 bis
2251 3194 2346 3246 tihi

210 3265 323 3320 Hac
346 3268 489 3321 enim
524 3267 781 3338 pofessio
810 3267 1103 3322 necessaria
1120 3306 1137 3334 ‚
1164 3279 1221 3320 ut
1318 3267 1514 3340 gratias
1555 3266 1745 3342 agendi
1789 3269 2018 3340 occasio.
2065 3269 2170 3324 Sed
2212 3269 2346 3326 inud

210 3347 461 3400 scribatur
484 3347 682 3419 aliquis
707 3348 761 3400 in
788 3348 981 3400 tabulis
1006 3365 1225 3400 censua-
1319 3364 1458 3398 nove
1499 3344 1702 3399 dictum
1717 3383 1734 3410 ,
1765 3367 1862 3415 per
1898 3369 2048 3416 quam
2086 3355 2244 3413 stetit,
2292 3370 2348 3406 ut

212 3424 357 3479 libus.
372 3429 575 3480 Notum
588 3446 655 3479 ex
664 3426 905 3480 oratione
914 3446 1011 3495 pro
1032 3429 1221 3477 Archia
1322 3428 1582 3494 obligant.
1607 3426 1786 3490 Quum
1804 3427 2016 3478 enimin
2032 3427 2134 3481 hac
2150 3430 2348 3485 formu-

212 3509 375 3558 Poeta.
402 3505 475 3558 G.
1322 3504 1375 3562 la
1392 3543 1407 3567 ,
1422 3507 1564 3560 sedit
1575 3505 1706 3560 alias
1725 3505 1834 3560 vim
1854 3524 2002 3560 suam
2014 3508 2240 3563 retineat
2251 3549 2268 3574 ‚
2287 3525 2348 3565 ut

274 3605 327 3636 2.
370 3591 467 3635 Per
502 3604 657 3652 quam
706 3589 863 3644 stetit,
912 3599 969 3634 ue
1004 3587 1095 3634 eibi
1122 3603 1219 3650 pro
1322 3583 1392 3637 sit
1414 3586 1651 3644 substitit,
1681 3603 1780 3635 non
1799 3605 2109 3655 progressum
2135 3605 2228 3650 ese,
2259 3595 2348 3643 im-

212 3667 371 3716 eode-
404 3668 608 3718 homine
631 3675 729 3718 etc.
770 3662 995 3734 Elegans
1038 3661 1229 3715 erroris
1316 3667 1542 3731 peditum
1582 3679 1684 3725 αντ,-
1726 3682 1836 3716 non
1877 3679 2169 3738 sequuntur
2204 3671 2350 3744 apud

212 3744 285 3796 mi
316 3745 601 3798 excusatio.
644 3743 763 3796 Non
804 3761 1001 3813 queror
1042 3741 1109 3794 de
1150 3759 1229 3794 er-
1326 3743 1605 3815 nntiqnos‚
1634 3753 1892 3815 quantum
1921 3747 2346 3814 observaverim,

212 3839 326 3877 rute
356 3841 507 3887 meo,
538 3841 711 3894 quum
748 3837 861 3874 non
894 3839 1005 3874 uno
1046 3821 1231 3876 libello
1324 3823 1427 3878 nisi
1459 3823 1628 3878 verbu
1649 3823 1910 3895 negativa.
1947 3825 2148 3882 Habuit
2170 3840 2350 3884 tamen

212 3902 335 3972 petii
354 3939 375 3972 ,
408 3901 563 3976 quod
610 3899 900 3974 petendum
939 3913 1087 3966 εει-ιη
1118 3920 1230 3956 non
1326 3902 1606 3964 Secundus
1635 3905 1968 3978 praeceptoris
2003 3907 2084 3962 sui
2120 3911 2352 3965 auctori-

213 3999 397 4034 exenso
416 3984 516 4036 tibi
539 3981 813 4056 duplicem
837 3981 1097 4055 objectam
1132 4001 1230 4054 pro
1328 3995 1511 4036 tatem.
1531 3983 1616 4037 sic
1642 3983 1782 4038 enim
1811 3983 2005 4040 Fabius
2032 3985 2168 4041 decl.
2192 3989 2348 4053 CCL,

218 4075 319 4110 una
344 4061 707 4136 respondendi
738 4061 1035 4114 molestiam
1064 4079 1077 4113 τ
1106 4081 1231 4116 nam
1328 4081 1387 4134 p.
1419 4063 1546 4127 451,
1565 4063 1748 4118 Burni.
1771 4069 2102 4134 Fortassepcr
2125 4084 2172 4120 ee
2190 4073 2348 4130 lomb,

217 4136 393 4194 Q
420 4144 585 4196 etiam
610 4141 711 4198 tibi
738 4153 865 4210 nott
886 4153 967 4198 est
990 4142 1073 4198 his
1100 4141 1233 4196 milu'
1332 4157 1389 4194 ut
1402 4145 1636 4210 injuriam
1659 4146 1740 4198 hie
1757 4149 2167 4216 quoquesaceree.
2191 4148 2262 4200 G.

1967 4255 2047 4324 9.
