2857 4690
865 387 1399 460 EPISTOLA
1449 389 1657 456 xlv.
2241 413 2328 484 27

193 523 363 578 rent.
396 508 773 603 Exigebam
808 531 1001 602 erge,
1026 521 1139 597 ut,
1164 512 1279 604 qui
1303 509 1568 604 capitali
1597 507 1928 604 supplicio
1952 509 2338 580 afficiendos

190 617 563 710 putabant,
590 616 1015 706 discederent
1040 643 1081 689 a
1108 618 1478 714 relegante,
1507 645 1631 690 nec
1659 619 1930 688 interim
1959 633 2194 689 contra
2221 621 2334 691 ab·

186 726 521 798 solventes
558 753 717 798 mox
762 727 1125 800 dissensuri
1158 745 1767 825 congregarentur,
1796 755 1956 825 qma
1983 730 2334 826 parvulum

188 837 507 924 referret,
539 863 629 907 an
656 838 837 908 idem
866 835 1284 933 displiceret,
1318 841 1564 934 quibus
1597 865 1736 910 non
1761 838 1938 910 idem
1965 839 2336 934 placuisset.

184 947 365 1018 Illud
402 951 613 1018 etiam
651 949 819 1018 mihi
858 951 1227 1044 permirum
1266 950 1656 1036 videbatur,
1693 975 1848 1020 eum
1885 949 2190 1044 quidem,
2219 955 2337 1046 qui

186 1058 467 1130 libertos
520 1058 947 1154 relegandos,
992 1085 1213 1130 servos
1248 1059 1580 1155 supplicio
1620 1061 2004 1132 afficiendos
2039 1065 2338 1132 censuis-

186 1184 321 1256 set,
360 1183 684 1240 eoactum
720 1194 859 1240 esse
896 1170 1193 1240 dividere
1236 1173 1668 1258 sententiam3
1703 1172 1888 1241 hunc
1927 1187 2185 1258 autem,
2219 1176 2338 1268 qui

190 1277 463 1350 libertos
504 1295 727 1350 morte
758 1279 1111 1368 multaret,
1142 1305 1297 1354 cum
1326 1280 1664 1376 relegante
1692 1281 2066 1352 numerari..
2079 1285 2256 1354 Nam
2283 1283 2339 1352 si

190 1391 608 1483 oportuisset
650 1389 857 1459 dividi
894 1391 1294 1460 sententiam
1336 1393 1570 1478 unius,
1616 1392 1774 1486 quia
1817 1416 1920 1460 res
1954 1391 2119 1460 duas
2153 1415 2336 1461 com·

188 1500 695 1594 prehendebat,
716 1525 857 1570 non
878 1501 1311 1595 reperiebam,
1328 1500 1891 1596 quemadmodum
1905 1515 2128 1596 posset
2143 1501 2338 1596 jungi

192 1611 533 1680 sententia
594 1609 887 1679 duorum
942 1625 1081 1680 tam
1134 1610 1394 1680 diversa
1439 1611 1876 1684 censentium.
1915 1615 2138 1706 Atque
2173 1611 2340 1682 adeo

188 1726 511 1818 permitte
548 1723 759 1810 mihi,
802 1725 897 1794 sic
932 1724 1113 1820 apud
1150 1740 1219 1796 te
1254 1741 1578 1820 tanquam
1619 1727 1746 1814 ibi3
1788 1729 1882 1797 sic
1921 1741 2190 1821 peracta
2227 1753 2333 1811 re,

190 1849 515 1930 tanquam
566 1834 789 1904 adhuc
838 1836 1129 1929 integra,
1175 1837 1506 1908 rationem
1551 1836 1791 1930 judieii
1845 1837 1975 1906 mei
2023 1835 2332 1906 reddere:

190 1969 473 2041 quaeque
526 1959 691 2014 tunc
732 1946 1049 2040 carptim,
1102 1943 1331 2016 multis
1370 1946 1946 2040 obstrepentibuS,
1997 1944 2169 2033 dixi,
2221 1971 2342 2039 per

190 2057 405 2126 otium
449 2056 765 2149 jungere.
818 2053 1185 2149 Fingamus
1239 2069 1377 2124 tres
1424 2055 1704 2124 omnino
1747 2054 2006 2147 judices
2049 2054 2118 2122 in
2166 2053 2341 2126 hanc

193 2187 495 2234 caussam
526 2163 721 2232 datos
752 2187 893 2235 esse
918 2173 937 2232 ‘z
965 2163 1209 2234 horum
1241 2167 1359 2234 uni
1392 2164 1756 2259 placuisse,
1787 2166 2010 2259 perire
2038 2153 2340 2252 libertem⁸

191 2273 414 2363 alteri,
448 2274 775 2369 relegari3
802 2276 1034 2364 tertio,
1070 2273 1323 2352 absolvi
1366 2302 1382 2344 :
1420 2290 1740 2348 utrumne
1773 2277 2120 2347 sententiae
2155 2274 2338 2364 duae,

191 2386 449 2457 collatis
480 2387 777 2469 viribus,
802 2389 1228 2457 novissimam
1262 2386 1642 2481 periment?
1668 2412 1754 2457 an
1787 2388 2144 2483 separatim
2175 2412 2342 2457 una·

192 2522 479 2593 quaeque
524 2496 977 2583 tantumdem,
1011 2512 1339 2594 quantum
1380 2497 1625 2589 altera,
1649 2498 1938 2567 valebit?
1974 2522 2096 2568 nec
2131 2495 2342 2593 magis

192 2610 441 2703 poterit
472 2632 631 2677 cum
668 2608 959 2679 secunda
987 2610 1209 2702 prima
1240 2608 1589 2698 connecti,
1619 2634 1821 2704 quam
1857 2608 2150 2679 secunda
2187 2632 2340 2678 cum

194 2716 437 2787 tertia?
466 2718 689 2811 Igitur
721 2718 792 2784 in
828 2732 1065 2787 senatu
1102 2742 1373 2814 quoque
1408 2722 1788 2807 numerari,
1821 2736 2143 2814 tanquam
2185 2744 2340 2789 eon·

192 2828 445 2914 trariae,
482 2826 763 2913 debent,
800 2852 947 2921 quae
987 2843 1307 2924 tanquam
1345 2829 1619 2899 diversae
1656 2828 1998 2927 dicuntur.
2043 2830 2250 2918 Quod
2286 2830 2341 2898 si

195 2962 370 3006 unus
424 2949 628 3030 atque
685 2933 861 3007 idem
910 2952 977 3006 et
1024 2938 1401 3035 perdendos
1453 2954 1748 3009 censeret
1795 2955 1863 3009 et
1913 2936 2299 3034 relegandos
2322 2979 2343 3012 ν

192 3074 357 3118 num
414 3073 497 3117 ex
548 3050 880 3120 sententia
920 3050 1122 3119 unius
1170 3064 1237 3119 et
1288 3050 1507 3144 perire
1562 3065 1834 3145 possent
1895 3066 1960 3121 et
2013 3049 2341 3146 relegari?

2379 959 2440 1012 15

2381 1620 2444 1668 16

2383 2075 2444 2126 17

2385 2734 2446 2787 18

192 3182 357 3227 num
390 3157 687 3251 denique
726 3158 1003 3227 omnino
1044 3183 1180 3228 una
1223 3162 1548 3229 sententia
1591 3176 1971 3256 putaretur,
2008 3186 2156 3257 quae
2195 3174 2332 3229 tam
2386 3198 2394 3213 ·

190 3266 453 3337 diversa
493 3266 980 3363 conjungeret?
1013 3266 1601 3359 Quemadmodum
1642 3270 1884 3366 igitur,
1923 3296 2135 3365 quum
2173 3266 2342 3339 alter

192 3378 611 3471 puniendoS,
660 3377 829 3449 alter
887 3393 1151 3448 censeat
1206 3378 1632 3475 relegandos,
1664 3381 1871 3450 videri
1932 3394 2151 3475 potest
2207 3404 2342 3449 una

190 3488 515 3559 sententia
541 3542 559 3575 ,
608 3512 758 3582 quae
819 3488 1064 3557 dicitur
1120 3511 1159 3557 a
1222 3489 1484 3559 duobus
1511 3544 1532 3577 ,
1588 3512 1735 3585 quae
1800 3512 1938 3557 non
1994 3487 2338 3559 videretur

194 3709 399 3781 utrique
414 3706 661 3761 dicerent
678 3726 861 3763 servo·
879 3726 991 3761 ease
1004 3708 1486 3779 panim-16.
1517 3710 1810 3776 carptim...
1829 3711 1960 3759 dixi.
1979 3712 2196 3777 carptim
2221 3726 2343 3782 pro-

198 3786 320 3852 du3
354 3786 684 3843 dissidebant
714 3786 785 3841 de
818 3804 1009 3861 geum-e
1034 3804 1222 3857 poenoe.
1320 3788 1440 3859 prie
1469 3786 1540 3839 ad
1565 3804 1630 3839 ea
1659 3786 1884 3857 pertinet
1917 3788 2164 3841 animalia
2183 3826 2200 3854 ‚
2225 3806 2344 3863 quoe

198 3866 295 3921 Sed
329 3868 407 3921 sic
448 3866 779 3940 temporaria
816 3866 907 3919 illa
934 3864 1225 3922 concordia
1320 3886 1432 3921 non
1469 3884 1578 3921 uno
1607 3878 1866 3939 perpetuo
1901 3868 2136 3942 quodam
2161 3882 2345 3923 tenore

202 3948 513 4019 supoeabant
546 3948 733 4001 mitem
767 3946 917 4000 ium
940 3947 1223 4001 absolven·
1318 3958 1483 4019 atque
1521 3954 1694 3999 tractu
1725 3962 2042 4013 vescuntur,
2077 3948 2170 4002 sed
2198 3964 2343 4002 nunc

202 4024 321 4080 tiam
344 4028 693 4083 sententiam.
726 4026 798 4081 G.
1316 4026 1403 4081 hic
1419 4064 1436 4090 ‚
1461 4044 1606 4079 nunc
1621 4025 1732 4081 illie
1749 4044 1960 4098 carpunt
1981 4026 2210 4101 aliquid,
2233 4029 2344 4081 sive

266 4109 341 4163 1⁵.
368 4114 605 4163 Dividere
636 4109 947 4161 seutentiam.
986 4104 1115 4161 Redi
1152 4106 1223 4159 ad
1320 4104 1629 4177 decerpunt.
1656 4106 1792 4161 Hinc
1823 4111 2034 4178 carptim
2061 4107 2191 4160 dicit
2207 4144 2228 4171 ,
2251 4107 2343 4177 qui

196 4205 247 4240 ea
256 4226 272 4253 ,
292 4208 407 4263 quae
426 4192 462 4259 S
481 4193 517 4243 6
534 4228 551 4254 ‚
584 4188 695 4241 hac
715 4186 785 4239 de
804 4204 861 4239 re
878 4185 1125 4239 diximus.
1150 4186 1219 4239 G.
1320 4198 1534 4258 propter
1545 4186 1755 4242 crebras
1769 4186 2218 4261 interpellationes
2230 4200 2340 4238 non
