2857 4690
538 369 667 439 172
1202 349 1279 415 C.
1332 347 1672 414 PLINII
1720 348 1912 415 LIB.
1967 349 2048 414 X.

528 483 597 536 et
628 465 939 561 epistolas
974 469 1120 560 ejus
1154 466 1241 535 ad
1275 469 1598 537 honorem
1625 494 1820 538 suum
1861 470 2296 562 pertinentes,
2323 482 2394 535 et
2433 468 2668 538 decre-

528 591 672 644 tum
710 578 1159 645 Prusensium.
1197 576 1506 647 Addebat
1533 577 1636 647 his
1661 593 1732 646 et
1755 577 1978 648 literas
2005 594 2154 647 tuas
2180 578 2464 671 scriptas
2489 579 2624 646 sibi
2641 604 2661 644 :

527 685 813 755 addebat
846 701 915 754 et
942 687 1150 781 patris
1188 687 1287 755 tui
1312 687 1643 773 edictum,
1675 703 1742 757 et
1780 688 2162 784 epistolam,
2194 687 2440 781 quibus
2483 713 2663 758 con—

462 809 493 864 4
526 797 849 865 firmasset
890 796 1208 865 beneficia
1258 821 1296 865 a
1342 797 1734 866 Domitiano
1785 797 1958 868 data.
2015 801 2286 892 Itaque,
2344 798 2659 890 quamvis

526 907 742 976 eidem
777 905 933 974 talia
960 907 1239 976 crimina
1272 906 1792 1002 applicarentur,
1819 907 1986 977 nihil
2013 905 2506 976 decernendum
2533 931 2662 1000 pu·

528 1018 693 1102 tavi,
725 1016 937 1086 donec
964 1031 1031 1085 te
1056 1017 1470 1086 consulerem
1497 1018 1580 1086 de
1607 1044 1689 1088 eo
1707 1071 1730 1102 ,
1766 1017 1947 1114 quod
1972 1019 2136 1088 mihi
2173 1019 2660 1088 constitutione.

528 1143 642 1196 tua
674 1128 957 1223 ‘dignum
997 1129 1363 1200 videbatur.
1406 1133 1536 1214 Ea,
1575 1155 1721 1223 quae
1757 1145 1912 1198 sunt
1955 1131 2293 1224 utrimque
2347 1129 2658 1212 recitata,

528 1240 632 1307 his
676 1239 885 1308 literis
920 1240 1190 1332 subjeci.

916 1437 1496 1518 EPISTOLA
1586 1441 2258 1519 DOMITIANI

1069 1621 1176 1675 An
1204 1619 1662 1676 TERENTHJM
1693 1621 2104 1676 MAXIMUM.

461 1835 489 1886 5
625 1816 987 1884 FLAvms
1034 1811 1414 1907 Archippus
1451 1811 1887 1906 philosophus
1930 1811 2309 1905 impetravit
2335 1835 2376 1879 a
2407 1835 2555 1894 me,
2585 1827 2657 1879 ut

525 1951 760 2021 agrum
798 1927 857 1992 ei
901 1927 1025 1994 DC
1067 1925 1245 1993 circa
1282 1922 1665 1992 Prusiadem
1689 1975 1708 2006 ,
1740 1923 2022 2016 patriam
2053 1945 2238 1990 suam
2260 1976 2279 2006 ‚
2307 1921 2440 2018 emi
2459 1921 2654 2015 jube—

526 2063 698 2120 rem,
717 2037 905 2130 cujus
936 2033 1156 2103 reditu
1185 2058 1337 2102 suos
1369 2031 1542 2100 alere
1571 2045 1810 2126 posset.
1834 2031 2038 2120 Quod
2059 2033 2120 2098 ei
2147 2023 2443 2124 praestari
2468 2029 2654 2099 volo:

529 2171 857 2216 summam
900 2168 1256 2239 expensam
1290 2141 1673 2211 liberalitati
1717 2166 1878 2209 meae
1909 2139 2099 2210 feres.

772 2350 1198 2409 EJUSDEM
1238 2352 1359 2405 An
1401 2352 1466 2406 L.
1510 2309 1872 2406 Arnum
1913 2350 2403 2405 MAXIMUM.

460 2556 492 2603 6
626 2536 1054 2600 AncmPPuM
1082 2526 1586 2621 philosophum,
1611 2526 1866 2593 bonum
1888 2524 2102 2593 virum
2118 2578 2139 2611 ,
2165 2539 2232 2594 et
2257 2524 2658 2619 professioni

528 2666 662 2710 suae
684 2694 704 2727 ,
741 2638 941 2707 etiam
974 2637 1337 2730 majoribus
1376 2635 1918 2731 respondentem,
1955 2634 2499 2705 commendatum
2533 2636 2654 2704 haa

528 2753 683 2821 beas
714 2748 914 2818 velim
934 2801 953 2834 ‚
990 2748 1081 2816 mi
1108 2748 1440 2833 Maxime,
1469 2760 1536 2814 et
1564 2744 1829 2839 plenam
1861 2747 1925 2814 ei
1950 2744 2438 2813 humanitatem
2469 2759 2654 2813 tuam

528 2876 796 2955 praestes
838 2860 905 2927 in
942 2859 1052 2945 iis,
1088 2882 1235 2952 quae
1272 2855 1648 2925 verecunde
1685 2880 1724 2923 a
1760 2869 1824 2923 te
1859 2854 2342 2923 desideraverit.

598 3066 651 3119 3.
671 3068 926 3115 Probatur.
950 3062 1030 3114 Al.
1044 3065 1370 3131 probabatur,
1391 3057 1538 3132 quod
1723 3062 1776 3111 6.
1800 3060 2085 3127 Major-ibus.
2101 3057 2204 3109 Vel
2229 3056 2461 3127 antiquis
2479 3054 2655 3127 philo-

524 3142 930 3219 praeserendum.
955 3143 1009 3195 S.
1632 3136 1844 3208 sophin
1869 3137 1954 3196 vel
1969 3136 2272 3207 parentibus
2292 3135 2342 3188 et
2361 3136 2658 3207 majoribus

598 3228 648 3278 5.
671 3232 859 3293 Agrum
879 3226 926 3273 ei
944 3224 1045 3273 DC.
1068 3224 1411 3270 Sext-emotum
1435 3220 1539 3268 mil·
1633 3216 1844 3288 proprie
1863 3215 2031 3269 dictis.
2049 3216 2272 3287 Elegans
2294 3215 2526 3286 suspicio
2548 3217 2656 3267 Rit-

527 3310 671 3367 Iium,
704 3303 761 3358 id
791 3314 891 3363 est,
926 3300 1088 3353 vicies
1118 3298 1259 3349 mille
1289 3296 1535 3367 imperia·
1633 3294 1878 3349 tershusii
1910 3298 2149 3355 moe-ihm
2181 3293 2465 3365 pulchrum
2482 3298 2655 3363 pbilo-

525 3386 674 3438 lium.
693 3386 771 3437 De
791 3383 1027 3433 Prusiade
1045 3377 1178 3430 nihil
1194 3374 1407 3430 conficit
1424 3374 1538 3427 Cel·
1631 3376 1808 3443 sophus
1821 3377 2030 3425 moribus
2047 3376 2655 3443 respondensprofissioni.

525 3465 689 3517 larius
727 3482 739 3515 :
771 3480 877 3515 non
931 3455 1275 3530 improbabile
1322 3468 1498 3507 tamen
1517 3490 1534 3517 ‚
1631 3454 1736 3507 Sed
1747 3452 1881 3505 nihil
1897 3451 2373 3517 certi.G.—Quum
2388 3456 2658 3521 majoribus

527 3541 767 3595 eamdem
784 3556 1041 3612 esse,quae
1055 3536 1263 3598 deinde,
1282 3554 1365 3605 ep.
1382 3533 1468 3596 85,
1486 3552 1507 3586 1
1518 3571 1536 3599 ,
1631 3544 1931 3605 opponatur
1959 3534 2287 3601 philosophia·
2321 3534 2624 3601 professioni
2637 3570 2653 3593 ,

527 3630 684 3673 Prusa
703 3624 775 3671 ad
793 3624 1043 3689 Olympum
1062 3616 1272 3669 dicitur.
1291 3616 1358 3668 G.
1631 3612 1854 3684 intelligi
1873 3621 2078 3683 oportet
2095 3644 2112 3674 ,
2147 3630 2256 3663 non
2287 3613 2498 3681 majores
2513 3650 2530 3671 ,
2565 3610 2654 3663 sed

596 3730 669 3740 —
688 3704 969 3766 lia-pensam
1006 3697 1301 3747 liberalitati.
1332 3690 1536 3745 Nostris
1632 3695 1842 3761 majora.
1866 3690 1940 3741 Ea
1963 3702 2138 3742 autem
2161 3702 2284 3742 sunt
2309 3708 2532 3743 munera
2555 3708 2656 3761 pu·

528 3779 762 3831 moribus
780 3776 995 3841 diceret,
1012 3781 1063 3829 in
1079 3777 1348 3827 rationibus
1361 3775 1535 3824 scribes
1633 3768 1783 3822 blica.
1807 3766 2134 3841 Archippum
2147 3768 2198 3819 in
2211 3766 2483 3841 judicibus
2497 3768 2657 3821 fuisse

530 3862 615 3908 sub
636 3860 795 3923 capite
819 3876 1080 3908 mmmmm.
1100 3854 1165 3907 G.
1633 3867 1791 3921 supra
1815 3849 2054 3920 legimus.
2075 3846 2130 3899 S.
