2857 4690
624 400 1134 467 PANEGYR.
1189 398 1401 467 CAP.
1452 400 1896 467 LXXXVI.
2180 397 2315 493 377

145 532 224 597 in
291 530 424 598 illa
475 531 772 599 amicitiae
811 527 1080 623 specula
1097 582 1116 617 ‚
1153 544 1585 624 precatusque
1629 532 1869 615 maria,
1909 527 2319 625 celeremque

147 632 174 713 s
230 636 297 711 si
345 651 580 706 tamen
615 636 754 729 ipse
786 634 1100 704 voluisset
1133 628 1160 723 )
1200 654 1541 705 recursum
1562 690 1582 721 ‚
1620 660 1742 703 nec
1786 637 2095 704 sustinuit
2130 661 2317 706 rece·-

145 742 460 811 dentem
489 767 624 811 non
657 742 854 810 etiam
879 754 1078 834 atque
1102 742 1298 811 etiam
1329 743 1530 828 votiS‚
1558 741 1891 835 lacrymis,
1916 743 2119 834 sequi.
2149 746 2321 811 Nam
2358 748 2388 801 5

149 848 248 917 de
295 846 702 917 liberalitate
740 862 962 916 taceo:
1001 848 1240 941 quibus
1277 850 1455 917 enim
1490 849 1873 917 muneribus
1901 850 2145 941 aequari
2178 847 2321 918 haee
2374 892 2383 903 ·

149 978 354 1021 cura
393 956 742 1048 principis„
783 954 924 1023 haec
954 955 1268 1049 patientia
1300 968 1553 1049 potest,
1588 978 1717 1049 qua
1748 955 2077 1038 meruisti,
2112 969 2189 1022 ut
2214 954 2323 1023 ille

155 1060 302 1128 sibi
341 1060 626 1131 nimium
659 1059 874 1143 forti5‚
909 1083 986 1131 ac
1020 1085 1230 1155 prope
1257 1060 1462 1129 durus
1490 1059 1867 1130 videretur?
1890 1064 2029 1129 Nec
2056 1059 2322 1149 dubim,

153 1166 352 1259 quin
401 1167 748 1259 agitaverit
797 1191 1020 1254 secum
1034 1216 1052 1248 ,
1107 1191 1192 1234 an
1248 1166 1693 1262 gubernacula
1744 1181 2155 1260 retorqueret
2198 1192 2213 1235 :
2257 1182 2325 1236 et

156 1271 490 1357 fecisset,
525 1274 647 1341 nisi
675 1271 854 1365 quod
883 1296 1068 1367 paene
1095 1274 1240 1367 ipso
1269 1273 1703 1343 contubernio
1734 1274 2045 1367 principis
2076 1272 2325 1342 felicius

157 1376 678 1471 jucundiusque
715 1394 846 1465 est,
881 1377 1248 1448 desiderare
1286 1381 1653 1474 principem
1688 1377 2189 1449 desiderantem.
2237 1382 2325 1448 Et
2360 1392 2395 1438 6

161 1481 294 1551 ille
340 1483 648 1577 quidem,
693 1499 768 1551 ut
817 1487 1104 1553 maximo
1153 1485 1374 1555 fructu
1424 1488 1747 1579 suseepti,
1786 1488 1881 1555 ita
1913 1486 2162 1579 majore
2200 1484 2324 1555 de-

167 1590 398 1682 positi
431 1588 634 1659 officii
669 1588 878 1684 gloria
909 1589 1150 1661 fruitur
1187 1616 1202 1659 :
1242 1606 1316 1659 tu
1343 1606 1562 1661 autem
1600 1590 1909 1661 facilitate
1944 1595 2067 1661 ista
2094 1616 2325 1661 conse-

169 1710 446 1787 quutus
481 1720 587 1781 es,
621 1720 706 1765 ne
740 1720 936 1790 quem
977 1698 1258 1766 retinere
1288 1698 1567 1767 videaris
1598 1700 1898 1767 invitum.

163 1934 370 1998 platus
421 1948 520 2003 pro
565 1932 893 1983 substantivo
943 1932 1214 1984 haberent.

177 2010 372 2063 Immo
390 2009 724 2083 participium
744 2022 823 2063 eet
841 2047 856 2072 ,
877 2008 946 2061 ad
973 2008 1118 2081 quod
1135 2028 1218 2061 su·-

176 2088 359 2141 baudi
393 2110 519 2141 eum.
541 2090 694 2142 Valet
716 2090 858 2141 enim
895 2090 948 2141 in
981 2090 1216 2141 Latinam

181 2167 432 2239 Exiguam
453 2206 467 2230 ‚
503 2168 647 2240 quod
685 2167 754 2220 de
777 2166 959 2222 Graeca
1000 2167 1218 2240 pulchre

181 2246 408 2299 monuit
433 2246 694 2301 Por-nonus
718 2245 788 2299 ad
810 2247 1046 2317 Euripid.
1069 2246 1216 2300 Med.

185 2326 322 2394 734.
353 2351 378 2372 ι
395 2324 561 2378 Graeci
580 2325 989 2400 scilicet,inquit
1008 2369 1022 2394 ,
1052 2345 1216 2400 quum

187 2407 360 2458 verba
380 2403 490 2457 duo
504 2443 520 2470 ‚
539 2404 770 2459 diversos
791 2426 945 2460 casus
961 2407 1216 2478 regentia,

187 2483 262 2537 ud
291 2483 442 2536 idem
481 2504 674 2537 nomen
713 2503 860 2557 aeque
889 2485 1216 2546 referuntur,

189 2583 262 2616 ne
279 2583 480 2630 nomen
504 2577 596 2617 aut
609 2583 904 2636 pronomen
917 2565 1091 2618 minue
1107 2583 1222 2618 sun·

133 2637 140 2642 ⁶
191 2643 333 2696 viter
355 2655 651 2714 repetatur,
673 2644 726 2695 in
752 2645 952 2697 utrovis
970 2645 1220 2716 regimine

191 2723 364 2777 semel
391 2735 595 2794 ponunt
617 2761 632 2786 ,
657 2724 823 2776 altero
843 2725 1091 2777 omissum
1110 2725 1164 2778 S.

271 2811 328 2868 4.
369 2807 696 2869 Precatttsque
721 2805 900 2855 maria.
929 2803 1054 2855 Vid.
1079 2805 1130 2856 J.
1155 2805 1217 2856 A.

193 2881 506 2935 Ernestium
517 2880 586 2934 ad
604 2882 661 2933 h.
680 2880 718 2933 l.
734 2882 790 2936 S.
807 2911 878 2922 —·-
893 2889 1224 2951 Precatmque

199 2965 388 3013 mar-ia.
417 2959 518 3014 Hic
552 2959 794 3018 desidero
824 2961 1090 3032 epitheton
1113 2999 1130 3026 ,
1162 2975 1223 3016 ut

197 3041 412 3110 placata
428 3077 445 3104 ‚
467 3040 748 3112 tranquilla
765 3057 922 3104 jnam
941 3046 1102 3092 νεανία
1114 3059 1224 3108 pro-

198 3125 312 3172 cari
336 3120 672 3191 simpliciter,
709 3138 918 3174 sensum
943 3119 1222 3174 definitum

201 3219 312 3253 non
355 3199 554 3266 hahet3
604 3199 782 3271 itaque
823 3218 934 3252 non
982 3198 1224 3272 displicet

200 3283 508 3351 conjectura
557 3279 886 3342 Schwarzii,
934 3298 965 3332 e
989 3280 1224 3350 vestigiis

201 3359 342 3413 eod.
355 3359 612 3430 inquibus
625 3371 704 3412 est
717 3364 1220 3426 spwtamqueman‘a,

201 3439 462 3510 legentis.
491 3453 714 3506 spectans
745 3441 940 3497 maria,
972 3455 1226 3505 precatus

205 3538 302 3584 que
327 3539 376 3570 e.
401 3539 446 3570 r.
472 3517 610 3570 Eu.

279 3597 334 3650 5.
361 3601 668 3650 Desiderat-e.
687 3595 826 3648 Vide
849 3635 864 3660 ,
895 3615 964 3649 an
997 3615 1105 3650 non
1139 3615 1226 3648 or-

207 3673 576 3748 dinetiuefluat
588 3677 758 3729 oratio
766 3677 842 3728 sic
860 3712 875 3739 ,
889 3680 1008 3737 nisi,
1031 3679 1224 3742 quod...

209 3772 312 3820 est,
341 3759 640 3808 desideraret
655 3758 926 3824 prinetPem
952 3758 1230 3806 desideran-

211 3853 325 3889 tem.
357 3835 428 3888 G.
469 3867 542 3876 --
577 3837 694 3888 Non
737 3847 914 3888 tamen
965 3852 1098 3906 opus
1152 3845 1230 3888 est

211 3917 496 3987 quiequam
539 3925 742 3968 mutare
766 3952 781 3979 ,
821 3915 866 3968 si
903 3914 1066 3978 modo
1107 3931 1228 3966 cum

211 3995 509 4050 Schwarzio
529 3993 602 4044 ita
617 3992 838 4064 explices
855 4011 868 4046 :
890 3997 988 4044 uisi
1000 3993 1136 4056 ,hoc
1153 4005 1230 4048 est

215 4093 400 4129 verum
419 4072 542 4126 ideo
573 4091 682 4124 non
709 4072 860 4139 fecit,
879 4077 1041 4140 qnod,
1067 4075 1194 4144 quia
1212 4111 1227 4136 ,

209 4175 354 4220 perne
371 4173 476 4222 ipso
487 4191 502 4214 ,
520 4165 623 4205 etc.
643 4151 706 4204 Ε.

1369 1960 1441 1971 --
1476 1934 1859 1983 Desidet-antem.
1896 1930 2011 1983 Hoc
2048 1932 2267 1983 verbum
2296 1950 2327 1983 e

1301 2008 1457 2065 bonis
1484 2010 1630 2063 libris
1660 2010 1926 2063 revocavit
1960 2008 2286 2065 Schwarzius
2306 2046 2323 2075 ,

1303 2088 1393 2161 qui
1431 2090 1593 2141 etiam
1628 2090 1899 2162 sequentia
1942 2088 2169 2142 restituit
2190 2128 2205 2153 ,
2248 2090 2324 2143 sie

1303 2178 1478 2220 tamen
1508 2180 1565 2221 ut
1598 2169 1888 2240 suspicetur
1922 2166 2203 2239 legendum
2225 2207 2240 2229 ,
2270 2186 2326 2221 ut

1301 2250 1527 2299 :mima
1549 2252 1785 2315 suseepti,
1809 2250 1883 2299 ica
1903 2252 2091 2317 majore
2118 2251 2329 2315 depositi

1302 2327 1459 2398 officii
1466 2330 1633 2396 gloria
1638 2329 1850 2396 fruitur.
1873 2326 2115 2381 Ostendit
2134 2347 2325 2400 nempe

1303 2407 1479 2459 virum
1510 2406 1737 2460 formula
1756 2411 1925 2474 [ἴασαι
1944 2409 2146 2474 fruitur
2162 2429 2181 2458 :
2204 2409 2325 2460 licet

1303 2504 1412 2538 non
1461 2487 1667 2557 ignoret
1714 2487 1983 2539 Incertum
2040 2489 2323 2539 Auctorem

1301 2565 1499 2636 Paneg.
1524 2565 1659 2618 VIII
1673 2607 1688 2631 ,
1710 2585 1742 2635 7
1761 2566 1833 2629 ,·5
1862 2565 2051 2619 dixisse
2068 2604 2083 2629 ,
2102 2593 2123 2613 ι
2140 2567 2323 2631 Quum

1305 2643 1503 2717 duplici
1520 2643 1691 2698 fructu
1710 2645 2020 2698 fruebantur
2038 2649 2261 2714 (matres
2273 2658 2326 2699 et

1304 2723 1597 2795 virgines),
1622 2743 1785 2794 quum
1806 2725 2147 2796 pulcherrimi
2168 2726 2325 2798 impe-

1303 2804 1495 2856 ratoris
1526 2803 1755 2855 formam
1782 2803 2022 2857 viderent
2042 2843 2058 2867 ‚
2082 2817 2135 2857 et
2158 2805 2323 2859 licen-

1303 2881 1435 2934 tiam
1456 2899 1566 2935 non
1591 2883 1835 2936 timet-erit
1855 2909 1903 2936 ε.
1922 2884 1990 2936 G.

1373 2991 1445 3001 —
1464 2965 1575 3011 Nisi
1593 2966 1749 3028 quod.
1773 3001 1783 3012 .
1808 3001 1819 3014 .
1837 2967 2203 3030 jucundiusque
2224 2980 2323 3027 est,

1305 3043 1583 3092 desiderare
1629 3043 1903 3108 principem
1952 3044 2323 3094 desiderantem.

1304 3119 1392 3172 Sic
1421 3117 1601 3170 locum
1626 3117 1771 3172 dedit
1799 3118 2121 3172 Schwarzius
2137 3158 2154 3183 ,
2175 3121 2327 3172 renti·

1307 3209 1420 3250 tuto
1432 3216 1461 3249 e
1468 3197 1523 3248 M
1526 3197 1610 3250 SS.
1620 3200 1993 3252 desiderantem.
2002 3200 2175 3270 Atque
2186 3199 2327 3252 hunc

1305 3277 1587 3333 lectionem
1603 3287 1805 3330 tentant
1822 3290 1874 3330 et
1887 3279 2145 3350 explicant
2160 3277 2321 3332 varie.

1307 3357 1575 3410 Gesnerus
1597 3357 1807 3429 conjicit
1840 3360 2152 3408 desideraret.
2174 3359 2289 3407 nise·
2304 3397 2320 3418 ,

1307 3439 1446 3505 quod
1452 3471 1605 3487 .....
1616 3451 1690 3488 est
1704 3473 1723 3499 ,
1748 3439 2078 3488 desidem-ee.-
2101 3453 2219 3506 quae
2246 3449 2327 3490 eet

1307 3534 1436 3570 eane
1459 3515 1633 3569 mollis
1652 3515 1926 3569 correctio.
1947 3516 2061 3586 Ego
2078 3515 2324 3578 arbitror,

1310 3595 1497 3648 vitium
1524 3595 1627 3648 loci
1648 3607 1823 3648 ortum
1841 3613 1953 3648 esse
1971 3613 2035 3648 ex
2061 3611 2159 3658 est,
2180 3595 2326 3666 quod

1310 3675 1516 3746 irrepsit
1546 3693 1645 3747 pro
1672 3689 1829 3726 esset.-
1850 3674 1918 3728 nd
1949 3673 2003 3728 id
2032 3674 2325 3747 juvandum

1311 3755 1562 3808 insertum
1606 3779 1631 3800 ι
1665 3754 1811 3825 quod
1833 3771 1847 3806 :
1898 3755 1999 3808 uisi
2036 3773 2183 3826 paene
2211 3755 2327 3827 ipso

1311 3833 1659 3886 contubernio
1670 3833 1920 3903 principis
1940 3833 2329 3905 feliciunjncun·

1312 3913 1538 3984 diunque
1552 3923 1682 3966 esset
1697 3950 1712 3975 ,
1728 3911 2023 3968 desiderare
2034 3915 2328 3987 principem

1314 3991 1699 4046 desiderantem
1720 4017 1765 4046 ιι.
1788 3992 2064 4048 Schwanii
2076 3993 2329 4066 interpre-

1318 4073 1447 4125 tatio
1474 4070 1657 4123 durior
1679 4083 1781 4134 est,
1804 4091 1903 4126 nec
1928 4085 2051 4145 apta
2073 4085 2193 4126 sunt
2217 4074 2327 4126 loca

1322 4150 1477 4204 allata
1526 4149 1845 4204 defendendi
1890 4171 2073 4206 caussa
2099 4189 2115 4216 ‚
2144 4165 2331 4224 praeter
