2857 4690
843 383 1378 451 EPISTOLA
1428 383 1806 451 CXVIII.
2254 379 2393 450 213

229 507 368 576 bus
397 508 648 576 caussis
692 506 1198 576 concedendum
1230 501 1467 603 [jussi]
1508 506 1968 592 invitationes3
2002 505 2097 574 ita
2131 528 2394 592 vereor,

227 641 328 685 ne
363 618 444 700 ii,
471 617 589 710 qui
625 616 808 686 mille
845 616 1194 702 homines,
1222 616 1561 685 interdum
1596 617 1801 686 etiam
1830 614 2094 709 plures,
2123 630 2397 702 vocant,

229 727 518 795 modum
571 727 935 814 excedere,
982 742 1049 796 et
1099 729 1168 795 in
1219 728 1511 821 speciem
1558 728 1901 798 dianomes
1938 725 2232 794 incidere
2292 727 2395 794 vi·

231 837 550 908 deantur.

233 1055 362 1120 νομὴ
389 1053 544 1122 κρέως
573 1051 858 1102 visceratio.
883 1047 1022 1102 Hinc
1054 1051 1276 1102 divisoris

235 1126 520 1182 sordidum
539 1165 558 1192 ,
599 1127 645 1181 si
683 1147 795 1181 non
837 1128 1038 1182 infame
1078 1146 1275 1182 nomen

237 1209 414 1261 Rom:
430 1245 449 1272 ,
473 1228 528 1262 v.
553 1227 606 1278 g.
633 1208 808 1262 Cicer.
831 1226 1050 1280 prooetn.
1072 1209 1191 1262 Act.
1219 1209 1274 1260 in

239 1287 394 1340 Ver-r.
419 1306 472 1340 c.
500 1289 556 1340 8.
578 1289 682 1340 Pro
708 1287 854 1342 licita
874 1307 970 1359 per
992 1298 1280 1342 testamen·

236 1381 352 1420 tum
387 1367 674 1438 largitione
709 1380 984 1440 ponuntur
1017 1371 1273 1420 divisiones

236 1447 274 1499 Ι.
295 1447 515 1512 XXIII,
540 1471 600 1503 π.
631 1447 702 1500 de
726 1448 916 1502 annuis
955 1447 1056 1520 leg.
1086 1450 1273 1500 Divisio

235 1529 411 1578 civium
431 1543 483 1579 et
501 1532 702 1595 epulum
721 1526 910 1581 eadem
933 1528 1136 1582 ratione
1150 1531 1276 1601 jun·

235 1617 433 1678 guntur
451 1606 492 1658 l.
509 1607 769 1672 cxxm,
783 1605 852 1661 de
862 1607 1074 1679 Legati:
1091 1627 1114 1661 1
1126 1647 1139 1661 .
1155 1608 1276 1661 Ma·

1373 1065 1563 1103 nemus
1587 1065 1713 1120 ergo
1744 1048 1801 1100 in
1827 1046 2130 1101 casauboni
2154 1044 2401 1099 emenda·

1373 1129 1519 1182 tione
1531 1167 1548 1194 ,
1566 1129 1660 1201 qui
1676 1147 1775 1200 pro
1792 1131 2044 1179 diamones
2061 1126 2135 1180 ita
2152 1127 2397 1180 restituit.

1374 1211 1689 1270 Diamoeries,
1720 1207 1867 1280 quod
1910 1207 2033 1260 libri
2070 1207 2277 1278 antiqui
2312 1205 2400 1260 hic

1373 1287 1576 1340 hahent
1590 1327 1607 1352 ‚
1633 1288 1727 1360 qni
1756 1299 1935 1340 tamen
1972 1287 2027 1339 in
2055 1287 2401 1358 responsione

1373 1368 1593 1440 Trajani
1613 1371 1865 1424 diamones
1880 1378 2198 1440 agnoscunt,
2209 1386 2273 1420 ex
2286 1365 2399 1423 δια·

1371 1451 1560 1522 μοιρίας
1600 1459 1907 1520 corruptum
1923 1485 1939 1511 ,
1977 1445 2125 1520 quod
2150 1446 2401 1502 eumdem

1372 1545 1587 1583 sensum
1606 1527 1807 1582 habere
1834 1538 2009 1601 potest
2032 1545 2045 1580 τ
2068 1525 2162 1581 sed
2189 1529 2369 1580 nescio
2384 1567 2399 1592 ,

1373 1627 1444 1661 an
1462 1609 1657 1663 haheat
1682 1619 1955 1661 auctorem
1978 1606 2163 1662 alium.
2186 1606 2255 1660 G.

235 1808 612 1829 mmm
623 1809 1573 1832 mussmmmssssmmm

2032 1811 2399 1832 mmm

1074 1995 1554 2090 CXVIII.

848 2248 1298 2294 TRAJANUS
1351 2249 1662 2296 PLINIO
1714 2249 1768 2294 S.

331 2436 630 2502 Mssnrro
669 2432 918 2499 vereris
946 2484 965 2517 ,
1012 2454 1098 2499 ne
1138 2432 1208 2499 in
1247 2432 1538 2526 speciem
1571 2430 1917 2501 dianomes
1943 2428 2195 2501 incidat
2234 2430 2396 2499 invi-

237 2545 450 2631 tatio,
492 2569 647 2638 quae
685 2556 752 2612 et
790 2544 859 2611 in
917 2567 1202 2614 numero
1265 2542 1542 2615 modum
1583 2543 1881 2630 excedit,
1921 2558 1989 2612 et
2032 2544 2221 2639 quasi
2276 2568 2401 2637 per

234 2680 526 2749 corpora
563 2708 584 2741 ,
633 2677 776 2722 non
823 2654 1076 2723 viritim
1137 2651 1438 2749 singulos
1488 2680 1571 2723 ex
1630 2654 1905 2740 notitia,
1956 2653 2040 2722 ad
2092 2652 2400 2723 solennes

235 2763 576 2858 sportulas
591 2764 954 2833 contrahit.
971 2762 1103 2833 Sed
1127 2788 1254 2859 ego
1269 2764 1419 2833 ideo
1433 2764 1863 2860 prudentiam
1884 2780 2069 2834 tuam
2090 2764 2299 2860 elegi,
2326 2780 2400 2835 ut

237 2874 614 2945 formandis
657 2875 848 2944 istius
891 2875 1256 2969 provinciae
1290 2876 1594 2945 moribus
1634 2878 1779 2972 ipse
1816 2875 2289 2962 moderareris,
2330 2893 2401 2947 et

237 3012 320 3055 eo
357 2988 768 3071 constituas,
803 3010 951 3081 quae
989 2987 1073 3055 ad
1098 3001 1497 3081 perpetuam
1524 2986 1668 3080 ejus
1709 2987 2070 3082 provinciae
2099 2989 2396 3082 quietem

239 3110 462 3167 oesent
505 3094 883 3192 profutura.

309 3298 567 3353 cxvm.
585 3294 806 3367 corpore
813 3336 834 3361 ,
848 3299 1121 3354 societates
1135 3337 1152 3361 ,
1165 3300 1272 3352 col-

239 3378 394 3450 legia.
417 3380 606 3431 En.-
619 3380 842 3440 Virieim,
869 3378 1085 3431 solenne
1101 3378 1155 3431 in
1170 3377 1271 3432 lar·

235 3458 500 3530 gitionum
515 3474 638 3511 eom
643 3456 1040 3511 memoratione.
1051 3458 1268 3511 Sueton.

239 3538 434 3591 Casas.
469 3556 522 3590 c.
553 3536 772 3590 xxvl:
803 3560 826 3584 ι
855 3537 1076 3607 Singula
1105 3537 1270 3591 inter·

241 3614 370 3671 dnm
389 3616 658 3689 mancipia
679 3628 733 3669 et
751 3614 948 3687 predia
965 3616 1160 3669 viritim
1187 3615 1270 3669 di-

239 3696 390 3749 vidit.
409 3721 434 3742 ι
459 3694 598 3748 thid.
619 3714 670 3749 c.
687 3694 1000 3749 xxxvm:
1030 3720 1052 3744 ι
1067 3692 1276 3767 Populo‘

241 3788 480 3830 trecenos
505 3792 758 3829 nummos
787 3776 986 3829 viritim
1015 3775 1210 3830 divisit.
1244 3800 1266 3823 ·

241 3854 386 3909 Idem
401 3857 698 3927 inAngnst.
714 3854 861 3907 XLI.
883 3882 906 3903 ι
925 3857 1272 3911 Frumentum

241 3933 434 3987 viritim
450 3933 873 3989 admensusest.·
885 3935 952 3989 Et
963 3937 1021 3989 in
1039 3938 1270 4001 Nerone,

245 4014 322 4065 X:
347 4042 370 4061 ι
391 4015 588 4069 Divisis
599 4015 806 4088 populo
817 4015 1013 4069 viritim
1026 4016 1273 4089 quadrin-

245 4096 386 4161 genis
403 4096 662 4151 nummis.
687 4100 782 4149 Eo.
803 4126 874 4137 —-
895 4100 1114 4158 Neritia,
1137 4099 1272 4161 noti,

1369 3311 1430 3352 ut
1462 3300 1759 3355 mortalitas
1790 3320 1891 3373 pro
1931 3300 2257 3355 mortalibus.
2288 3300 2396 3351 Ει).

1368 3411 1440 3420 —-
1458 3380 1537 3433 De
1554 3385 1783 3449 sportulis
1796 3378 1998 3434 dictum
2016 3379 2085 3433 ad
2106 3398 2191 3451 ep.
2212 3380 2289 3443 11,
2304 3386 2397 3443 14,

1367 3462 1399 3528 S
1425 3461 1775 3514 &Eue-Sed
1796 3478 1905 3529 ego.
1924 3460 2008 3512 Cf.
2026 3458 2096 3512 ad
2118 3460 2221 3530 Ep.
2238 3460 2309 3521 X,
2330 3466 2399 3523 44

1366 3543 1400 3609 S
1417 3559 1469 3605 1;
1484 3552 1535 3595 et
1546 3541 1679 3595 Pan.
1698 3552 1787 3607 47,
1812 3558 1836 3593 1
1849 3578 1861 3593 .
1874 3542 2395 3593 En.—-Moderareris.

1366 3619 1717 3675 Scribendum
1740 3656 1756 3684 ,
1784 3630 1875 3671 aut
1902 3620 2165 3671 modereris
2192 3630 2244 3671 et
2271 3622 2393 3680 sine,

1369 3711 1465 3752 aut
1478 3696 1805 3751 comiimeres.
1836 3698 1891 3753 S.
1921 3726 1992 3739 -—
2010 3694 2084 3750 Ut
2106 3696 2401 3751 formandis

1367 3778 1518 3832 istius
1540 3778 1827 3849 provincio
1844 3777 2081 3831 moribus
2100 3778 2211 3850 ipse
2234 3782 2398 3831 mode-

1369 3861 1567 3919 rareris,
1594 3872 1643 3909 ee
1658 3876 1722 3911 ea
1739 3861 2023 3921 constituas,
2044 3876 2221 3930 qum...
2242 3874 2401 3911 essene

1369 3939 1671 4009 profutura.
1700 3936 1800 3991 Hic
1829 3937 2045 4011 quidem
2082 3942 2399 3991 constitueres

1371 4036 1485 4071 esse
1513 4016 1941 4083 rescribendum,
1966 4038 2107 4072 unus
2141 4018 2397 4090 quisque,

1371 4096 1676 4151 admonitus
1696 4098 1979 4169 presertim
1995 4137 2012 4163 ,
2034 4097 2230 4152 videat.
2256 4096 2395 4153 Ena.
