2857 4690
386 698 421 752 3

463 379 599 452 302

1030 383 1107 452 C.
1158 380 1509 451 PLINII
1559 379 2032 450 SECUNDI

446 477 693 600 „quium
732 506 985 574 servis:
1034 520 1386 592 verentur,
1422 518 1491 574 et
1543 517 1836 600 parent‚·
1864 519 1933 574 et
1973 503 2285 576 dominos
2327 506 2600 579 habent.

456 618 617 688 Non
643 616 825 685 enim
846 615 987 709 jam
1014 617 1186 686 servi
1202 615 1411 684 nostri
1437 616 1768 711 principis
1789 616 2013 701 amici,
2029 615 2148 688 sed
2177 642 2303 688 nos
2337 643 2602 690 sumus:

458 751 587 796 nec
622 740 817 822 pater
856 727 1089 821 patrioe
1114 725 1347 796 alienis
1378 749 1452 796 se
1471 727 1828 822 mancipiis
1861 729 2224 818 cariorem,
2257 755 2466 824 quam
2498 733 2599 801 ci-

456 836 653 906 vibus
688 836 827 906 suis
863 836 1100 905 credit.
1135 835 1392 907 Omnes
1428 833 1815 907 accusatore
1853 837 2227 910 domestico
2269 839 2604 932 liberasti,

456 967 729 1041 unoque
764 944 997 1015 salutis
1030 944 1317 1040 publicae
1352 948 1549 1043 signo
1587 945 1752 1016 illud
1781 1001 1802 1035 ,
1840 963 1918 1018 ut
1958 950 2053 1019 sic
2097 948 2416 1040 dixerim,
2461 977 2606 1021 ser-

455 1055 587 1126 vile
634 1054 885 1127 bellum
934 1056 1306 1147 sustulisti,
1352 1058 1606 1154 inquo
1659 1083 1800 1128 non
1847 1061 2070 1129 minus
2113 1062 2347 1150 εει-νίς,
2397 1087 2606 1158 quam

456 1166 745 1236 dominis
768 1167 1173 1263 praestitisti:
1210 1167 1333 1238 hos
1361 1169 1546 1238 enim
1585 1191 1853 1239 securos
1871 1221 1892 1257 ‚
1928 1167 2076 1240 illos
2111 1170 2328 1240 bonos
2361 1171 2606 1242 fecisti.

455 1280 523 1349 N
524 1303 614 1347 on
631 1279 732 1348 vis
761 1280 1017 1370 interea
1044 1276 1341 1368 laudari3
1371 1304 1498 1348 nec
1535 1266 1816 1348 fortasse
1839 1278 2176 1350 laudanda
2203 1281 2382 1350 sint:
2415 1296 2606 1376 grata

386 1393 422 1451 4
456 1402 615 1459 sunt
642 1403 869 1457 tamen
883 1387 1393 1459 recordantibus
1421 1389 1800 1485 principem
1829 1388 2020 1460 illum
2049 1392 2121 1460 in
2149 1392 2372 1486 capita
2399 1392 2613 1462 domi·

456 1523 703 1568 norum
758 1522 981 1568 servos
1052 1498 1534 1569 subornantem
1558 1554 1579 1588 ‚
1625 1515 2252 1598 monstrantemque
2283 1503 2608 1589 crimina,

465 1635 613 1704 quae
679 1624 1027 1705 tamquam
1068 1608 1292 1680 delata
1326 1611 1641 1706 puniret:
1691 1635 2015 1708 magnum
2066 1627 2134 1680 et
2175 1612 2564 1683 inevitabile
2585 1665 2606 1700 ,

455 1745 535 1791 ac
586 1721 786 1792 toties
834 1720 1079 1816 cuique
1116 1721 1625 1820 experiendum
1681 1719 1968 1808 malum,
2019 1719 2281 1817 quoties
2313 1725 2608 1818 quisque

457 1830 705 1901 similes
740 1831 1033 1926 principi
1064 1856 1301 1902 servos
1329 1832 1633 1902 haberet.

528 1943 879 2012 XLIHcIn
906 1939 1144 2010 eodem
1162 1966 1409 2037 genere
1428 1941 1820 2036 ponendum
1839 1956 1942 2012 est
1960 1994 1980 2027 ‚
2003 1941 2186 2036 quod
2205 1956 2606 2026 testamenta

453 2068 683 2122 nostra
710 2074 945 2122 secura
974 2066 1164 2122 sunt:
1192 2063 1319 2122 nec
1349 2077 1526 2122 unus
1539 2053 1842 2122 omnium
1859 2107 1880 2140 ,
1901 2077 2088 2123 nunc
2105 2055 2266 2148 quia
2285 2057 2608 2151 scriptuS‚

452 2187 637 2232 nunc
673 2163 835 2258 quia
870 2186 1012 2231 non
1060 2163 1385 2257 scriptus,
1416 2162 1610 2234 heres
1647 2188 1738 2236 es,
1783 2165 1943 2235 Non
1981 2177 2058 2233 tu
2100 2163 2320 2253 falsis,
2347 2190 2488 2236 non
2529 2182 2606 2237 tu

527 2348 580 2402 3.
602 2348 736 2399 Sem·
772 2348 947 2399 nostri.
980 2341 1271 2399 Levissims
1312 2356 1483 2399 trans-

454 2426 713 2501 positione
738 2444 800 2481 εκ
826 2443 923 2479 suo
946 2424 1170 2497 aliisque
1190 2424 1339 2478 libris
1362 2443 1485 2497 pro-

454 2509 563 2561 latu
588 2523 772 2559 verum
800 2517 853 2557 et
878 2522 1037 2555 suum
1068 2502 1193 2557 huic
1218 2504 1338 2558 loco
1365 2523 1485 2558 sen-

454 2606 574 2642 sum
598 2583 834 2639 reddidit
860 2584 1209 2639 Schwarzius.
1240 2582 1326 2637 Al.
1358 2587 1486 2657 servi

444 2668 685 2735 spur-incipis
703 2665 861 2715 nostri
875 2665 1041 2715 amici.
1055 2661 1121 2715 G.
1132 2694 1195 2703 —
1209 2668 1437 2733 Unaque.
1459 2698 1473 2714 .

451 2750 613 2816 signo.
630 2744 750 2796 Una
770 2734 887 2815 l'ege
910 2741 1212 2814 reipublicae
1228 2742 1484 2809 salutari,

453 2844 563 2899 qua
590 2823 855 2898 Traianus
897 2820 1263 2876 insolentiores
1308 2842 1488 2877 servo-

451 2924 577 2959 rum
611 2902 973 2959 accusationes
1012 2916 1298 2956 coerceret.
1326 2902 1483 2956 Diffi-

454 2986 607 3039 cilius
625 2994 805 3038 autem
823 2982 969 3035 dictu
995 2994 1073 3035 est
1097 3018 1115 3045 ‚
1143 3000 1309 3053 quare
1334 2982 1482 3035 illam

451 3068 622 3141 legem
638 3067 833 3133 signwn
844 3060 1005 3115 dicat.
1025 3062 1159 3128 Qum
1171 3061 1484 3134 interpretes

350 3184 359 3195 .
452 3144 522 3199 de
534 3144 699 3217 signis
719 3160 762 3196 s.
776 3140 975 3195 vexillis
988 3138 1127 3193 adh.
1148 3139 1189 3193 1.
1208 3139 1482 3207 adferunt,

452 3243 561 3278 non
582 3222 705 3277 satis
722 3232 849 3293 epta
861 3216 1125 3273 videntur.
1146 3220 1296 3289 Signa
1313 3224 1484 3273 tollere

452 3302 669 3357 obvium
692 3311 745 3354 et
768 3310 957 3354 notum
976 3308 1055 3352 est
1078 3315 1091 3351 ε
1122 3296 1216 3351 sed
1242 3298 1377 3372 quid
1402 3312 1484 3354 est

452 3387 595 3455 signo
614 3385 793 3435 bellum
812 3382 1011 3433 tollere?
1026 3378 1169 3433 Num
1184 3378 1323 3433 forte
1340 3380 1484 3453 cogi·

453 3463 735 3537 gitabimus
779 3458 847 3513 de
876 3462 1017 3528 signo
1050 3477 1091 3512 s.
1126 3462 1287 3528 sik-illo
1308 3496 1326 3523 ,
1372 3478 1481 3533 quo

452 3539 658 3616 aliquid
672 3579 689 3605 ‚
704 3540 794 3595 cui
812 3537 1133 3611 imprimitur
1150 3576 1166 3602 ,
1193 3538 1480 3593 confirma-

454 3634 559 3675 tur.
599 3621 682 3674 Ita
714 3620 861 3673 bono
906 3638 1065 3673 sensu
1102 3618 1299 3673 Plinius
1331 3619 1482 3673 illam

448 3702 625 3773 legem
652 3698 855 3755 diceret
878 3703 1071 3770 signum
1097 3700 1271 3751 salutis
1291 3702 1478 3766 public.

451 3782 583 3854 quia
632 3781 725 3835 illa
769 3782 884 3853 lege
940 3780 1166 3833 salutem
1208 3777 1480 3848 publicam

450 3863 717 3937 Traianus
742 3858 1143 3916 confirmaverit
1166 3868 1219 3911 et
1241 3857 1482 3911 sancive-

451 3944 541 3998 rit.
557 3944 627 3995 At
652 3941 1020 4015 metaphoram
1050 3938 1187 3991 male
1204 3936 1483 3992 continua-

451 4024 527 4077 vit
547 4060 562 4086 ,
594 4022 688 4095 qui
720 4039 843 4074 mox
876 4020 971 4072 illo
1002 4018 1095 4072 tali
1134 4016 1285 4089 signo
1312 4020 1482 4071 servile

450 4107 631 4155 bellum
666 4101 928 4171 subletum
953 4097 1096 4151 dicit.
1118 4098 1196 4152 sit
1224 4098 1298 4151 ita
1319 4114 1335 4151 ε
1367 4116 1476 4153 non

450 4181 577 4235 satis
618 4192 743 4253 apte
776 4178 973 4233 dixerit
1025 4176 1246 4231 Plinius.
1294 4177 1478 4250 Ipsum

1569 2343 1706 2399 illud
1744 2343 1892 2419 quod
1928 2344 2078 2400 addit
2109 2351 2130 2419 (
2161 2364 2216 2400 ut
2237 2351 2310 2401 εἰσ
2344 2352 2604 2420 dixerim)

1569 2437 1875 2499 suspectum
1893 2426 2122 2501 alicujus
2135 2428 2471 2501 negligentia
2487 2430 2608 2485 red-

1569 2504 1668 2558 dit.
1691 2504 1832 2561 Nam
1858 2516 1908 2559 et
1929 2506 1988 2559 in
2012 2510 2176 2560 servili
2191 2511 2316 2561 bello
2339 2508 2412 2563 ad
2427 2522 2607 2565 vetera

1569 2595 1623 2639 et
1647 2602 1776 2639 vera
1792 2586 1934 2640 bella
1956 2586 2164 2641 servilia
2181 2587 2373 2643 allusio
2395 2602 2476 2643 est
2492 2609 2606 2644 non

1569 2663 1697 2719 satis
1728 2676 1854 2737 apta
1889 2666 2018 2719 huic
2057 2666 2178 2720 loco
2199 2704 2217 2731 ,
2255 2662 2314 2720 in
2348 2686 2460 2740 quo
2495 2688 2606 2725 non

1568 2742 1674 2798 nisi
1687 2743 1756 2797 de
1766 2744 1980 2799 licentia
1997 2764 2273 2800 servorum
2286 2746 2339 2801 in
2355 2746 2606 2803 dominos

1569 2825 1901 2878 accusatoria
1920 2822 2095 2901 sermo
2115 2837 2212 2880 est.
2239 2828 2306 2881 Ε.

1642 2907 2020 2971 4.Neclortassc
2029 2908 2288 2959 laudanda
2297 2909 2414 2960 sine.
2429 2907 2606 2973 Quam

1570 2983 1714 3037 enim
1757 2980 1973 3037 laudem
2007 2996 2242 3038 meretur
2264 3023 2281 3052 ,
2327 2986 2423 3059 qui
2467 2988 2605 3041 latro

1566 3081 1678 3115 non
1701 3072 1808 3127 est,
1828 3075 2086 3136 tyrannus
2101 3102 2118 3129 ,
2141 3063 2423 3120 insidiator
2445 3104 2462 3133 ,
2482 3086 2605 3122 cru·

1569 3141 1702 3196 delio
1724 3179 1741 3206 ‚
1772 3162 1880 3197 non
1909 3142 2028 3198 est?
2047 3140 2118 3199 G.

1637 3222 1838 3277 XLIH.
1881 3242 1948 3277 ·1.
2004 3228 2150 3277 Nunc
2206 3228 2326 3295 quia
2374 3229 2602 3295 serapem.

1567 3300 1796 3355 Amabat
1841 3304 2112 3375 Augustus
2165 3303 2223 3357 in
2279 3306 2606 3359 testamentis

1568 3381 1865 3436 amicorum
1879 3382 2140 3437 honorem
2160 3383 2258 3437 sibi
2274 3382 2468 3439 haberi
2480 3402 2497 3449 3
2510 3384 2604 3439 sed

1565 3460 1789 3515 honeste
1815 3474 1867 3526 et
1905 3462 2214 3516 liberaliter.
2243 3462 2359 3516 vid.
2379 3464 2600 3518 Sueton.

1565 3542 1762 3595 LXVI.
1787 3541 1892 3595 Alii
1917 3542 2181 3615 principes
2215 3540 2286 3595 ad
2326 3542 2602 3597 avaritiam

1567 3633 1619 3675 et
1646 3619 2016 3676 crudelitatem
2045 3633 2480 3677 testamentorum
2512 3622 2604 3677 ob-

1566 3712 1714 3755 tentu
1739 3700 1890 3755 abusi
1913 3738 1931 3765 ‚
1956 3702 2052 3775 qui
2084 3699 2451 3755 rescinderent
2473 3701 2601 3755 ulti-

1564 3798 1680 3833 mas
1690 3779 1990 3834 voluntates
1998 3820 2015 3842 ‚
2035 3780 2090 3834 in
2099 3781 2294 3853 quibus
2304 3781 2411 3853 ipsi
2421 3781 2606 3855 scripti

1564 3878 1674 3913 non
1701 3870 1874 3914 essent
1895 3900 1912 3927 ,
1946 3878 2116 3931 eoque
2150 3872 2356 3915 terrore
2385 3878 2602 3933 permo-

1565 3924 1747 3993 ve'rent
1789 3938 1920 3993 alios
1943 3978 1960 4007 ,
1993 3950 2054 3993 ut
2090 3950 2271 3995 contra
2311 3940 2480 3993 animi
2518 3940 2602 3993 sui

1568 4016 1876 4071 sententiam
1898 4056 1914 4084 ,
1933 4038 2041 4092 quo
2053 4032 2257 4091 partem
2275 4031 2416 4074 certe
2433 4020 2602 4075 bono-

1563 4092 1686 4151 rum
1711 4097 1820 4151 suis
1843 4112 2116 4155 servarent
2137 4138 2153 4163 ‚
2177 4098 2475 4171 principem
2505 4100 2600 4153 sd·

1567 4178 1874 4233 scriberent.
1929 4176 2039 4233 vid.
2103 4180 2321 4234 Sueton.
2371 4179 2596 4255 Caligul.
