2857 4690
757 388 1275 458 PANEGYR.
1328 389 1547 458 CAP.
1595 389 1792 457 LIX.

2206 385 2334 458 331

222 509 545 579 libertatis
576 510 902 580 indicium
932 509 1093 595 fuit,
1123 509 1301 604 quod
1346 509 1578 578 consul
1610 509 1813 595 alim,
1849 533 2049 604 quam
2087 513 2343 599 Caesar‚

218 635 405 688 esset.
442 621 561 690 sic
600 621 843 690 exactis
876 621 1145 716 regibus
1173 621 1375 715 coepit
1410 621 1580 689 liber
1607 644 1858 688 annus:
1895 619 1989 688 sic
2017 619 2178 688 olim
2211 645 2345 688 ser-

220 731 391 798 vitus
418 729 615 826 pulsa
632 783 653 817 ,
682 731 942 825 privata
968 729 1153 800 fastis
1192 732 1468 800 nomina
1505 730 1788 801 induxit.
1817 731 2101 800 Miseros
2130 730 2338 800 ambi-

218 839 447 925 tionis,
497 839 613 933 qui
676 840 769 908 ita
824 839 1127 910 consules
1186 865 1486 935 semper,
1555 855 1634 909 ut
1689 865 1946 935 semper
2009 840 2344 936 principes

216 946 451 1018 erant!
506 973 913 1044 quamquam
971 974 1107 1019 non
1164 950 1441 1019 ambitio
1498 952 1753 1047 magis,
1801 975 2002 1044 quam
2063 950 2231 1018 livor
2277 964 2344 1019 et

216 1057 597 1153 malignitas
636 1059 845 1130 videri
894 1069 1162 1154 potest,
1207 1085 1438 1130 omnes
1489 1085 1698 1130 annos
1742 1061 2113 1160 possidere,
2161 1087 2342 1130 sum·

212 1193 537 1264 mumque
570 1168 737 1239 illud
772 1196 1089 1266 purpurae
1126 1171 1327 1241 decus
1363 1196 1500 1239 non
1539 1171 1665 1240 nisi
1699 1186 2142 1266 praecerptum
2171 1195 2340 1265 prae-

216 1278 668 1374 ssoratumque
707 1281 1169 1350 transmittere.
1214 1283 1427 1350 Tuam
1481 1305 1640 1350 vero
1683 1281 2297 1376 magnanimitatem
2323 1335 2344 1369 ,
2378 1291 2412 1340 6

220 1414 305 1458 an
350 1389 743 1460 modestiam
770 1445 790 1478 ‚
826 1417 911 1461 an
946 1391 1427 1486 benignitatem
1477 1392 1664 1485 prius
1709 1390 1960 1460 mirer?
1993 1391 2343 1486 magnani-

216 1498 415 1568 mitas
456 1499 585 1569 fuit
606 1553 625 1582 ‚
660 1503 955 1596 expetito
998 1527 1259 1596 semper
1294 1501 1550 1570 honore
1586 1502 1957 1588 abstinere3
1991 1502 2348 1586 modestia,

212 1609 485 1694 cedere3
517 1609 930 1704 benignitas,
969 1637 1085 1705 per
1120 1612 1284 1680 alios
1314 1611 1471 1680 frui.

310 1721 491 1787 LIX.
520 1719 651 1788 Sed
679 1721 820 1813 jam
853 1735 1113 1815 tempus
1156 1736 1285 1809 est,
1324 1737 1391 1790 te
1421 1722 1546 1815 ipsi
1583 1722 1960 1792 consulatui
1995 1739 2346 1816 praestare,

214 1845 289 1898 ut
346 1831 671 1923 majorem
726 1857 879 1901 eum
932 1832 1386 1926 suscipiend0‚
1439 1831 1862 1926 gerendoque
1893 1837 2344 1928 augustiorem

218 1940 461 2010 facias:
498 1966 653 2010 nam
703 1945 957 2036 saepins·
988 1965 1326 2027 recusare,
1362 1943 1744 2038 ambiguam
1783 1967 1860 2012 ac
1904 1944 2126 2037 potius
2163 1943 2341 2013 illam

212 2054 839 2145 interpretationem
892 2054 1095 2124 habet
1121 2107 1141 2139 ‚
1190 2069 1532 2147 tamquam
1589 2055 1916 2124 minorem
1981 2071 2194 2150 putes·
2240 2060 2344 2126 Tu

212 2162 491 2256 quidem
532 2179 609 2232 ut
657 2166 1020 2234 maximum
1074 2165 1431 2251 recusasti3
1469 2163 1585 2232 sed
1629 2163 1757 2232 hoc
1799 2165 2194 2258 persuadere
2225 2190 2342 2235 ne-

210 2321 282 2373 G.
296 2352 367 2361 —
382 2320 497 2375 Hoc
526 2339 679 2375 sensu
700 2322 1029 2377 Domitianus
1050 2341 1235 2379 omnes

212 2400 521 2453 consulatus
540 2418 689 2471 pene
708 2401 861 2455 titulo
882 2414 1031 2455 tenus
1058 2402 1234 2474 gessit,

214 2498 314 2533 nee
326 2498 651 2551 quemqnam
664 2480 1069 2536 ultraKalendas
1082 2481 1231 2535 Maii:

212 2559 397 2628 plures
444 2558 513 2611 ad
554 2559 683 2613 Idus
728 2579 895 2631 usque
936 2562 1231 2617 Januarias.

214 2636 361 2690 Suet.
380 2638 535 2691 XIII.
550 2658 605 2691 v.
626 2659 741 2711 sup.
756 2660 804 2692 c.
823 2640 1025 2707 LVIII,
1038 2662 1093 2693 n.
1108 2659 1125 2693 ι
1138 2682 1149 2694 .
1167 2642 1232 2694 Ε.

286 2718 341 2770 5.
364 2720 595 2769 Consules
628 2738 831 2787 semper.
862 2720 1111 2773 Vitellius
1148 2740 1233 2775 co-

216 2794 365 2848 mitia
405 2796 461 2848 in
500 2796 683 2851 decem
724 2816 889 2851 annos
924 2798 1190 2853 ordinavit
1212 2838 1229 2864 ,

218 2894 379 2946 seque
420 2890 735 2948 perpetuum
778 2876 1047 2930 consulem
1090 2878 1231 2933 fecit.

218 2954 551 3008 Domitianus
561 2954 741 3008 decem
758 2957 1037 3011 continuos
1048 2978 1237 3011 consu-

218 3032 353 3085 latus
382 3034 558 3104 gessit.
594 3035 691 3085 En.
720 3064 791 3075 -—
818 3042 1073 3103 Pus-putee.
1096 3037 1237 3101 Quia

216 3112 461 3165 consules
486 3126 611 3185 toga
634 3126 879 3184 praetexta
904 3152 919 3175 ,
946 3114 1005 3167 id
1034 3128 1112 3169 est
1150 3117 1237 3168 cui

218 3190 409 3244 limbus
446 3210 743 3264 purpureus
784 3192 1023 3247 adtextus
1064 3208 1197 3249 esset
1220 3236 1235 3261 ,

218 3270 491 3342 conspicui
511 3283 677 3325 erant.
702 3273 807 3325 En.

286 3352 340 3402 6.
368 3356 469 3401 Per
486 3354 750 3420 aliosfiw'.
782 3354 867 3407 sic
889 3372 1047 3425 supra
1068 3354 1114 3403 L
1134 3391 1148 3416 ‚
1180 3358 1233 3407 6.

220 3432 381 3480 Habes
390 3450 489 3496 per
506 3434 707 3482 amicos.
726 3436 925 3483 Fruitur
943 3432 1239 3505 Imperator

218 3519 267 3559 et
284 3508 485 3578 gaudet
508 3509 713 3563 honore
736 3512 1047 3565 amicorum.
1069 3512 1137 3565 G.

284 3588 427 3641 LIX.
456 3609 505 3641 ι.
530 3592 739 3658 Sedjam
764 3604 967 3659 tempus.
986 3592 1109 3644 Hoec
1127 3593 1237 3663 jam

218 3664 285 3717 ad
301 3668 397 3719 Lx
412 3704 429 3731 ‚
452 3666 485 3717 3
507 3705 524 3730 ,
540 3685 647 3719 non
662 3686 724 3719 ex
739 3687 833 3721 sua
848 3688 1065 3741 persona
1086 3670 1235 3733 dicit,

218 3756 270 3796 et
306 3747 549 3817 presenti
584 3758 850 3819 tempore,
882 3750 1114 3802 Plinius:
1146 3750 1239 3803 sed

220 3824 369 3895 fingit
385 3863 400 3887 ,
427 3824 565 3897 quid
594 3828 829 3897 respubl.
856 3828 985 3900 quid
1012 3830 1237 3901 quisque

220 3916 427 3957 senator
454 3904 633 3958 dicere
660 3909 885 3977 potuerit
908 3921 1029 3961 ante
1063 3926 1235 3963 susce-

220 3995 361 4051 ptum
372 4002 403 4035 a
416 3985 625 4037 Coesare
640 3986 847 4039 tertium
866 3988 1232 4051 Consulatum3

220 4080 379 4132 quem
400 4064 517 4117 hoec
544 4078 733 4135 agente
757 4066 924 4120 Plinio
936 4069 1046 4139 jam
1070 4088 1233 4139 gesse-

216 4144 451 4197 serat.G.

1389 2354 1462 2365 —-
1485 2329 1552 2375 Te
1561 2360 1714 2376 .....
1721 2339 1962 2391 pra-stare
1993 2335 2072 2379 est
2088 2365 2104 2391 ,
2145 2325 2251 2398 pati
2287 2338 2346 2379 ut

1320 2402 1622 2456 consulatus
1643 2403 1740 2455 tibi
1775 2404 2086 2475 injungatur
2104 2442 2120 2468 ,
2149 2424 2345 2458 consu-

1319 2482 1484 2536 latum
1497 2483 1778 2554 suscipere.
1791 2484 2034 2551 E.—1psi
2049 2488 2250 2536 consula
2255 2488 2346 2535 eui.-

1320 2580 1488 2635 quum
1515 2562 1614 2617 tibi
1639 2562 1794 2617 nolis.
1819 2562 1928 2615 vid.
1949 2564 2156 2626 LVIII,
2191 2583 2235 2617 1.
2257 2564 2344 2617 Al.

1320 2646 1476 2712 ipsum
1502 2664 1636 2695 cons.
1666 2662 1966 2715 perperam.
1999 2646 2053 2699 S.
2083 2674 2155 2685 —-
2181 2652 2346 2715 Augu-

1318 2726 1532 2774 stiorem.
1557 2723 1782 2775 Possunt
1803 2722 1914 2775 hoec
1941 2722 2050 2775 duo
2070 2722 2344 2797 distingui.

1322 2805 1492 2870 Major
1515 2802 1576 2853 fit
1611 2802 1912 2854 consulatus
1933 2839 1948 2864 ,
1983 2820 2142 2872 quem
2170 2802 2346 2875 Impe-

1318 2892 1464 2932 rator
1491 2879 1742 2951 dignatur
1763 2880 2028 2952 suscipere
2055 2898 2068 2931 :
2095 2886 2348 2949 augentior

1320 2958 1381 3009 fit
1398 2997 1412 3021 ,
1428 2970 1479 3010 et
1494 2958 1614 3031 plus
1634 2958 1938 3011 reverentia
1951 2958 2140 3029 accipit
2155 2999 2170 3024 ,
2187 2979 2348 3029 quem

1318 3037 1582 3107 Trajanus
1595 3035 1916 3089 sancteadeo
1930 3037 2080 3107 gerit.
2093 3042 2180 3088 Est
2192 3039 2346 3090 nnius

1321 3126 1527 3167 tantum
1584 3115 1884 3187 parisiensis
1950 3115 2153 3169 codicis
2199 3116 2342 3187 apud

1321 3192 1674 3247 Schwmium
1713 3194 1870 3246 lectio
1899 3212 1912 3246 t
1955 3194 2126 3246 Plinio
2167 3206 2344 3247 tamen

1322 3270 1500 3343 digna.
1530 3272 1599 3325 G.
1626 3304 1698 3313 —-
1717 3274 1876 3327 Conf.
1900 3273 1951 3326 J.
1983 3274 2046 3324 A.
2075 3271 2346 3326 Ernestius

1322 3350 1393 3403 ad
1408 3350 1469 3404 h.
1491 3350 1529 3405 l.
1553 3355 1704 3425 cujus
1725 3365 1899 3405 tamen
1924 3352 2182 3405 rationem
2201 3352 2344 3423 equi-

1322 3430 1444 3484 dem
1467 3450 1574 3484 non
1593 3450 1799 3503 sequar.
1811 3432 1864 3484 S.

1391 3544 1465 3552 —
1493 3517 1558 3562 Ut
1587 3514 1822 3579 majorem
1851 3529 1960 3560 eum
1992 3512 2296 3577 suscipiendo
2327 3551 2341 3572 ,

1317 3594 1628 3659 gerendoque
1655 3592 1983 3659 augustiorem
1987 3591 2179 3657 facias.
2213 3592 2346 3644 Ver·

1322 3670 1452 3721 hum
1479 3673 1810 3739 augustiorem
1839 3668 1895 3719 in
1939 3687 2047 3721 uno
2091 3667 2227 3723 libro
2263 3690 2346 3723 re-

1323 3761 1532 3820 pertum
1549 3760 1625 3801 est
1643 3764 1660 3811 ;
1675 3746 1837 3818 idque
1855 3748 2056 3819 recepit
2064 3747 2346 3805 Gesnerus:

1322 3826 1470 3899 quod
1489 3846 1586 3898 ego
1609 3844 1718 3877 non
1743 3826 1920 3879 imiter
1941 3844 1956 3879 τ
1983 3840 2164 3899 estque
2185 3830 2254 3883 ab
2269 3831 2345 3883 in-

1326 3908 1642 3979 terpolatore
1655 3944 1670 3969 ,
1686 3924 2014 3978 quamquam
2033 3926 2144 3961 non
2163 3908 2343 3963 absur-

1324 3986 1413 4039 do.
1443 3987 1578 4039 En.

1398 4070 1608 4115 —Nam
1638 4069 1810 4133 sapim
1832 4086 2068 4120 recusare.
2086 4066 2340 4122 Videatur

1324 4144 1442 4209 ιν,
1463 4142 1597 4198 5.G.

2381 741 2414 793 tn
