2857 4690
1282 162 1309 209 Ι

762 342 1283 410 PANEGYR.
1342 343 1555 411 CAP.
1611 342 1766 408 LX.
2183 344 2318 417 335

176 460 367 529 hene
416 484 497 529 ac
538 460 799 529 fortiter
833 460 1087 545 meritis
1122 462 1523 555 praestitisti,
1570 460 1684 530 sed
1727 462 1796 529 in
1843 476 1998 557 toga
2041 467 2316 536 meritis,

184 571 573 663 Utriusque
598 594 759 637 cura
781 623 801 657 ‚
831 571 1175 663 utriusque
1200 568 1540 663 vigilantia
1561 571 1919 641 obstrictus
1949 598 2052 660 es,
2071 577 2320 665 Caesar3
2354 596 2390 645 6

176 678 309 749 sed
374 680 445 763 in
492 679 794 773 principe
848 704 1107 765 rarum,
1152 704 1230 748 ac
1286 700 1496 774 prope
1545 678 1886 769 insolitum
1943 696 2082 769 est,
2127 697 2206 751 ut
2253 710 2322 753 se

174 804 389 883 putet
428 788 797 881 obligatum
820 841 837 873 ‚
861 803 1007 871 aut,
1031 790 1083 857 si
1120 804 1314 882 putet
1336 842 1355 876 ,
1383 804 1580 859 amet.
1607 791 1828 859 Debes
1865 816 2024 885 ergo
2043 844 2062 879 ,
2082 793 2322 879 Caesar,

176 916 257 968 et
302 898 544 967 solvis:
582 898 695 967 sed
734 924 941 993 quum
978 915 1080 967 ter
1116 898 1415 969 consules
1452 900 1646 985 faciti,
1691 926 1828 969 non
1876 901 1996 968 tibi
2037 926 2321 997 magnus

178 1010 549 1103 princepS,
598 1006 712 1077 sed
774 1034 913 1076 non
974 1008 1273 1103 ingratus
1336 1011 1588 1081 amicus
1633 1010 1893 1079 videriS.
1931 1012 2320 1105 Quinetiam
2355 1044 2389 1097 7

178 1142 523 1213 perquam
583 1117 845 1187 modica
910 1118 1211 1219 quaedam
1267 1120 1512 1189 civium
1571 1123 1806 1189 merita
1854 1121 2139 1205 fortunae
2193 1138 2322 1193 tuae

178 1229 451 1297 viribus
502 1229 573 1295 in
618 1228 830 1320 majus
872 1226 1154 1297 extollis.
1198 1228 1425 1298 Efficis
1465 1230 1680 1313 enim,
1753 1244 1831 1299 ut
1888 1244 2148 1301 tantum
2200 1233 2321 1301 tibi

178 1340 476 1432 quisque
500 1337 879 1431 praestitisse
915 1338 1249 1427 videatur,
1285 1357 1610 1435 quantum
1650 1367 1687 1411 a
1730 1357 1795 1411 te
1833 1346 2102 1437 recepit.
2136 1344 2322 1433 Quid

182 1448 739 1542 istibenignitati
778 1448 1056 1542 precer?
1098 1451 1225 1519 nisi
1272 1465 1350 1519 ut
1390 1476 1654 1545 semper
1703 1453 2060 1547 obligeris‚
2100 1454 2316 1523 incer-

182 1576 473 1653 tumque
507 1559 737 1647 faciam,
774 1574 1000 1631 utrum
1040 1562 1249 1653 magis
1290 1561 1598 1656 expediat
1625 1563 1882 1631 civibus
1917 1564 2049 1631 tuis
2076 1563 2317 1633 debere

180 1670 345 1757 tibi,
386 1694 471 1737 an
516 1670 911 1763 proestitisse.

182 1840 479 1904 U.c.852,
504 1852 619 1911 post
636 1842 703 1895 N.
724 1842 787 1894 C.
814 1858 931 1906 100,
952 1842 1208 1895 Consules
1297 1844 1427 1895 certi
1457 1855 1552 1897 est.
1585 1844 1718 1896 Nam
1744 1862 1844 1915 pro
1879 1848 1950 1895 M.
1987 1848 2127 1896 Corn.
2159 1850 2314 1895 Fron·-

180 1922 243 1974 hi
272 1920 527 1992 adscripti
555 1939 569 1973 z
605 1948 627 1967 ι
660 1922 789 1992 [mp-
811 1922 1001 1992 Ulpius
1026 1922 1209 1994 Traja-
1297 1937 1409 1973 tone
1435 1924 1784 1975 accuratiores
1807 1923 1948 1975 Fasti
1970 1963 1987 1988 ,
2020 1925 2246 1975 Nor-isius
2265 1937 2316 1975 et

180 2020 287 2053 nus
308 2002 425 2062 111,
462 2001 538 2052 M.
574 2000 848 2053 Cornelius
882 2001 1077 2053 Fronto
1103 2000 1203 2053 111.
1298 2006 1592 2053 Blanchinus
1625 2003 1725 2072 (T.
1760 2002 1830 2054 11.
1858 2002 2154 2070 Anastasii)
2189 2001 2318 2054 dant

180 2080 322 2133 Suff.
352 2081 431 2133 Ex
452 2080 577 2133 Kal.
600 2080 755 2132 Mart.
776 2080 960 2136 Sextus
985 2080 1208 2151 Pompo-

183 2160 307 2213 nius
332 2159 543 2229 Collega
581 2160 682 2211 111.
706 2160 779 2211 Ex
810 2160 934 2213 Kal.
971 2160 1113 2231 Sept.
1144 2160 1204 2213 C.

180 2238 389 2291 Plinius
424 2238 693 2297 Secundus
722 2276 738 2301 ,
788 2240 877 2308 sp.
931 2239 1207 2292 Cornelius

182 2318 475 2372 Tertullus.
507 2318 581 2368 Ex
604 2316 726 2370 Kal.
757 2318 891 2371 Nov.
915 2318 1089 2372 Julius
1111 2319 1208 2372 Fe-

182 2417 281 2449 rox
302 2439 319 2464 ,
360 2397 573 2450 Acutius
619 2399 812 2451 Nerva.
852 2423 874 2444 ι·
927 2397 1051 2452 Haec
1096 2419 1207 2452 esse

184 2477 311 2530 satis
344 2490 591 2530 accurata
610 2515 627 2540 ,
653 2477 881 2530 ostendit
899 2495 1016 2549 cap.
1042 2479 1165 2530 LXI
1190 2519 1205 2544 ,

184 2559 245 2614 6,
276 2554 423 2608 unde
440 2556 653 2627 colligas
671 2595 687 2620 ‚
711 2557 997 2627 Traianum
1026 2558 1207 2628 primis

184 2635 399 2688 duobus
444 2637 707 2688 mensibus
748 2655 871 2688 cum
902 2635 1165 2690 Frontone
1188 2677 1205 2702 ,

182 2713 363 2766 alteris
392 2711 599 2768 duobus
635 2733 757 2768 cum
785 2714 997 2786 Collega
1018 2734 1205 2770 consu-

184 2791 289 2844 lem
313 2794 495 2848 fuisse.
517 2793 584 2845 G.
606 2824 677 2834 —-
700 2793 856 2847 Conf.
881 2793 931 2845 J.
958 2795 1021 2846 A.
1052 2801 1208 2848 Erue-

184 2873 317 2924 stius
346 2871 417 2924 ad
438 2871 493 2924 h.
531 2872 567 2924 l.
589 2873 643 2924 S.

256 2954 659 3020 *Singulae-ibus
674 2953 816 3003 viris.
840 2949 923 3004 Ad
940 2951 997 3004 h.
1010 2949 1048 3004 l.
1071 2951 1205 3006 Ges-

182 3049 347 3084 nerns
372 3050 401 3082 e
440 3031 609 3082 Fastis
640 3029 856 3083 Consul.
878 3032 1203 3085 Almelovee-

184 3111 361 3163 nianis
381 3111 527 3181 ponit
546 3110 797 3164 Consules
814 3129 869 3164 a.
895 3113 958 3162 C.
994 3129 1091 3164 100
1116 3129 1129 3164 ε
1156 3124 1207 3164 et

184 3189 241 3240 in
268 3191 483 3253 notula,
514 3208 631 3262 quae
656 3208 800 3242 nunc
833 3189 1082 3255 accessit,
1111 3190 1206 3242 ad-

182 3269 291 3332 dit,
320 3283 461 3322 recte
482 3271 678 3340 positos
706 3267 761 3320 in
782 3268 948 3321 Fastis
970 3269 1070 3320 illis
1086 3288 1213 3321 con-

184 3349 324 3402 sules
347 3369 461 3402 esse
484 3387 500 3406 .
535 3361 717 3420 patere
744 3367 773 3400 e
798 3368 917 3420 cap.
944 3349 1068 3400 LXI
1087 3385 1103 3410 ‚
1130 3351 1163 3400 6
1188 3385 1205 3410 ,

184 3428 324 3482 unde
345 3427 519 3500 colligi
546 3429 742 3500 possit,
778 3429 1065 3499 Trajanum
1099 3425 1205 3496 pri·

188 3508 284 3560 mis
322 3507 533 3560 duobus
574 3507 841 3559 mensibus
882 3526 1003 3559 cuin
1042 3505 1208 3557 Fron·

186 3597 331 3652 tone,
353 3587 529 3640 alteris
554 3605 674 3638 cum
698 3586 911 3656 Collega
934 3586 1207 3638 consulem

186 3667 365 3718 luisse.
422 3665 483 3718 Id
526 3665 769 3736 ambigue
807 3665 1005 3718 dictum
1028 3682 1039 3716 ε
1080 3683 1207 3716 nam

184 3745 241 3796 in
278 3745 369 3797 illo
411 3745 581 3817 capite
617 3745 764 3798 nulla
800 3743 1077 3798 consulum
1110 3761 1207 3794 no-

184 3825 327 3878 mina
338 3863 351 3876 .
362 3827 460 3877 Res
478 3825 551 3878 sic
564 3823 725 3878 babet
736 3843 749 3877 ε
762 3822 1136 3876 Ahneloveenii
1152 3821 1207 3874 in

184 3903 353 3957 Fastis
373 3916 495 3956 sunt
518 3903 773 3957 Consules
802 3922 923 3955 cum
942 3903 1171 3972 Trojano
1190 3943 1205 3966 ,

182 3985 415 4054 primum
448 3990 518 4035 M.
550 3985 797 4035 Cornelius
825 3988 1002 4032 Fronto
1022 3981 1117 4032 111.
1131 3981 1210 4032 Ex

185 4063 308 4116 Kal.
334 4063 492 4115 Mart.
514 4064 994 4128 Sexthomponius
1015 4063 1209 4126 Collega

184 4143 263 4194 111
284 4179 300 4206 ,
321 4153 425 4194 etc.
449 4139 552 4194 sed
572 4140 621 4191 in
646 4139 948 4192 nominibus
970 4137 1054 4188 his
1077 4137 1209 4188 nihil

1294 2084 1340 2131 S.
1360 2084 1542 2132 Iulium
1568 2081 1852 2131 Frontinum
1881 2078 1986 2132 ῙῙῙ.
2024 2086 2316 2131 Frontonem

1294 2170 1468 2211 autem
1501 2160 1782 2211 suffectum
1818 2160 1944 2211 facit
1975 2160 2183 2229 Stampa
2217 2158 2314 2227 (in

1294 2236 1462 2289 Fastis
1482 2238 1656 2309 Sigon.
1675 2241 1696 2307 )
1721 2244 1768 2290 S.
1792 2242 2088 2305 Pomponius
2119 2241 2316 2307 Collega

1294 2328 1370 2370 est
1415 2336 1446 2370 e
1491 2319 1792 2390 conjectura
1830 2316 2070 2370 Pa‘nvinii
2093 2355 2108 2381 ,
2153 2334 2314 2388 quem

1293 2396 1710 2450 Almeloveenius
1720 2397 1830 2449 sine
1840 2399 1860 2468 j
1869 2395 2043 2448 udicio
2055 2397 2313 2467 sequitur,

1290 2476 1494 2528 incerta
1517 2513 1534 2540 ‚
1569 2477 1732 2528 immo
1765 2475 1918 2529 falsa.
1949 2475 2185 2528 Omnino
2211 2475 2314 2528 illis

1292 2555 1458 2608 Fastis
1504 2554 1574 2608 ad
1605 2555 1950 2607 Panwinianos
1993 2554 2144 2606 factis
2181 2552 2314 2607 fides

1291 2634 1476 2688 haberi
1495 2646 1608 2687 tuto
1623 2653 1732 2688 non
1745 2646 1944 2706 potest:
1976 2653 2109 2706 quos
2131 2653 2192 2686 ex
2205 2653 2315 2686 om-

1292 2713 1446 2766 nibus
1476 2715 1828 2768 recentiorum
1861 2713 2146 2766 obser-vatis
2167 2751 2182 2777 ,
2211 2733 2312 2766 nu·

1292 2793 1390 2844 mis
1414 2831 1430 2856 ,
1469 2793 1891 2864 inscriptionibus
1910 2831 1926 2856 ,
1966 2805 2066 2844 etc.
2085 2830 2099 2854 ,
2141 2811 2314 2846 corre·

1295 2871 1466 2927 ximus
1476 2887 1526 2924 et
1544 2873 1980 2942 locupletavimus
1996 2908 2010 2932 ,
2031 2871 2314 2941 praesertim

1293 2951 1491 3003 saeculis
1519 2951 1761 3002 Caesareis
1787 2987 1802 3013 ,
1833 2969 1926 3021 per
1947 2949 2139 3000 multos
2165 2948 2312 3002 dein-

1288 3045 1416 3100 ceps
1468 3048 1633 3081 annos
1666 3047 1680 3079 :
1746 3027 1840 3080 sed
1901 3027 2208 3080 absolvendi
2262 3040 2312 3080 et

1293 3105 1484 3160 edendi
1519 3121 1723 3177 tompus
1757 3125 1854 3158 nos
1891 3105 2198 3169 habituros,
2227 3106 2313 3157 vix

1292 3183 1550 3240 audemus
1577 3205 1800 3258 sperare.
1823 3185 1957 3238 Ean.

1364 3271 1413 3319 6.
1443 3269 1496 3317 Si
1501 3281 1670 3334 putee,
1699 3281 1850 3317 amet.
1873 3264 1970 3318 Cui
2016 3262 2157 3315 enim
2195 3261 2313 3334 quis

1292 3344 1577 3416 obligatum
1609 3364 1664 3398 se
1691 3338 1846 3398 se'ntit
1865 3381 1881 3406 ‚
1907 3343 2056 3396 illum
2085 3360 2146 3394 ea
2164 3353 2312 3412 parte

1294 3425 1544 3497 ztiajorem
1572 3443 1628 3478 se
1660 3423 1913 3494 agnoscit.
1945 3422 2132 3490 Itaque
2157 3421 2313 3472 bene-

1292 3503 1413 3556 ficio
1440 3503 1577 3556 vinci
1605 3500 1820 3574 quidam
1855 3497 1988 3552 adeo
2014 3498 2232 3564 nolunt,
2253 3511 2312 3550 ut

1292 3582 1450 3636 etiam
1475 3579 1679 3634 oderint
1705 3581 1838 3631 bene
1861 3577 1929 3630 de
1955 3596 2010 3628 se
2043 3577 2308 3629 meritum.

1294 3663 1490 3714 Contra
1511 3680 1572 3714 ea
1601 3658 1788 3714 Cicero
1807 3655 1954 3708 Fam.
1979 3655 2047 3718 V,
2075 3673 2126 3726 7,
2146 3661 2312 3709 Facile

1287 3743 1460 3808 pacior·
1489 3741 1628 3808 apud
1649 3758 1724 3788 me
1745 3739 1859 3804 plus
1893 3737 2048 3806 officii
2068 3738 2308 3797 residere,

1296 3839 1377 3872 me
1406 3817 1774 3871 officiosiorem
1797 3813 1972 3866 fuisse.
1994 3813 2061 3866 G.

1365 3917 1415 3970 7.
1449 3900 1630 3950 Civium
1649 3899 1822 3946 merita
1837 3897 2060 3962 fortuna·
2102 3909 2198 3944 111ae
2234 3899 2312 3946 νί-

1296 3979 1427 4030 rt‘bus
1462 3979 1511 4028 in
1531 3979 1687 4045 majus
1713 3976 1905 4024 extollis
1923 3972 2149 4044 premiis
2169 3975 2310 4044 prin·

1297 4055 1552 4128 cipalibus
1571 4095 1586 4119 ‚
1626 4052 1818 4125 quibus
1866 4051 2075 4104 illorum
2123 4054 2310 4105 merita

1299 4153 1473 4188 ornas,
1495 4135 1558 4186 E.
