2857 4690
393 353 432 389 “y

598 445 642 483 r
717 367 1234 438 PANEGYR.
1286 367 1502 436 CAP.
1555 369 1887 436 XXXII.
2222 367 2360 442 285

330 488 632 564 XXXII&
648 494 877 582 Quam
916 515 1098 561 nunc
1130 491 1325 584 juvat
1356 491 1734 586 provincias
1773 513 2006 560 omnes
2046 492 2118 560 in
2165 491 2366 562 fidem

238 620 533 675 nostram
566 602 1027 696 ditionemque
1054 601 1311 670 venisse
1324 653 1343 688 ‚
1371 614 1726 695 postquam
1751 600 2038 695 contigit
2056 603 2368 698 princeps

240 717 350 810 qui
396 731 731 784 terrarum
792 712 1295 782 foecunditatem
1344 735 1526 780 nunc
1575 711 1711 780 hue
1743 765 1762 798 ‚
1806 735 1990 781 nunc
2040 709 2200 781 illuc
2221 764 2240 794 ‚
2291 727 2370 782 ut
2431 721 2442 731 '

240 841 507 919 tempus
536 839 609 894 et
640 824 995 894 necessitas
1012 837 1347 917 posceret,
1362 821 1756 892 transferret
1791 819 2222 917 referretque!
2251 823 2370 918 qui

240 935 643 1031 diremptam
667 935 839 1004 mari
866 948 1133 1029 gentem
1152 985 1173 1022 ,
1202 947 1281 1003 ut
1320 947 1578 1028 partem
1617 932 1911 1028 aliquam
1950 931 2181 1028 populi
2225 933 2371 1028 pie-

242 1045 479 1139 bisque
496 1048 853 1129 Romanae‚
879 1043 1082 1114 aleret
1117 1068 1195 1114 ac
1224 1041 1553 1114 tueretur!
1582 1047 1672 1114 Et
1703 1042 1865 1114 eaelo
1901 1043 2176 1138 quidem
2200 1068 2372 1113 nun·

240 1179 441 1248 quam
484 1154 865 1249 benignitas
904 1167 1091 1224 tanta
1118 1207 1139 1240 ‚
1184 1168 1261 1223 ut
1314 1177 1546 1224 omnes
1591 1152 1792 1224 simul
1842 1167 2056 1224 terras
2111 1154 2376 1224 ubertet

243 1261 643 1358 foveatque:
694 1264 807 1334 hic
852 1263 1165 1334 omnibus
1204 1265 1490 1360 pariter,
1541 1265 1596 1332 si
1635 1289 1775 1334 non
1809 1264 2264 1352 sterilitatem,
2307 1281 2378 1335 at

242 1373 419 1444 mala
478 1375 842 1446 sterilitatis
890 1376 1249 1445 exturbat:
1300 1375 1411 1444 hic
1433 1429 1453 1460 ‚
1507 1377 1560 1444 si
1621 1400 1759 1446 non
1825 1374 2322 1446 foecunditatem
2355 1429 2377 1464 ‚

244 1498 313 1554 at
390 1484 573 1554 bona
642 1484 1097 1556 foecunditatis
1164 1486 1486 1579 importat
1546 1512 1562 1555 :
1654 1486 1766 1555 hic
1837 1485 2112 1556 alternis
2193 1511 2374 1556 com-

246 1594 579 1664 meatibus
632 1596 957 1664 orientem
1009 1595 1562 1689 occidentemque
1611 1597 1950 1666 connectit
1975 1648 1995 1680 ‚
2045 1610 2176 1681 ut,
2233 1618 2382 1690 quae

248 1705 500 1799 ubique
550 1705 861 1776 seruntur
888 1759 909 1792 ‚
981 1730 1261 1801 quaeque
1322 1720 1728 1800 expetuntur
1754 1760 1775 1794 ,
1841 1729 2076 1776 omnes
2151 1721 2382 1800 gentes

250 1935 385 1990 notis
429 1952 489 1987 se
522 1933 675 2006 quasi
708 1933 1119 1987 accommodans
1132 1973 1149 1998 ,
1178 1933 1273 1984 ΛΕ-
1360 1933 1524 1998 bene,
1541 1935 1656 2006 ipse
1675 1933 1882 1988 viderit.
1905 1935 2114 1990 Retinet
2135 1934 2386 1988 illustrat-

250 2027 413 2088 gypto
437 2012 655 2086 quidem
670 2051 687 2078 ,
714 2013 1011 2067 etc.—Non
1039 2011 1238 2065 damno
1262 2027 1276 2062 ε
1360 2033 1466 2087 que
1485 2013 1749 2074 Schwarz.
1769 2013 1920 2067 G.—
1935 2014 2093 2068 Hunc
2131 2026 2384 2086 sequutus

252 2105 431 2147 tamen
466 2091 652 2145 nescio
678 2089 948 2164 quomodo
982 2091 1082 2144 ista
1108 2090 1279 2144 oratio
1360 2095 1522 2148 etiam
1562 2093 1825 2165 Gierigius
1863 2095 2056 2146 acernis
2099 2093 2281 2146 edidit.
2320 2095 2387 2145 At

255 2175 480 2245 abrupta
499 2212 515 2237 ,
532 2191 694 2244 quam
712 2172 1069 2243 interpunctio
1086 2169 1278 2232 efficit,
1362 2176 1634 2227 enimvero
1659 2172 1772 2244 ipse
1797 2173 1996 2225 Plinius
2029 2171 2264 2245 prodidit
2288 2210 2303 2236 ,
2332 2191 2386 2224 se

254 2253 425 2326 magis
436 2253 677 2306 Pliniana
692 2249 923 2304 videtur.
940 2251 1005 2303 E.
1021 2282 1093 2292 —
1108 2249 1281 2302 Probo
1364 2256 1564 2306 alter-nis
1577 2254 1860 2324 scripsisse.
1876 2251 2014 2305 Nam
2027 2271 2146 2324 quo
2160 2270 2388 2324 sequun-

256 2331 476 2388 Gema-i
495 2329 989 2403 interpunctionem.
1008 2329 1150 2383 Tum
1168 2348 1281 2383 ma·
1364 2344 1454 2387 tur
1479 2352 1492 2385 :
1523 2359 1550 2379 ··
1576 2344 1635 2387 ut
1655 2374 1671 2400 ,
1708 2352 1826 2406 quoe
1859 2332 2058 2405 ubique
2105 2331 2344 2385 seruntur
2369 2370 2386 2397 ,

258 2414 349 2471 lim
362 2430 497 2466 voce
510 2413 758 2484 repetita:
784 2414 927 2462 Nilus
948 2414 1161 2479 AEgnuo
1176 2412 1283 2479 qm·-
1366 2432 1588 2486 quaeque
1611 2424 1927 2484 expetuntur
1951 2449 1967 2475 ,
1995 2429 2181 2465 omnes
2211 2423 2391 2485 gentes

261 2496 395 2557 dem,
416 2504 519 2547 etc.
536 2492 591 2547 S.
606 2493 903 2560 ——AE'gypto
924 2494 1119 2558 quidem
1135 2509 1281 2557 soepe-
1364 2494 1592 2547 invicem
1606 2494 1818 2564 capiant
1839 2516 1861 2539 ι
1877 2510 1892 2545 :
1909 2502 2096 2545 etmox
2121 2518 2170 2556 ,ι
2186 2494 2389 2567 quippe

260 2572 585 2643 Pronus-ma
601 2607 617 2632 ‚
636 2582 698 2623 ut
714 2580 905 2623 vocant
923 2568 1283 2621 Grammatici.
1369 2572 1610 2628 discretis
1647 2570 1864 2644 quidem
1905 2572 2062 2624 bonis
2113 2573 2349 2625 omnium
2375 2610 2392 2635 ,

262 2657 473 2720 Egypt>
495 2670 628 2717 ,στι-μ·
649 2651 1005 2719 largior-fluxit
1028 2650 1171 2699 Nilus
1188 2686 1205 2708 2
1232 2658 1287 2700 et
1370 2673 1467 2708 sua
1492 2654 1751 2725 cujusque
1771 2650 1840 2705 ad
1864 2652 2100 2723 singulos
2121 2650 2258 2705 mala
2281 2670 2396 2716 ;so-

266 2728 659 2783 fecunditatem
696 2728 773 2781 illi
818 2726 1119 2781 conciliavit
1148 2745 1162 2779 τ
1201 2730 1294 2778 sed
1370 2734 1521 2788 cinti,
1539 2744 1716 2786 autem
1735 2743 1895 2805 atque
1920 2731 2189 2803 permixtis
2211 2770 2227 2796 ‚
2249 2744 2350 2785 etc,
2369 2758 2394 2777 η

262 2812 435 2878 gloriae
453 2846 471 2873 ,
492 2818 597 2862 etc.
618 2808 795 2862 Refert
814 2804 884 2859 ad
908 2806 1047 2860 hanc
1068 2805 1287 2879 gloriam
1371 2813 1484 2867 hoec
1501 2848 1517 2873 ,
1542 2812 1763 2883 inquam
1779 2847 1795 2874 ,
1815 2810 1934 2863 illos
1958 2822 2173 2875 tantum,
2182 2816 2395 2865 alternos

267 2888 474 2958 Ῑ-ᾸΡῦῖἱῑδ
492 2904 776 2940 nummum
792 2886 1013 2959 Trajani
1030 2924 1046 2950 9
1066 2887 1120 2938 in
1139 2889 1291 2959 cujus
1373 2902 1698 2946 commeatus
1715 2928 1730 2954 ,
1741 2908 1850 2943 non
1863 2904 2069 2942 «τιον-ποι
2081 2929 2098 2954 ,
2111 2891 2392 2961 explicant.

267 2984 455 3021 aversa
476 2966 587 3019 Nili
610 2976 863 3020 consueta
901 2965 1131 3037 effigies,
1168 2982 1291 3017 cum
1374 2972 1442 3025 Ε.
1461 3000 1533 3011 -
1551 2976 1792 3021 Fer-anem
1813 3008 1830 3029 ,
1869 2988 2090 3037 quaeque.
2117 2974 2362 3021 Feruntur
2377 3009 2394 3031 ,

266 3046 485 3099 nominc
524 3044 709 3099 addito
730 3082 748 3109 ,
772 3055 827 3097 et
854 3043 1214 3116 inscriptione.
1245 3060 1289 3096 s.
1374 3049 1719 3123 proferuntur
1744 3065 1776 3100 a
1803 3060 1944 3101 terra
1961 3085 1979 3111 ,
2007 3047 2093 3100 vel
2113 3046 2253 3100 ultro
2271 3088 2288 3113 ,
2315 3047 2397 3101 vel

270 3142 322 3177 r.
345 3144 403 3189 Q.
427 3144 487 3180 n.
506 3142 717 3179 onusto
737 3140 998 3178 rammi.
1018 3122 1088 3175 G.
1378 3146 1546 3203 quum
1573 3126 1715 3179 culta
1738 3138 1832 3179 est.
1862 3130 2097 3177 Ser-untur
2113 3138 2192 3179 est
2213 3144 2244 3177 e
2271 3143 2400 3179 con-

338 3205 571 3259 xxm.
600 3225 650 3258 2.
685 3208 893 3256 Uber-tet.
917 3204 1003 3258 Sic
1026 3200 1237 3257 Gudius
1266 3220 1297 3255 e
1374 3213 1580 3284 Jectura
1631 3207 1816 3278 Lipsii.
1869 3204 1974 3257 Alii
2013 3204 2192 3276 plures
2256 3204 2398 3275 apud

272 3284 383 3339 MS.
420 3284 571 3357 quod
604 3284 797 3355 probet
826 3282 1172 3338 Schmniut-
1206 3282 1289 3335 ΑΙ·
1380 3286 1736 3345 Schwarzium
1753 3286 1860 3339 sic:
1891 3296 2008 3347 «ut,
2033 3302 2147 3355 quae
2177 3283 2356 3336 ferunt
2375 3324 2392 3346 ,

274 3384 397 3419 cum
448 3364 737 3417 Arntzenio
794 3368 974 3416 uberet.
1031 3362 1299 3417 Sententia
1382 3386 1604 3441 queque
1630 3374 1885 3438 expetunt
1918 3381 2044 3436 opes
2070 3374 2249 3435 gentes
2264 3401 2280 3428 ,
2315 3360 2399 3415 di·

274 3443 482 3497 eadem.
528 3448 729 3495 {Iba-m
768 3442 959 3515 legitur
1000 3453 1301 3497 constanter
1384 3460 1530 3501 scant
1549 3445 1776 3499 invicem
1789 3444 2003 3515 capiant
2026 3456 2270 3515 quanto».
2291 3442 2402 3495 Pri-

278 3520 419 3594 ·pud
452 3522 769 3576 {uiatorem
784 3521 959 3575 Nostri
980 3521 1299 3574 Eumenium
1384 3544 1482 3581 ora
1497 3538 1639 3581 certe
1648 3524 1808 3577 verba
1821 3518 2100 3575 commode
2114 3540 2170 3575 se
2182 3521 2399 3575 habent.

276 3620 373 3673 pm
400 3602 669 3655 Flaviens.
706 3621 749 3654 s·
780 3601 922 3665 VII,
956 3620 1025 3671 9,
1054 3603 1108 3653 6.
1129 3600 1199 3653 G·
1228 3630 1299 3641 -
1384 3602 2037 3665 G.—Vid.J.A.E1-nest.
2057 3598 2252 3654 adh.l.
2274 3602 2403 3655 S.—

278 3686 495 3733 Aloernit
505 3684 868 3733 commeatibus.
880 3680 944 3734 Id
954 3692 1031 3733 est
1045 3718 1061 3743 ‚
1074 3679 1269 3732 mutuis
1284 3716 1300 3743 ,
1390 3683 1512 3744 Qua
1550 3680 1726 3745 ubique
1746 3676 1997 3743 fimatur.
2033 3672 2154 3725 Non
2191 3690 2404 3744 possum

278 3760 371 3813 ubi
412 3760 569 3813 alteri
604 3758 875 3813 sufficiunt
899 3797 916 3824 ,
956 3776 1075 3832 qun
1113 3756 1305 3811 desunt
1388 3752 1884 3827 conquerereinhac
1896 3752 2405 3821 sententiaferuntur,

282 3838 415 3893 diis.
438 3838 607 3892 Nimis
624 3839 965 3893 manifestum
986 3847 1066 3891 est
1086 3874 1103 3901 ,
1126 3848 1179 3889 et
1192 3856 1305 3889 mo-
1388 3848 1574 3907 estque
1618 3846 1710 3887 aut
1759 3834 2037 3903 eff'emntnr
2079 3830 2359 3904 legendum
2388 3848 2402 3883 :

281 3919 395 3971 nuit
432 3919 643 3991 Lipsius
666 3957 682 3982 ‚
720 3919 796 3972 sic
840 3916 1123 3989 legendum
1146 3954 1162 3979 ,
1204 3936 1305 3988 pro
1390 3933 1518 3969 nam
1540 3914 1712 3986 prima
1729 3912 1936 3986 syllaba
1955 3911 2007 3964 in
2028 3928 2290 3964 concursu
2304 3912 2408 3964 hoc

284 4002 477 4051 oeeemae‘s
493 4036 510 4063 ‚
536 3997 685 4070 quod
726 3997 921 4061 libros,
948 3997 1005 4048 in
1044 4008 1305 4068 quantum
1390 3994 1568 4047 finalis
1598 4002 1650 4045 et
1687 3992 1872 4063 primae
1895 3990 2054 4043 litere
2082 3990 2236 4044 facile
2268 3989 2407 4043 exci-

284 4076 583 4131 Schwarzio
608 4077 882 4130 innotuere
899 4116 915 4141 ‚
948 4094 1131 4129 omnes
1156 4076 1307 4129 obse·
1396 4073 1522 4126 dere
1543 4072 1743 4143 potuit:
1779 4083 1870 4125 aut
1881 4074 2150 4141 struatur:
2177 4089 2294 4142 cap.
2315 4086 2408 4134 29,

288 4152 365 4207 dit
386 4194 403 4221 ,
444 4176 509 4211 ac
553 4168 733 4210 tuetur
758 4154 1073 4209 Arutzenius
1091 4195 1107 4221 ,
1146 4172 1308 4225 quam
1399 4171 1427 4207 2
1450 4190 1468 4217 ‚
1499 4175 1523 4199 ι
1542 4149 1687 4223 quod
1715 4151 1952 4223 genitum
1981 4160 2114 4205 esset
2158 4166 2380 4221 usquam
2397 4184 2414 4209 ,
