2857 4690
504 331 645 406 306

1070 331 1146 397 G.
1196 329 1534 398 PLINII
1585 329 1922 400 SECUN
1946 330 2058 398 Dl

498 452 753 524 artibus
800 445 1193 545 assequutus
1232 448 1498 532 vident,
1523 463 1996 520 consectantur
2027 477 2042 520 ε
2081 450 2444 547 qualesque
2475 471 2644 526 sunt

497 563 629 646 illi,
662 535 828 634 tales
860 585 999 632 esse
1034 575 1103 630 et
1132 558 1345 629 videri
1371 558 1644 648 volunt3
1675 575 1743 630 et
1771 559 1934 629 dum
1961 559 2236 652 volunt,
2269 563 2466 634 fiunt.

593 676 806 744 XLV.
838 675 927 744 Et
953 673 1209 768 priores
1237 669 1512 765 quidem
1549 671 1918 765 principes,
1945 687 2228 767 excepto
2263 688 2454 768 patre
2484 690 2644 760 tuo,

497 799 818 880 praeterea
854 807 992 864 uno
1029 797 1147 852 aut
1178 780 1387 850 altero
1431 779 1538 876 (et
1573 782 1770 852 nimis
1805 781 2033 879 dixi),
2059 785 2239 856 vitiis
2275 787 2500 879 potius
2537 789 2638 858 ci·

493 897 678 964 vium
702 949 721 982 ,
749 919 951 990 quam
970 892 1335 962 virtutibus
1362 890 1795 962 laetabantur:
1829 894 2122 987 primum
2141 949 2162 982 ‚
2187 896 2372 990 quod
2399 897 2470 965 in
2503 897 2642 968 alio
2755 917 2776 938 ·

496 1031 617 1076 sua
652 1028 998 1098 quemque·
1022 1018 1263 1074 natura
1311 1001 1630 1087 delectat3
1668 1001 1946 1092 deinde,
1983 1005 2160 1100 quod
2201 1008 2640 1100 patientiores

494 1116 836 1186 servitutis
864 1114 1399 1198 arbitrabantur,
1424 1137 1594 1207 quos
1622 1139 1760 1182 non
1786 1112 2053 1184 deceret
2076 1140 2218 1185 esse
2239 1116 2364 1186 nisi
2383 1141 2632 1188 servos.

429 1251 457 1286 2
494 1229 757 1296 Horum
798 1226 867 1294 in
906 1226 1129 1294 sinum
1170 1224 1397 1294 omnia
1439 1225 1934 1318 congerebant:
1975 1225 2190 1294 bonos
2234 1241 2458 1298 autem
2493 1229 2640 1298 otio

494 1353 613 1407 aut
638 1338 770 1408 situ
801 1336 1170 1419 abstrusoS‚
1194 1343 1267 1404 et'
1288 1335 1477 1427 quasi
1505 1331 1802 1427 sepultos
1819 1387 1838 1419 ,
1868 1357 2006 1402 non
2033 1334 2162 1403 nisi
2189 1333 2642 1408 delationibus

432 1461 463 1514 3
496 1461 565 1516 et
592 1445 923 1541 'periculis
964 1447 1033 1514 in
1069 1443 1286 1514 lucem
1326 1469 1405 1514 ac
1441 1443 1616 1514 diem
1645 1443 2091 1538 proferebant.
2119 1449 2224 1516 Tu
2254 1447 2516 1517 amico.-
2553 1474 2642 1518 ex

495 1558 769 1651 optimis
805 1556 1000 1650 legis,
1030 1571 1098 1626 et
1136 1553 1413 1625 hercule
1451 1578 1716 1648 aequum
1755 1569 1856 1623 est
1877 1609 1897 1639 ,
1928 1581 2070 1626 esse
2105 1581 2220 1626 eos
2261 1558 2644 1630 carissimos

494 1668 675 1738 bono
718 1667 1039 1761 principi,
1078 1667 1197 1761 qui
1242 1665 1436 1736 invisi
1477 1662 1655 1732 malo
1699 1660 1972 1734 fuerint.
2005 1667 2191 1751 Scis,
2225 1680 2300 1734 ut
2333 1683 2491 1738 sunt
2527 1668 2642 1738 di-

367 1805 383 1819 ‘
494 1804 683 1850 versa
726 1795 967 1848 natura
1006 1777 1377 1849 dominatio
1410 1789 1480 1844 et
1517 1776 1964 1868 principatuS,
2004 1777 2096 1846 ita
2127 1802 2266 1846 non
2305 1777 2455 1848 aliis
2493 1803 2644 1850 esse

495 1892 874 1986 principem
910 1889 1305 1984 gratiorem,
1352 1911 1558 1981 quam
1597 1887 1726 1981 qui,
1766 1887 2054 1956 maxime
2092 1887 2440 1961 dominum
2481 1915 2642 1985 gra·

308 2073 317 2086 ,
431 2025 463 2080 4
496 2015 757 2070 ventur.
789 2003 931 2068 Hos
964 2023 1125 2094 ergo
1162 1997 1511 2092 provehis,
1539 2010 1606 2064 et
1643 2011 1938 2068 ostentas
1973 2001 2163 2094 quasi
2200 2001 2536 2094 specimen
2573 2017 2648 2072 et

497 2108 883 2203 exemplar,
937 2133 1087 2203 quae
1132 2107 1253 2176 tibi
1310 2121 1489 2178 secta
1545 2106 1738 2190 vitae,
1783 2107 1965 2200 quod
2011 2107 2362 2180 hominum
2425 2136 2646 2206 genus

496 2217 803 2313 placeat:
840 2231 907 2286 et
950 2216 1099 2286 ideo
1138 2243 1275 2286 non
1316 2240 1668 2286 censuram
1705 2216 1968 2302 adhuc,
1997 2243 2135 2288 non
2174 2221 2644 2316 praefecturam

498 2430 590 2483 cui
608 2433 801 2481 cesserit
818 2428 1100 2498 corrigenti
1123 2446 1231 2479 non
1254 2426 1526 2481 utentior.

502 2508 793 2578 Saepissime
818 2521 997 2559 autem
1012 2506 1279 2580 particulae
1296 2526 1359 2557 ac
1374 2518 1425 2559 et
1443 2521 1534 2557 atat

500 2588 754 2641 confuso.
767 2586 1027 2639 Videatur
1040 2584 1309 2639 Drakenb.
1331 2584 1401 2639 ad
1414 2585 1529 2637 Liv.

507 2666 635 2718 XXI
654 2704 669 2729 ‚
692 2668 759 2719 53
774 2706 790 2731 ,
812 2667 863 2719 3.
879 2667 933 2721 S.
946 2670 1155 2717 -Dum
1171 2668 1528 2737 volunt‚fiune.

510 2745 775 2799 Nimirum
796 2764 977 2799 verum
1006 2758 1083 2801 est
1106 2784 1122 2810 ‚
1150 2742 1297 2817 quod
1323 2743 1532 2797 dicebat

509 2824 653 2895 apud
660 2824 885 2895 Xenoph
893 2865 906 2877 .
918 2826 1057 2878 Mem
1062 2844 1142 2879 or.
1152 2826 1179 2876 1
1186 2844 1235 2895 ,7
1242 2862 1259 2889 ‚
1268 2825 1528 2879 Socrates:

508 2908 617 2959 Οὐκ.
636 2908 745 2961 ἔστι
767 2908 972 2961 καλλίων
1003 2902 1115 2969 ὁδὸς
1155 2910 1235 2961 ἐπ’
1266 2902 1486 2971 ιῦδοξὶαν
1513 2944 1531 2969 ,

504 2986 539 3043 ἢ
572 2982 644 3038 δι’
678 2980 735 3049 ἧς
773 2988 830 3038 ἄν
868 3006 940 3049 τις
982 2989 1159 3059 ἀγα-ὑὸς
1197 2991 1343 3041 τοῦτο
1381 2988 1533 3057 γένοιο

506 3086 590 3132 το,
618 3068 642 3119 8
671 3066 753 3121 καὶ
789 3061 951 3119 &outae
978 3068 1213 3133 βούλοιτο.
1242 3065 1443 3121 Deinde
1469 3066 1530 3119 il-

507 3143 599 3197 lud
625 3183 641 3207 ,
682 3143 829 3217 quod
880 3143 1051 3197 eidem
1086 3146 1269 3198 tribuit
1304 3145 1415 3199 Cic.
1464 3144 1530 3200 de

504 3224 658 3277 Orat.
698 3226 755 3289 1,
804 3231 903 3297 47:
938 3250 959 3271 «ι
979 3224 1184 3291 Quibus
1218 3243 1530 3295 persuasum

506 3315 641 3355 esset
662 3340 677 3365 ,
707 3314 763 3355 ut
790 3302 922 3355 nihil
949 3322 1004 3356 se
1024 3302 1212 3355 malint
1238 3321 1351 3357 esse
1368 3322 1530 3377 quam

505 3382 673 3436 bonos
708 3382 844 3435 viros
870 3420 885 3445 ,
928 3382 987 3434 iis
1024 3380 1231 3437 facilem
1270 3382 1531 3455 reliquam

508 3480 620 3515 esse
640 3462 959 3519 doctrinam.
986 3488 1007 3509 ο
1038 3462 1135 3515 Hic
1166 3474 1243 3515 est
1277 3463 1532 3517 naturalis

507 3560 723 3615 quoque
743 3562 959 3615 precum
986 3542 1126 3595 circa
1156 3543 1401 3597 virtutem
1433 3562 1530 3615 pa-

508 3621 729 3673 randam
745 3622 803 3675 ef
804 3624 967 3675 fectus
981 3659 998 3685 ‚
1009 3638 1167 3691 quem
1183 3622 1227 3674 si
1244 3623 1362 3693 quis
1374 3622 1530 3687 alius,

492 3699 759 3772 'praeclare
776 3700 1087 3755 intellexisse
1110 3700 1315 3757 videtur
1333 3702 1423 3755 ille
1441 3723 1533 3757 no·

512 3791 616 3831 ster
636 3778 885 3831 Arndius.
907 3780 973 3831 G.

580 3858 745 3926 XLV.
781 3876 825 3910 1.
866 3862 971 3909 Uno
1006 3874 1097 3912 aut
1126 3864 1302 3914 alter-0.
1333 3860 1532 3915 Omnes

510 3928 638 3980 boni
674 3928 936 4001 principes
959 3930 1013 3982 in
1043 3931 1241 3985 annulo
1274 3934 1531 4003 proscribi

508 4018 745 4078 possunt.
771 4008 873 4071 En.
901 4040 969 4049 —
984 4015 1187 4063 Decet-et
1196 4030 1318 4063 esse.
1340 4050 1353 4063 .
1376 4049 1390 4063 .
1410 4033 1531 4064 ‚sen-

506 4106 606 4137 vos.
646 4084 711 4137 Hi
752 4101 873 4139 sunt
910 4087 987 4139 illi
1021 4094 1143 4141 sewi
1174 4106 1353 4143 natura
1380 4130 1395 4153 ,
1435 4094 1526 4163 qui

1615 2428 1784 2499 poenis
1807 2440 1960 2501 atque
1987 2442 2130 2483 metu
2148 2446 2426 2504 reguntur,
2445 2446 2550 2491 etc.
2567 2438 2644 2491 G.

1691 2527 1740 2561 2.
1765 2514 1872 2559 Aue
1885 2513 2000 2562 sim.
2021 2510 2205 2565 Malim
2227 2533 2288 2565 ac
2306 2517 2416 2568 sim.
2437 2516 2566 2569 Vid.
2589 2518 2646 2571 J.

1617 2586 1680 2639 A.
1699 2586 1992 2641 Ernestius.
2005 2589 2061 2642 S.
2077 2620 2149 2631 --
2165 2596 2278 2643 ocio
2299 2608 2391 2645 aut
2409 2597 2522 2646 situ.
2537 2604 2654 2649 Aue

1615 2665 1700 2719 vel
1717 2664 2014 2737 copulative
2035 2668 2252 2736 dicitur,
2271 2672 2356 2725 vel
2374 2672 2429 2726 iu
2450 2694 2515 2727 ac
2527 2694 2652 2729 mu-

1615 2744 1837 2799 tandum
1861 2766 1876 2801 :
1909 2766 2020 2801 non
2049 2761 2172 2802 sunt
2198 2751 2342 2805 enim
2367 2757 2650 2815 conti-aria

1617 2836 1668 2877 et
1694 2823 1962 2897 disjuncta
1979 2868 1996 2895 ,
2031 2826 2124 2883 sed
2150 2828 2337 2885 eadem
2369 2844 2428 2883 et
2453 2832 2648 2887 saltem

1615 2905 1790 2958 vicina
1813 2924 1826 2959 :
1853 2907 1909 2959 in
1941 2907 2048 2961 otio
2076 2908 2327 2963 diuturno
2347 2912 2476 2965 situs
2496 2912 2654 2967 duci-

1616 2996 1723 3037 tur.
1753 2986 1892 3039 Ean.

1691 3068 1740 3117 3.
1763 3068 1964 3117 Diversa
1985 3080 2186 3124 namra.
2207 3067 2408 3121 Tiberii
2437 3070 2648 3127 dictum

1617 3161 1676 3197 ea
1705 3156 1916 3197 mente:
1943 3144 2220 3199 dominum
2247 3165 2304 3199 se
2327 3166 2606 3203 servorum
2632 3190 2650 3215 ,

1615 3222 1986 3295 imperatorem
2015 3226 2240 3281 militum
2267 3246 2378 3281 esse
2393 3265 2410 3292 ,
2447 3229 2652 3301 princi-

1617 3320 1738 3375 pem
1765 3316 2094 3358 caeterorum.
2113 3306 2214 3359 En.

1679 3394 1740 3443 ’4.
1789 3387 1903 3435 Non
1943 3386 2296 3453 prcefecturam
2345 3408 2554 3441 morum.
2603 3392 2652 3443 A

1616 3462 1851 3517 Censura
1877 3500 1894 3526 ‚
1923 3466 2080 3537 cujus
2117 3464 2230 3519 haec
2267 3466 2468 3538 alioqui
2505 3470 2653 3539 peri·

1613 3540 1822 3613 phrasis
1841 3554 1918 3595 est
1939 3580 1956 3607 ,
1977 3542 2242 3599 diversam
2261 3582 2279 3609 ,
2299 3545 2472 3617 qualis
2491 3548 2652 3603 Pom-

1615 3620 1738 3693 peio
1771 3622 2004 3692 primum
2042 3622 2219 3678 delata
2269 3624 2476 3679 videtur
2517 3628 2652 3681 viris

1616 3699 1788 3755 doctis
1809 3738 1825 3764 ‚
1851 3720 2016 3773 quum
2048 3704 2180 3757 Tac.
2211 3705 2352 3759 Am.
2383 3706 2472 3759 111
2493 3744 2510 3771 ,
2543 3710 2614 3763 28
2635 3748 2651 3775 ,

1615 3783 1912 3849 corrigendis
1939 3786 2152 3834 moribus
2176 3787 2387 3837 delectus
2413 3783 2650 3839 dicatur.

1617 3857 1826 3913 Deinde
1856 3860 2032 3913 Julius
2049 3862 2226 3915 Cesar
2251 3862 2395 3934 apud
2423 3866 2649 3919 Sueto-1.

1617 3937 1839 3991 LXXVI
1859 3976 1875 4003 ,
1913 3939 2048 3993 inter
2089 3966 2112 3989 ι
2137 3942 2370 4013 reliquos
2411 3942 2654 3999 honores

1617 4015 1809 4069 nimios
1831 4056 1846 4081 ,
1868 4029 1925 4070 ut
1943 4021 2252 4073 continuum
2271 4024 2611 4077 consulatum
2633 4064 2650 4087 ,

1616 4108 1796 4167 perpet
1803 4114 1922 4149 uam
1935 4096 2272 4165 dictaturam,
2284 4125 2305 4145 ι
2320 4105 2470 4153 eciam
2486 4130 2508 4149 ι
2519 4123 2652 4175 prte-
