<?xml version="1.0" encoding="UTF-8"?>
<!DOCTYPE html PUBLIC "-//W3C//DTD XHTML 1.0 Transitional//EN"
    "http://www.w3.org/TR/xhtml1/DTD/xhtml1-transitional.dtd">
<html xmlns="http://www.w3.org/1999/xhtml" xml:lang="en" lang="en">
 <head>
  <title>
</title>
<meta http-equiv="Content-Type" content="text/html;charset=utf-8" />
  <meta name='ocr-system' content='tesseract 3.04.00' />
  <meta name='ocr-capabilities' content='ocr_page ocr_carea ocr_par ocr_line ocrx_word'/>
</head>
<body>
  <div class='ocr_page' id='page_1' title='image "./cpliniisecundie00schgoog_0343.png"; bbox 0 0 2857 4690; ppageno 0'>
   <div class='ocr_carea' id='block_1_1' title="bbox 546 343 681 415">
    <p class='ocr_par' dir='ltr' id='par_1_1' title="bbox 546 343 681 415">
     <span class='ocr_line' id='line_1_1' title="bbox 546 343 681 415; baseline 0 -1"><span class='ocrx_word' id='word_1_1' title='bbox 546 343 681 415; x_wconf 83' lang='lat'><strong>332</strong></span> 
     </span>
    </p>
   </div>
   <div class='ocr_carea' id='block_1_2' title="bbox 1086 346 2084 417">
    <p class='ocr_par' dir='ltr' id='par_1_2' title="bbox 1086 346 2084 417">
     <span class='ocr_line' id='line_1_2' title="bbox 1086 346 2084 417; baseline -0.002 -2"><span class='ocrx_word' id='word_1_2' title='bbox 1086 349 1161 415; x_wconf 90' lang='lat' dir='ltr'><strong>C.</strong></span> <span class='ocrx_word' id='word_1_3' title='bbox 1215 347 1558 417; x_wconf 86' lang='lat' dir='ltr'>PLINII</span> <span class='ocrx_word' id='word_1_4' title='bbox 1608 346 2084 415; x_wconf 91' lang='lat' dir='ltr'>SECUNDI</span> 
     </span>
    </p>
   </div>
   <div class='ocr_carea' id='block_1_3' title="bbox 474 468 2670 1772">
    <p class='ocr_par' dir='ltr' id='par_1_3' title="bbox 475 468 2670 1442">
     <span class='ocr_line' id='line_1_3' title="bbox 475 468 2664 563; baseline 0.002 -28"><span class='ocrx_word' id='word_1_5' title='bbox 475 502 505 535; x_wconf 78' lang='lat'>2</span> <span class='ocrx_word' id='word_1_6' title='bbox 543 468 707 535; x_wconf 88' lang='lat' dir='ltr'><strong>mini</strong></span> <span class='ocrx_word' id='word_1_7' title='bbox 750 469 1025 561; x_wconf 87' lang='lat' dir='ltr'><strong>poteris,</strong></span> <span class='ocrx_word' id='word_1_8' title='bbox 1065 470 1189 537; x_wconf 81' lang='lat' dir='ltr'><strong>‘nisi</strong></span> <span class='ocrx_word' id='word_1_9' title='bbox 1242 468 1604 563; x_wconf 81' lang='lat' dir='ltr'><strong>aliquando</strong></span> <span class='ocrx_word' id='word_1_10' title='bbox 1655 483 1722 537; x_wconf 85' lang='lat' dir='ltr'><strong>et</strong></span> <span class='ocrx_word' id='word_1_11' title='bbox 1776 494 1915 537; x_wconf 88' lang='lat' dir='ltr'><strong>non</strong></span> <span class='ocrx_word' id='word_1_12' title='bbox 1969 471 2392 539; x_wconf 76' lang='lat' dir='ltr'>recusaveris,</span> <span class='ocrx_word' id='word_1_13' title='bbox 2435 472 2664 559; x_wconf 89' lang='lat' dir='ltr'><strong>Quum</strong></span> 
     </span>
     <span class='ocr_line' id='line_1_4' title="bbox 540 578 2666 674; baseline 0.002 -29"><span class='ocrx_word' id='word_1_14' title='bbox 540 602 773 664; x_wconf 72' lang='lat' dir='ltr'><strong>arcus»,</strong></span> <span class='ocrx_word' id='word_1_15' title='bbox 806 602 1014 670; x_wconf 89' lang='lat' dir='ltr'><strong>quum</strong></span> <span class='ocrx_word' id='word_1_16' title='bbox 1043 592 1323 673; x_wconf 81' lang='lat' dir='ltr'><strong>tropaea,</strong></span> <span class='ocrx_word' id='word_1_17' title='bbox 1347 604 1556 674; x_wconf 88' lang='lat' dir='ltr'><strong>quum</strong></span> <span class='ocrx_word' id='word_1_18' title='bbox 1583 592 1832 649; x_wconf 78' lang='lat' dir='ltr'><strong>statuas</strong></span> <span class='ocrx_word' id='word_1_19' title='bbox 1861 578 2281 673; x_wconf 75' lang='lat' dir='ltr'><strong>deprecariS,</strong></span> <span class='ocrx_word' id='word_1_20' title='bbox 2310 579 2666 649; x_wconf 84' lang='lat' dir='ltr'><strong>tribuenda</strong></span> 
     </span>
     <span class='ocr_line' id='line_1_5' title="bbox 542 688 2665 775; baseline 0.002 -21"><span class='ocrx_word' id='word_1_21' title='bbox 542 700 643 755; x_wconf 87' lang='lat' dir='ltr'><strong>est</strong></span> <span class='ocrx_word' id='word_1_22' title='bbox 692 688 1101 757; x_wconf 83' lang='lat' dir='ltr'><strong>verecundiae</strong></span> <span class='ocrx_word' id='word_1_23' title='bbox 1150 704 1279 757; x_wconf 86' lang='lat' dir='ltr'><strong>tuae</strong></span> <span class='ocrx_word' id='word_1_24' title='bbox 1324 689 1560 774; x_wconf 77' lang='lat' dir='ltr'><strong>venia3</strong></span> <span class='ocrx_word' id='word_1_25' title='bbox 1595 688 1703 759; x_wconf 83' lang='lat' dir='ltr'><strong>illa</strong></span> <span class='ocrx_word' id='word_1_26' title='bbox 1729 692 1906 759; x_wconf 87' lang='lat' dir='ltr'><strong>enim</strong></span> <span class='ocrx_word' id='word_1_27' title='bbox 1945 714 2104 757; x_wconf 83' lang='lat' dir='ltr'><strong>sane</strong></span> <span class='ocrx_word' id='word_1_28' title='bbox 2141 690 2267 759; x_wconf 84' lang='lat' dir='ltr'><strong>tibi</strong></span> <span class='ocrx_word' id='word_1_29' title='bbox 2309 688 2665 775; x_wconf 67' lang='lat' dir='ltr'><strong>dicantur:</strong></span> 
     </span>
     <span class='ocr_line' id='line_1_6' title="bbox 540 797 2668 893; baseline 0.002 -28"><span class='ocrx_word' id='word_1_30' title='bbox 540 822 722 866; x_wconf 88' lang='lat' dir='ltr'><strong>nunc</strong></span> <span class='ocrx_word' id='word_1_31' title='bbox 761 820 917 865; x_wconf 86' lang='lat' dir='ltr'><strong>vero</strong></span> <span class='ocrx_word' id='word_1_32' title='bbox 948 797 1399 890; x_wconf 83' lang='lat' dir='ltr'><strong>postulamus,</strong></span> <span class='ocrx_word' id='word_1_33' title='bbox 1439 814 1512 868; x_wconf 89' lang='lat' dir='ltr'><strong>ut</strong></span> <span class='ocrx_word' id='word_1_34' title='bbox 1547 799 1810 869; x_wconf 87' lang='lat' dir='ltr'><strong>futuros</strong></span> <span class='ocrx_word' id='word_1_35' title='bbox 1849 800 2180 893; x_wconf 73' lang='lat' dir='ltr'><strong>principes</strong></span> <span class='ocrx_word' id='word_1_36' title='bbox 2212 801 2453 870; x_wconf 80' lang='lat' dir='ltr'><strong>doceas</strong></span> <span class='ocrx_word' id='word_1_37' title='bbox 2497 803 2668 871; x_wconf 87' lang='lat' dir='ltr'><strong>iner-</strong></span> 
     </span>
     <span class='ocr_line' id='line_1_7' title="bbox 542 908 2670 1004; baseline 0.001 -30"><span class='ocrx_word' id='word_1_38' title='bbox 542 908 649 975; x_wconf 78' lang='lat' dir='ltr'><strong>tiae</strong></span> <span class='ocrx_word' id='word_1_39' title='bbox 681 908 1101 990; x_wconf 86' lang='lat' dir='ltr'><strong>renuntiare,</strong></span> <span class='ocrx_word' id='word_1_40' title='bbox 1142 909 1503 1004; x_wconf 80' lang='lat' dir='ltr'>paullisper</span> <span class='ocrx_word' id='word_1_41' title='bbox 1543 909 1811 979; x_wconf 86' lang='lat' dir='ltr'><strong>delicias</strong></span> <span class='ocrx_word' id='word_1_42' title='bbox 1855 908 2158 995; x_wconf 89' lang='lat' dir='ltr'><strong>differre,</strong></span> <span class='ocrx_word' id='word_1_43' title='bbox 2196 910 2562 1004; x_wconf 73' lang='lat' dir='ltr'><strong>paullisper·</strong></span> <span class='ocrx_word' id='word_1_44' title='bbox 2603 926 2670 978; x_wconf 88' lang='lat' dir='ltr'><strong>et</strong></span> 
     </span>
     <span class='ocr_line' id='line_1_8' title="bbox 542 1014 2668 1112; baseline 0.002 -29"><span class='ocrx_word' id='word_1_45' title='bbox 542 1014 772 1085; x_wconf 87' lang='lat' dir='ltr'><strong>saltem</strong></span> <span class='ocrx_word' id='word_1_46' title='bbox 821 1015 906 1083; x_wconf 84' lang='lat' dir='ltr'><strong>ad</strong></span> <span class='ocrx_word' id='word_1_47' title='bbox 939 1016 1397 1087; x_wconf 87' lang='lat' dir='ltr'><strong>brevissimum</strong></span> <span class='ocrx_word' id='word_1_48' title='bbox 1441 1034 1740 1112; x_wconf 80' lang='lat' dir='ltr'><strong>tempuS,</strong></span> <span class='ocrx_word' id='word_1_49' title='bbox 1771 1044 1858 1089; x_wconf 84' lang='lat' dir='ltr'><strong>ex</strong></span> <span class='ocrx_word' id='word_1_50' title='bbox 1895 1018 2008 1087; x_wconf 89' lang='lat' dir='ltr'><strong>illo</strong></span> <span class='ocrx_word' id='word_1_51' title='bbox 2051 1019 2390 1089; x_wconf 81' lang='lat' dir='ltr'><strong>felicitatis</strong></span> <span class='ocrx_word' id='word_1_52' title='bbox 2433 1046 2668 1089; x_wconf 84' lang='lat' dir='ltr'><strong>somno</strong></span> 
     </span>
     <span class='ocr_line' id='line_1_9' title="bbox 542 1122 2668 1223; baseline 0.003 -32"><span class='ocrx_word' id='word_1_53' title='bbox 542 1122 725 1193; x_wconf 83' lang='lat' dir='ltr'><strong>velut</strong></span> <span class='ocrx_word' id='word_1_54' title='bbox 778 1127 1140 1208; x_wconf 82' lang='lat' dir='ltr'><strong>excitatos,</strong></span> <span class='ocrx_word' id='word_1_55' title='bbox 1170 1127 1466 1197; x_wconf 87' lang='lat' dir='ltr'><strong>-induere</strong></span> <span class='ocrx_word' id='word_1_56' title='bbox 1525 1144 1950 1222; x_wconf 65' lang='lat' dir='ltr'><strong>praetextam,</strong></span> <span class='ocrx_word' id='word_1_57' title='bbox 1988 1154 2188 1222; x_wconf 85' lang='lat' dir='ltr'><strong>quam</strong></span> <span class='ocrx_word' id='word_1_58' title='bbox 2245 1154 2458 1223; x_wconf 87' lang='lat' dir='ltr'><strong>quum</strong></span> <span class='ocrx_word' id='word_1_59' title='bbox 2513 1130 2668 1199; x_wconf 83' lang='lat' dir='ltr'><strong>dare</strong></span> 
     </span>
     <span class='ocr_line' id='line_1_10' title="bbox 542 1237 2666 1332; baseline 0.003 -30"><span class='ocrx_word' id='word_1_60' title='bbox 542 1250 849 1328; x_wconf 82' lang='lat' dir='ltr'><strong>possent,</strong></span> <span class='ocrx_word' id='word_1_61' title='bbox 899 1237 1339 1330; x_wconf 80' lang='lat' dir='ltr'><strong>occupariut3</strong></span> <span class='ocrx_word' id='word_1_62' title='bbox 1400 1238 1802 1307; x_wconf 83' lang='lat' dir='ltr'><strong>adscendere</strong></span> <span class='ocrx_word' id='word_1_63' title='bbox 1849 1238 2148 1307; x_wconf 89' lang='lat' dir='ltr'><strong>curulem</strong></span> <span class='ocrx_word' id='word_1_64' title='bbox 2177 1293 2196 1327; x_wconf 97' lang='lat'><strong>,</strong></span> <span class='ocrx_word' id='word_1_65' title='bbox 2243 1263 2446 1332; x_wconf 81' lang='lat' dir='ltr'><strong>quam</strong></span> <span class='ocrx_word' id='word_1_66' title='bbox 2501 1240 2666 1309; x_wconf 85' lang='lat' dir='ltr'><strong>deti-</strong></span> 
     </span>
     <span class='ocr_line' id='line_1_11' title="bbox 542 1345 2662 1442; baseline 0.002 -29"><span class='ocrx_word' id='word_1_67' title='bbox 542 1358 783 1431; x_wconf 80' lang='lat' dir='ltr'><strong>neant;</strong></span> <span class='ocrx_word' id='word_1_68' title='bbox 806 1370 945 1415; x_wconf 90' lang='lat' dir='ltr'><strong>esse</strong></span> <span class='ocrx_word' id='word_1_69' title='bbox 969 1345 1289 1441; x_wconf 83' lang='lat' dir='ltr'><strong>denique,</strong></span> <span class='ocrx_word' id='word_1_70' title='bbox 1314 1348 1498 1441; x_wconf 92' lang='lat' dir='ltr'><strong>quod</strong></span> <span class='ocrx_word' id='word_1_71' title='bbox 1523 1350 2046 1442; x_wconf 87' lang='lat' dir='ltr'><strong>concupierunt,</strong></span> <span class='ocrx_word' id='word_1_72' title='bbox 2076 1372 2200 1417; x_wconf 88' lang='lat' dir='ltr'><strong>nec</strong></span> <span class='ocrx_word' id='word_1_73' title='bbox 2229 1348 2380 1417; x_wconf 88' lang='lat' dir='ltr'><strong>ideo</strong></span> <span class='ocrx_word' id='word_1_74' title='bbox 2405 1363 2662 1418; x_wconf 82' lang='lat' dir='ltr'><strong>tantum</strong></span> 
     </span>
    </p>

    <p class='ocr_par' dir='ltr' id='par_1_4' title="bbox 474 1453 2668 1772">
     <span class='ocr_line' id='line_1_12' title="bbox 474 1453 2666 1542; baseline 0.004 -23"><span class='ocrx_word' id='word_1_75' title='bbox 474 1466 507 1519; x_wconf 80' lang='lat'><strong>3</strong></span> <span class='ocrx_word' id='word_1_76' title='bbox 544 1453 711 1523; x_wconf 87' lang='lat' dir='ltr'><strong>velle</strong></span> <span class='ocrx_word' id='word_1_77' title='bbox 750 1455 1052 1526; x_wconf 88' lang='lat' dir='ltr'><strong>consules</strong></span> <span class='ocrx_word' id='word_1_78' title='bbox 1096 1458 1269 1542; x_wconf 84' lang='lat' dir='ltr'><strong>fieri,</strong></span> <span class='ocrx_word' id='word_1_79' title='bbox 1310 1473 1387 1527; x_wconf 88' lang='lat' dir='ltr'><strong>ut</strong></span> <span class='ocrx_word' id='word_1_80' title='bbox 1426 1459 1693 1529; x_wconf 89' lang='lat' dir='ltr'><strong>fuerint.</strong></span> <span class='ocrx_word' id='word_1_81' title='bbox 1726 1458 2004 1527; x_wconf 87' lang='lat' dir='ltr'><strong>Gessisti</strong></span> <span class='ocrx_word' id='word_1_82' title='bbox 2039 1456 2322 1527; x_wconf 85' lang='lat' dir='ltr'><strong>alterum</strong></span> <span class='ocrx_word' id='word_1_83' title='bbox 2367 1457 2666 1527; x_wconf 80' lang='lat' dir='ltr'><strong>consula-</strong></span> 
     </span>
     <span class='ocr_line' id='line_1_13' title="bbox 544 1566 2668 1662; baseline 0.001 -28"><span class='ocrx_word' id='word_1_84' title='bbox 544 1580 689 1635; x_wconf 89' lang='lat' dir='ltr'><strong>tum</strong></span> <span class='ocrx_word' id='word_1_85' title='bbox 707 1619 726 1652; x_wconf 92' lang='lat'>‚</span> <span class='ocrx_word' id='word_1_86' title='bbox 754 1567 919 1636; x_wconf 86' lang='lat' dir='ltr'><strong>scio:</strong></span> <span class='ocrx_word' id='word_1_87' title='bbox 941 1566 1133 1636; x_wconf 89' lang='lat' dir='ltr'><strong>illum</strong></span> <span class='ocrx_word' id='word_1_88' title='bbox 1166 1568 1598 1655; x_wconf 84' lang='lat' dir='ltr'><strong>exercitibus,</strong></span> <span class='ocrx_word' id='word_1_89' title='bbox 1626 1567 1812 1639; x_wconf 91' lang='lat' dir='ltr'><strong>illum</strong></span> <span class='ocrx_word' id='word_1_90' title='bbox 1841 1569 2228 1662; x_wconf 86' lang='lat' dir='ltr'><strong>provinciis,</strong></span> <span class='ocrx_word' id='word_1_91' title='bbox 2255 1567 2448 1637; x_wconf 87' lang='lat' dir='ltr'><strong>illum</strong></span> <span class='ocrx_word' id='word_1_92' title='bbox 2469 1570 2668 1637; x_wconf 82' lang='lat' dir='ltr'><strong>etiam</strong></span> 
     </span>
     <span class='ocr_line' id='line_1_14' title="bbox 545 1676 2666 1772; baseline 0.001 -29"><span class='ocrx_word' id='word_1_93' title='bbox 545 1676 796 1744; x_wconf 78' lang='lat' dir='ltr'><strong>caeteris</strong></span> <span class='ocrx_word' id='word_1_94' title='bbox 850 1676 1161 1769; x_wconf 83' lang='lat' dir='ltr'><strong>gentibus</strong></span> <span class='ocrx_word' id='word_1_95' title='bbox 1194 1678 1442 1771; x_wconf 89' lang='lat' dir='ltr'><strong>poteris</strong></span> <span class='ocrx_word' id='word_1_96' title='bbox 1477 1679 1846 1772; x_wconf 87' lang='lat' dir='ltr'><strong>imputare,</strong></span> <span class='ocrx_word' id='word_1_97' title='bbox 1882 1702 2020 1747; x_wconf 86' lang='lat' dir='ltr'><strong>non</strong></span> <span class='ocrx_word' id='word_1_98' title='bbox 2051 1692 2240 1771; x_wconf 82' lang='lat' dir='ltr'><strong>potes</strong></span> <span class='ocrx_word' id='word_1_99' title='bbox 2275 1678 2491 1747; x_wconf 80' lang='lat' dir='ltr'><strong>nobis,</strong></span> <span class='ocrx_word' id='word_1_100' title='bbox 2531 1682 2666 1747; x_wconf 85' lang='lat' dir='ltr'><strong>Au-</strong></span> 
     </span>
    </p>
   </div>
   <div class='ocr_carea' id='block_1_4' title="bbox 466 1892 1570 4187">
    <p class='ocr_par' dir='ltr' id='par_1_5' title="bbox 544 1892 1565 2121">
     <span class='ocr_line' id='line_1_15' title="bbox 620 1892 1560 1947; baseline 0.001 -4"><span class='ocrx_word' id='word_1_101' title='bbox 620 1912 665 1944; x_wconf 80' lang='lat'><strong>2.</strong></span> <span class='ocrx_word' id='word_1_102' title='bbox 700 1894 810 1943; x_wconf 75' lang='lat' dir='ltr'><strong>Tibi</strong></span> <span class='ocrx_word' id='word_1_103' title='bbox 827 1894 1073 1945; x_wconf 78' lang='lat' dir='ltr'><strong>dicantur.</strong></span> <span class='ocrx_word' id='word_1_104' title='bbox 1098 1892 1239 1946; x_wconf 87' lang='lat' dir='ltr'><strong>Bene</strong></span> <span class='ocrx_word' id='word_1_105' title='bbox 1261 1893 1560 1947; x_wconf 77' lang='lat' dir='ltr'><strong>Livineius:</strong></span> 
     </span>
     <span class='ocr_line' id='line_1_16' title="bbox 546 1969 1562 2035; baseline 0.002 -14"><span class='ocrx_word' id='word_1_106' title='bbox 546 1969 643 2022; x_wconf 70' lang='lat' dir='ltr'><strong>«Id</strong></span> <span class='ocrx_word' id='word_1_107' title='bbox 664 1980 741 2023; x_wconf 87' lang='lat' dir='ltr'><strong>est</strong></span> <span class='ocrx_word' id='word_1_108' title='bbox 760 2008 775 2033; x_wconf 90' lang='lat'><strong>,</strong></span> <span class='ocrx_word' id='word_1_109' title='bbox 797 1971 997 2024; x_wconf 87' lang='lat' dir='ltr'><strong>meritis</strong></span> <span class='ocrx_word' id='word_1_110' title='bbox 1012 1972 1115 2023; x_wconf 81' lang='lat' dir='ltr'><strong>tuis</strong></span> <span class='ocrx_word' id='word_1_111' title='bbox 1132 2010 1147 2035; x_wconf 91' lang='lat'><strong>,</strong></span> <span class='ocrx_word' id='word_1_112' title='bbox 1168 1991 1273 2023; x_wconf 90' lang='lat' dir='ltr'><strong>non</strong></span> <span class='ocrx_word' id='word_1_113' title='bbox 1295 1971 1364 2025; x_wconf 82' lang='lat' dir='ltr'><strong>ad</strong></span> <span class='ocrx_word' id='word_1_114' title='bbox 1386 1990 1562 2023; x_wconf 85' lang='lat' dir='ltr'><strong>exem-</strong></span> 
     </span>
     <span class='ocr_line' id='line_1_17' title="bbox 544 2048 1565 2121; baseline 0.003 -21"><span class='ocrx_word' id='word_1_115' title='bbox 544 2050 691 2120; x_wconf 87' lang='lat' dir='ltr'><strong>plum</strong></span> <span class='ocrx_word' id='word_1_116' title='bbox 707 2088 724 2109; x_wconf 98' lang='lat'><strong>,</strong></span> <span class='ocrx_word' id='word_1_117' title='bbox 754 2048 899 2121; x_wconf 83' lang='lat' dir='ltr'><strong>quod</strong></span> <span class='ocrx_word' id='word_1_118' title='bbox 925 2050 979 2101; x_wconf 90' lang='lat' dir='ltr'><strong>in</strong></span> <span class='ocrx_word' id='word_1_119' title='bbox 1007 2051 1283 2103; x_wconf 80' lang='lat' dir='ltr'><strong>consulatu</strong></span> <span class='ocrx_word' id='word_1_120' title='bbox 1308 2050 1565 2121; x_wconf 81' lang='lat' dir='ltr'><strong>capiendo</strong></span> 
     </span>
    </p>

    <p class='ocr_par' dir='ltr' id='par_1_6' title="bbox 466 2126 1570 4187">
     <span class='ocr_line' id='line_1_18' title="bbox 466 2126 1567 2203; baseline 0 -22"><span class='ocrx_word' id='word_1_121' title='bbox 466 2126 475 2139; x_wconf 82' lang='grc'><strong><em>’</em></strong></span> <span class='ocrx_word' id='word_1_122' title='bbox 546 2140 778 2201; x_wconf 76' lang='lat' dir='ltr'><strong>spectent</strong></span> <span class='ocrx_word' id='word_1_123' title='bbox 794 2142 951 2203; x_wconf 79' lang='lat' dir='ltr'><strong>atque</strong></span> <span class='ocrx_word' id='word_1_124' title='bbox 968 2130 1237 2183; x_wconf 83' lang='lat' dir='ltr'><strong>imitentur</strong></span> <span class='ocrx_word' id='word_1_125' title='bbox 1248 2130 1407 2183; x_wconf 78' lang='lat' dir='ltr'><strong>futuri</strong></span> <span class='ocrx_word' id='word_1_126' title='bbox 1420 2130 1567 2201; x_wconf 70' lang='lat' dir='ltr'><strong>Prin·</strong></span> 
     </span>
     <span class='ocr_line' id='line_1_19' title="bbox 546 2209 1565 2279; baseline 0 -18"><span class='ocrx_word' id='word_1_127' title='bbox 546 2210 689 2279; x_wconf 87' lang='lat' dir='ltr'><strong>cipes</strong></span> <span class='ocrx_word' id='word_1_128' title='bbox 706 2246 719 2271; x_wconf 93' lang='lat'>‚</span> <span class='ocrx_word' id='word_1_129' title='bbox 735 2221 793 2260; x_wconf 89' lang='lat' dir='ltr'><strong>ut</strong></span> <span class='ocrx_word' id='word_1_130' title='bbox 808 2209 1059 2279; x_wconf 83' lang='lat' dir='ltr'><strong>sequitur.</strong></span> <span class='ocrx_word' id='word_1_131' title='bbox 1078 2236 1102 2255; x_wconf 72' lang='lat' dir='ltr'>n</span> <span class='ocrx_word' id='word_1_132' title='bbox 1122 2211 1172 2263; x_wconf 92' lang='lat' dir='ltr'><strong>S.</strong></span> <span class='ocrx_word' id='word_1_133' title='bbox 1196 2242 1265 2251; x_wconf 88' lang='lat'><strong>-—</strong></span> <span class='ocrx_word' id='word_1_134' title='bbox 1283 2215 1427 2261; x_wconf 81' lang='lat' dir='ltr'><strong>Nunc</strong></span> <span class='ocrx_word' id='word_1_135' title='bbox 1444 2230 1565 2261; x_wconf 84' lang='lat' dir='ltr'><strong>vero</strong></span> 
     </span>
     <span class='ocr_line' id='line_1_20' title="bbox 538 2290 1564 2360; baseline 0.004 -23"><span class='ocrx_word' id='word_1_136' title='bbox 538 2292 865 2355; x_wconf 78' lang='lat' dir='ltr'><strong>postulamus.</strong></span> <span class='ocrx_word' id='word_1_137' title='bbox 926 2292 1080 2342; x_wconf 87' lang='lat' dir='ltr'><strong>Recte</strong></span> <span class='ocrx_word' id='word_1_138' title='bbox 1142 2290 1564 2360; x_wconf 80' lang='lat' dir='ltr'><strong>obtemperatum</strong></span> 
     </span>
     <span class='ocr_line' id='line_1_21' title="bbox 548 2368 1567 2440; baseline 0.002 -22"><span class='ocrx_word' id='word_1_139' title='bbox 548 2368 728 2437; x_wconf 85' lang='lat' dir='ltr'><strong>Lipsio</strong></span> <span class='ocrx_word' id='word_1_140' title='bbox 752 2387 783 2420; x_wconf 81' lang='lat' dir='ltr'><strong>a</strong></span> <span class='ocrx_word' id='word_1_141' title='bbox 808 2369 1184 2437; x_wconf 79' lang='lat' dir='ltr'><strong>posterioribus</strong></span> <span class='ocrx_word' id='word_1_142' title='bbox 1202 2405 1217 2432; x_wconf 87' lang='lat'><strong>,</strong></span> <span class='ocrx_word' id='word_1_143' title='bbox 1244 2369 1335 2440; x_wconf 89' lang='lat' dir='ltr'><strong>qui</strong></span> <span class='ocrx_word' id='word_1_144' title='bbox 1358 2369 1567 2422; x_wconf 83' lang='lat' dir='ltr'><strong>monuit</strong></span> 
     </span>
     <span class='ocr_line' id='line_1_22' title="bbox 546 2445 1566 2517; baseline 0.002 -19"><span class='ocrx_word' id='word_1_145' title='bbox 546 2465 655 2498; x_wconf 90' lang='lat' dir='ltr'><strong>non</strong></span> <span class='ocrx_word' id='word_1_146' title='bbox 684 2467 831 2514; x_wconf 77' lang='lat' dir='ltr'><strong>quum</strong></span> <span class='ocrx_word' id='word_1_147' title='bbox 862 2465 981 2498; x_wconf 80' lang='lat' dir='ltr'><strong>vero</strong></span> <span class='ocrx_word' id='word_1_148' title='bbox 1008 2446 1095 2498; x_wconf 89' lang='lat' dir='ltr'><strong>hic</strong></span> <span class='ocrx_word' id='word_1_149' title='bbox 1120 2445 1402 2517; x_wconf 75' lang='lat' dir='ltr'><strong>legendum</strong></span> <span class='ocrx_word' id='word_1_150' title='bbox 1424 2485 1442 2510; x_wconf 87' lang='lat'><strong>,</strong></span> <span class='ocrx_word' id='word_1_151' title='bbox 1473 2448 1566 2500; x_wconf 88' lang='lat' dir='ltr'><strong>sed</strong></span> 
     </span>
     <span class='ocr_line' id='line_1_23' title="bbox 548 2527 1563 2598; baseline 0.004 -22"><span class='ocrx_word' id='word_1_152' title='bbox 548 2545 677 2576; x_wconf 83' lang='lat' dir='ltr'><strong>mmc</strong></span> <span class='ocrx_word' id='word_1_153' title='bbox 690 2547 830 2576; x_wconf 78' lang='lat' dir='ltr'><strong>vero.</strong></span> <span class='ocrx_word' id='word_1_154' title='bbox 845 2527 1169 2579; x_wconf 79' lang='lat' dir='ltr'><strong>Schwarzius</strong></span> <span class='ocrx_word' id='word_1_155' title='bbox 1190 2529 1417 2598; x_wconf 81' lang='lat' dir='ltr'><strong>supplet.</strong></span> <span class='ocrx_word' id='word_1_156' title='bbox 1438 2549 1490 2596; x_wconf 88' lang='lat' dir='ltr'><strong>q.</strong></span> <span class='ocrx_word' id='word_1_157' title='bbox 1507 2549 1563 2580; x_wconf 78' lang='lat' dir='ltr'><strong>v.</strong></span> 
     </span>
     <span class='ocr_line' id='line_1_24' title="bbox 538 2603 1566 2673; baseline 0.004 -19"><span class='ocrx_word' id='word_1_158' title='bbox 538 2625 595 2670; x_wconf 82' lang='lat' dir='ltr'><strong>p.</strong></span> <span class='ocrx_word' id='word_1_159' title='bbox 621 2603 710 2673; x_wconf 81' lang='lat' dir='ltr'><strong>[ut</strong></span> <span class='ocrx_word' id='word_1_160' title='bbox 726 2608 960 2672; x_wconf 57' lang='lat' dir='ltr'><strong>suscipias</strong></span> <span class='ocrx_word' id='word_1_161' title='bbox 978 2625 1219 2673; x_wconf 69' lang='lat' dir='ltr'><strong>geras-que</strong></span> <span class='ocrx_word' id='word_1_162' title='bbox 1240 2611 1566 2668; x_wconf 75' lang='lat' dir='ltr'><strong>consulatum,-</strong></span> 
     </span>
     <span class='ocr_line' id='line_1_25' title="bbox 540 2685 1567 2753; baseline 0.008 -21"><span class='ocrx_word' id='word_1_163' title='bbox 540 2688 849 2750; x_wconf 75' lang='lat' dir='ltr'><strong>posmlamus</strong></span> <span class='ocrx_word' id='word_1_164' title='bbox 874 2685 892 2753; x_wconf 95' lang='lat'>]</span> <span class='ocrx_word' id='word_1_165' title='bbox 927 2699 983 2734; x_wconf 77' lang='lat' dir='ltr'><strong>ut</strong></span> <span class='ocrx_word' id='word_1_166' title='bbox 1003 2721 1019 2747; x_wconf 89' lang='lat'><strong>,</strong></span> <span class='ocrx_word' id='word_1_167' title='bbox 1054 2697 1155 2738; x_wconf 87' lang='lat' dir='ltr'><strong>etc.</strong></span> <span class='ocrx_word' id='word_1_168' title='bbox 1184 2685 1285 2740; x_wconf 80' lang='lat' dir='ltr'><strong>Sed</strong></span> <span class='ocrx_word' id='word_1_169' title='bbox 1322 2685 1567 2740; x_wconf 78' lang='lat' dir='ltr'><strong>blandior</strong></span> 
     </span>
     <span class='ocr_line' id='line_1_26' title="bbox 548 2763 1567 2837; baseline 0.006 -24"><span class='ocrx_word' id='word_1_170' title='bbox 548 2763 887 2834; x_wconf 77' lang='lat' dir='ltr'><strong>argutiorque</strong></span> <span class='ocrx_word' id='word_1_171' title='bbox 908 2763 1109 2816; x_wconf 80' lang='lat' dir='ltr'><strong>medela</strong></span> <span class='ocrx_word' id='word_1_172' title='bbox 1136 2765 1403 2837; x_wconf 82' lang='lat' dir='ltr'><strong>Lipsiana.</strong></span> <span class='ocrx_word' id='word_1_173' title='bbox 1424 2767 1567 2818; x_wconf 87' lang='lat' dir='ltr'><strong>G.—</strong></span> 
     </span>
     <span class='ocr_line' id='line_1_27' title="bbox 548 2842 1566 2900; baseline 0.006 -7"><span class='ocrx_word' id='word_1_174' title='bbox 548 2842 703 2894; x_wconf 79' lang='lat' dir='ltr'><strong>Cons.</strong></span> <span class='ocrx_word' id='word_1_175' title='bbox 725 2843 777 2894; x_wconf 88' lang='lat' dir='ltr'><strong>J.</strong></span> <span class='ocrx_word' id='word_1_176' title='bbox 798 2845 862 2895; x_wconf 81' lang='lat' dir='ltr'><strong>A.</strong></span> <span class='ocrx_word' id='word_1_177' title='bbox 884 2843 1155 2898; x_wconf 83' lang='lat' dir='ltr'><strong>Ernestius</strong></span> <span class='ocrx_word' id='word_1_178' title='bbox 1180 2845 1249 2898; x_wconf 77' lang='lat' dir='ltr'><strong>ad</strong></span> <span class='ocrx_word' id='word_1_179' title='bbox 1270 2844 1327 2898; x_wconf 91' lang='lat' dir='ltr'><strong>h.</strong></span> <span class='ocrx_word' id='word_1_180' title='bbox 1353 2846 1390 2898; x_wconf 91' lang='lat' dir='ltr'><strong>l.</strong></span> <span class='ocrx_word' id='word_1_181' title='bbox 1417 2847 1472 2900; x_wconf 90' lang='lat' dir='ltr'><strong>S.</strong></span> <span class='ocrx_word' id='word_1_182' title='bbox 1495 2876 1566 2886; x_wconf 89' lang='lat'><strong>--</strong></span> 
     </span>
     <span class='ocr_line' id='line_1_28' title="bbox 556 2925 1566 2992; baseline 0.004 -20"><span class='ocrx_word' id='word_1_183' title='bbox 556 2926 693 2974; x_wconf 81' lang='lat' dir='ltr'><strong>Nunc</strong></span> <span class='ocrx_word' id='word_1_184' title='bbox 738 2943 857 2975; x_wconf 81' lang='lat' dir='ltr'><strong>vero</strong></span> <span class='ocrx_word' id='word_1_185' title='bbox 894 2929 1217 2992; x_wconf 78' lang='lat' dir='ltr'><strong>postulamus.</strong></span> <span class='ocrx_word' id='word_1_186' title='bbox 1260 2925 1400 2990; x_wconf 81' lang='lat' dir='ltr'><strong>Quia</strong></span> <span class='ocrx_word' id='word_1_187' title='bbox 1445 2925 1566 2978; x_wconf 83' lang='lat' dir='ltr'><strong>libri</strong></span> 
     </span>
     <span class='ocr_line' id='line_1_29' title="bbox 548 3000 1568 3076; baseline 0.004 -24"><span class='ocrx_word' id='word_1_188' title='bbox 548 3000 869 3072; x_wconf 83' lang='lat' dir='ltr'><strong>antiquiores</strong></span> <span class='ocrx_word' id='word_1_189' title='bbox 902 3001 1031 3060; x_wconf 76' lang='lat' dir='ltr'><strong>editi</strong></span> <span class='ocrx_word' id='word_1_190' title='bbox 1069 3017 1121 3056; x_wconf 85' lang='lat' dir='ltr'><strong>et</strong></span> <span class='ocrx_word' id='word_1_191' title='bbox 1154 3005 1335 3076; x_wconf 83' lang='lat' dir='ltr'><strong>scripti</strong></span> <span class='ocrx_word' id='word_1_192' title='bbox 1368 3003 1568 3057; x_wconf 78' lang='lat' dir='ltr'><strong>habent</strong></span> 
     </span>
     <span class='ocr_line' id='line_1_30' title="bbox 548 3081 1568 3154; baseline 0.004 -23"><span class='ocrx_word' id='word_1_193' title='bbox 548 3099 715 3147; x_wconf 78' lang='lat' dir='ltr'><strong>qaum,</strong></span> <span class='ocrx_word' id='word_1_194' title='bbox 730 3083 1057 3135; x_wconf 76' lang='lat' dir='ltr'><strong>Schwarzius</strong></span> <span class='ocrx_word' id='word_1_195' title='bbox 1069 3082 1490 3154; x_wconf 78' lang='lat' dir='ltr'><strong>supplementum</strong></span> <span class='ocrx_word' id='word_1_196' title='bbox 1499 3081 1568 3135; x_wconf 86' lang='lat' dir='ltr'><strong>de</strong></span> 
     </span>
     <span class='ocr_line' id='line_1_31' title="bbox 548 3159 1568 3234; baseline 0 -20"><span class='ocrx_word' id='word_1_197' title='bbox 548 3164 852 3234; x_wconf 74' lang='lat' dir='ltr'><strong>conjectura</strong></span> <span class='ocrx_word' id='word_1_198' title='bbox 876 3159 1115 3215; x_wconf 77' lang='lat' dir='ltr'><strong>addidit:</strong></span> <span class='ocrx_word' id='word_1_199' title='bbox 1136 3183 1187 3230; x_wconf 87' lang='lat' dir='ltr'><strong>q.</strong></span> <span class='ocrx_word' id='word_1_200' title='bbox 1204 3183 1255 3216; x_wconf 82' lang='grc' dir='ltr'><strong>ν.</strong></span> <span class='ocrx_word' id='word_1_201' title='bbox 1267 3182 1323 3230; x_wconf 84' lang='lat' dir='ltr'><strong>p.</strong></span> <span class='ocrx_word' id='word_1_202' title='bbox 1345 3177 1399 3214; x_wconf 71' lang='lat' dir='ltr'><strong>us</strong></span> <span class='ocrx_word' id='word_1_203' title='bbox 1420 3166 1568 3214; x_wconf 78' lang='lat' dir='ltr'><strong>susci-</strong></span> 
     </span>
     <span class='ocr_line' id='line_1_32' title="bbox 538 3246 1566 3312; baseline -0.002 -18"><span class='ocrx_word' id='word_1_204' title='bbox 538 3246 899 3312; x_wconf 57' lang='lat' dir='ltr'><strong>pinget-usquc</strong></span> <span class='ocrx_word' id='word_1_205' title='bbox 910 3247 1234 3304; x_wconf 79' lang='lat' dir='ltr'><strong>consulatum,</strong></span> <span class='ocrx_word' id='word_1_206' title='bbox 1238 3263 1333 3309; x_wconf 81' lang='lat' dir='ltr'><strong>pos</strong></span> <span class='ocrx_word' id='word_1_207' title='bbox 1338 3246 1566 3304; x_wconf 72' lang='lat' dir='ltr'><strong>adamus,</strong></span> 
     </span>
     <span class='ocr_line' id='line_1_33' title="bbox 549 3321 1568 3393; baseline 0 -19"><span class='ocrx_word' id='word_1_208' title='bbox 549 3321 693 3393; x_wconf 83' lang='lat' dir='ltr'><strong>quod</strong></span> <span class='ocrx_word' id='word_1_209' title='bbox 722 3333 897 3377; x_wconf 80' lang='lat' dir='ltr'><strong>tamen</strong></span> <span class='ocrx_word' id='word_1_210' title='bbox 924 3321 1075 3373; x_wconf 83' lang='lat' dir='ltr'><strong>uncis</strong></span> <span class='ocrx_word' id='word_1_211' title='bbox 1100 3321 1331 3373; x_wconf 81' lang='lat' dir='ltr'><strong>inclusit.</strong></span> <span class='ocrx_word' id='word_1_212' title='bbox 1350 3323 1468 3374; x_wconf 85' lang='lat' dir='ltr'><strong>Non</strong></span> <span class='ocrx_word' id='word_1_213' title='bbox 1493 3321 1568 3374; x_wconf 87' lang='lat' dir='ltr'><strong>le-</strong></span> 
     </span>
     <span class='ocr_line' id='line_1_34' title="bbox 548 3399 1568 3470; baseline 0 -18"><span class='ocrx_word' id='word_1_214' title='bbox 548 3402 668 3454; x_wconf 74' lang='lat' dir='ltr'><strong>nius</strong></span> <span class='ocrx_word' id='word_1_215' title='bbox 700 3415 775 3454; x_wconf 87' lang='lat' dir='ltr'><strong>est</strong></span> <span class='ocrx_word' id='word_1_216' title='bbox 792 3440 809 3466; x_wconf 90' lang='lat'><strong>,</strong></span> <span class='ocrx_word' id='word_1_217' title='bbox 830 3421 977 3470; x_wconf 82' lang='lat' dir='ltr'><strong>quum</strong></span> <span class='ocrx_word' id='word_1_218' title='bbox 1007 3411 1213 3454; x_wconf 69' lang='lat' dir='ltr'><strong>mutare</strong></span> <span class='ocrx_word' id='word_1_219' title='bbox 1248 3399 1303 3452; x_wconf 88' lang='lat' dir='ltr'><strong>in</strong></span> <span class='ocrx_word' id='word_1_220' title='bbox 1324 3420 1454 3451; x_wconf 78' lang='lat' dir='ltr'><strong>nune</strong></span> <span class='ocrx_word' id='word_1_221' title='bbox 1469 3439 1484 3466; x_wconf 90' lang='lat'><strong>,</strong></span> <span class='ocrx_word' id='word_1_222' title='bbox 1511 3413 1568 3452; x_wconf 90' lang='lat' dir='ltr'><strong>ut</strong></span> 
     </span>
     <span class='ocr_line' id='line_1_35' title="bbox 550 3481 1568 3554; baseline -0.002 -18"><span class='ocrx_word' id='word_1_223' title='bbox 550 3481 637 3536; x_wconf 79' lang='lat' dir='ltr'><strong>alii</strong></span> <span class='ocrx_word' id='word_1_224' title='bbox 651 3481 817 3536; x_wconf 81' lang='lat' dir='ltr'><strong>fecere</strong></span> <span class='ocrx_word' id='word_1_225' title='bbox 828 3482 927 3534; x_wconf 87' lang='lat' dir='ltr'><strong>?Et</strong></span> <span class='ocrx_word' id='word_1_226' title='bbox 940 3481 998 3535; x_wconf 87' lang='lat' dir='ltr'><strong>id</strong></span> <span class='ocrx_word' id='word_1_227' title='bbox 1014 3482 1436 3554; x_wconf 80' lang='lat' dir='ltr'><strong>supplementum</strong></span> <span class='ocrx_word' id='word_1_228' title='bbox 1455 3499 1568 3534; x_wconf 81' lang='lat' dir='ltr'><strong>ora-</strong></span> 
     </span>
     <span class='ocr_line' id='line_1_36' title="bbox 552 3559 1567 3632; baseline 0.002 -20"><span class='ocrx_word' id='word_1_229' title='bbox 552 3561 746 3614; x_wconf 84' lang='lat' dir='ltr'><strong>tionem</strong></span> <span class='ocrx_word' id='word_1_230' title='bbox 772 3559 947 3614; x_wconf 85' lang='lat' dir='ltr'><strong>reddit</strong></span> <span class='ocrx_word' id='word_1_231' title='bbox 974 3560 1299 3632; x_wconf 75' lang='lat' dir='ltr'><strong>languidam.</strong></span> <span class='ocrx_word' id='word_1_232' title='bbox 1336 3561 1473 3614; x_wconf 68' lang='lat' dir='ltr'><strong>Emi.</strong></span> <span class='ocrx_word' id='word_1_233' title='bbox 1495 3591 1567 3602; x_wconf 89' lang='lat'><strong>--</strong></span> 
     </span>
     <span class='ocr_line' id='line_1_37' title="bbox 550 3639 1566 3708; baseline 0.002 -18"><span class='ocrx_word' id='word_1_234' title='bbox 550 3645 685 3692; x_wconf 72' lang='lat' dir='ltr'><strong>Dans</strong></span> <span class='ocrx_word' id='word_1_235' title='bbox 700 3657 923 3708; x_wconf 78' lang='lat' dir='ltr'><strong>possent,</strong></span> <span class='ocrx_word' id='word_1_236' title='bbox 954 3643 1251 3708; x_wconf 77' lang='lat' dir='ltr'><strong>occuparint.</strong></span> <span class='ocrx_word' id='word_1_237' title='bbox 1282 3639 1407 3692; x_wconf 78' lang='lat' dir='ltr'><strong>Haec</strong></span> <span class='ocrx_word' id='word_1_238' title='bbox 1432 3652 1566 3694; x_wconf 87' lang='lat' dir='ltr'><strong>tem-</strong></span> 
     </span>
     <span class='ocr_line' id='line_1_38' title="bbox 550 3719 1566 3792; baseline 0.002 -22"><span class='ocrx_word' id='word_1_239' title='bbox 550 3736 679 3787; x_wconf 78' lang='lat' dir='ltr'><strong>pora</strong></span> <span class='ocrx_word' id='word_1_240' title='bbox 706 3719 749 3771; x_wconf 83' lang='lat' dir='ltr'><strong>si</strong></span> <span class='ocrx_word' id='word_1_241' title='bbox 776 3731 1053 3773; x_wconf 78' lang='lat' dir='ltr'><strong>servantur</strong></span> <span class='ocrx_word' id='word_1_242' title='bbox 1070 3758 1087 3784; x_wconf 92' lang='lat'><strong>,</strong></span> <span class='ocrx_word' id='word_1_243' title='bbox 1114 3719 1393 3792; x_wconf 78' lang='lat' dir='ltr'><strong>legendum</strong></span> <span class='ocrx_word' id='word_1_244' title='bbox 1420 3719 1566 3773; x_wconf 79' lang='lat' dir='ltr'><strong>vide-</strong></span> 
     </span>
     <span class='ocr_line' id='line_1_39' title="bbox 552 3798 1570 3870; baseline 0.004 -22"><span class='ocrx_word' id='word_1_245' title='bbox 552 3808 639 3850; x_wconf 82' lang='lat' dir='ltr'><strong>tur</strong></span> <span class='ocrx_word' id='word_1_246' title='bbox 664 3835 679 3860; x_wconf 88' lang='lat'><strong>,</strong></span> <span class='ocrx_word' id='word_1_247' title='bbox 708 3809 769 3850; x_wconf 88' lang='lat' dir='ltr'><strong>ut</strong></span> <span class='ocrx_word' id='word_1_248' title='bbox 789 3798 1049 3870; x_wconf 82' lang='lat' dir='ltr'><strong>Gierigius</strong></span> <span class='ocrx_word' id='word_1_249' title='bbox 1071 3800 1283 3854; x_wconf 76' lang='lat' dir='ltr'><strong>volebat</strong></span> <span class='ocrx_word' id='word_1_250' title='bbox 1308 3817 1321 3851; x_wconf 73' lang='grc' dir='ltr'><strong>ε</strong></span> <span class='ocrx_word' id='word_1_251' title='bbox 1348 3820 1500 3868; x_wconf 78' lang='lat' dir='ltr'><strong>quam</strong></span> <span class='ocrx_word' id='word_1_252' title='bbox 1515 3815 1570 3852; x_wconf 79' lang='lat' dir='ltr'><strong>ut</strong></span> 
     </span>
     <span class='ocr_line' id='line_1_40' title="bbox 553 3879 1563 3946; baseline 0.003 -18"><span class='ocrx_word' id='word_1_253' title='bbox 553 3879 676 3928; x_wconf 81' lang='lat' dir='ltr'><strong>dare</strong></span> <span class='ocrx_word' id='word_1_254' title='bbox 700 3894 899 3943; x_wconf 81' lang='lat' dir='ltr'><strong>possent</strong></span> <span class='ocrx_word' id='word_1_255' title='bbox 913 3917 927 3938; x_wconf 88' lang='lat'><strong>,</strong></span> <span class='ocrx_word' id='word_1_256' title='bbox 969 3882 1257 3946; x_wconf 78' lang='lat' dir='ltr'><strong>occuparint</strong></span> <span class='ocrx_word' id='word_1_257' title='bbox 1270 3917 1288 3942; x_wconf 86' lang='lat'><strong>,</strong></span> <span class='ocrx_word' id='word_1_258' title='bbox 1326 3891 1383 3930; x_wconf 89' lang='lat' dir='ltr'><strong>ut</strong></span> <span class='ocrx_word' id='word_1_259' title='bbox 1416 3879 1484 3932; x_wconf 82' lang='lat' dir='ltr'><strong>sit</strong></span> <span class='ocrx_word' id='word_1_260' title='bbox 1509 3881 1563 3931; x_wconf 86' lang='lat' dir='ltr'><strong>in</strong></span> 
     </span>
     <span class='ocr_line' id='line_1_41' title="bbox 552 3954 1566 4030; baseline 0.001 -22"><span class='ocrx_word' id='word_1_261' title='bbox 552 3954 635 4008; x_wconf 80' lang='lat' dir='ltr'><strong>his</strong></span> <span class='ocrx_word' id='word_1_262' title='bbox 653 3956 823 4008; x_wconf 79' lang='lat' dir='ltr'><strong>verbis</strong></span> <span class='ocrx_word' id='word_1_263' title='bbox 841 3955 1083 4028; x_wconf 68' lang='lat' dir='ltr'><strong>quaedam</strong></span> <span class='ocrx_word' id='word_1_264' title='bbox 1110 3957 1407 4030; x_wconf 78' lang='lat' dir='ltr'><strong>objurgatio</strong></span> <span class='ocrx_word' id='word_1_265' title='bbox 1426 3957 1566 4028; x_wconf 84' lang='lat' dir='ltr'><strong>prin·</strong></span> 
     </span>
     <span class='ocr_line' id='line_1_42' title="bbox 554 4035 1565 4108; baseline 0 -20"><span class='ocrx_word' id='word_1_266' title='bbox 554 4037 729 4108; x_wconf 86' lang='lat' dir='ltr'><strong>cipum</strong></span> <span class='ocrx_word' id='word_1_267' title='bbox 756 4075 770 4098; x_wconf 94' lang='lat'><strong>,</strong></span> <span class='ocrx_word' id='word_1_268' title='bbox 805 4035 898 4106; x_wconf 84' lang='lat' dir='ltr'><strong>qui</strong></span> <span class='ocrx_word' id='word_1_269' title='bbox 926 4035 1211 4106; x_wconf 81' lang='lat' dir='ltr'><strong>aliquando</strong></span> <span class='ocrx_word' id='word_1_270' title='bbox 1233 4037 1565 4090; x_wconf 76' lang='lat' dir='ltr'><strong>consulatum</strong></span> 
     </span>
     <span class='ocr_line' id='line_1_43' title="bbox 555 4113 1566 4187; baseline 0 -19"><span class='ocrx_word' id='word_1_271' title='bbox 555 4113 823 4185; x_wconf 82' lang='lat' dir='ltr'><strong>rapuerint</strong></span> <span class='ocrx_word' id='word_1_272' title='bbox 848 4154 862 4178; x_wconf 95' lang='lat'><strong>,</strong></span> <span class='ocrx_word' id='word_1_273' title='bbox 896 4131 1001 4164; x_wconf 86' lang='lat' dir='ltr'><strong>non</strong></span> <span class='ocrx_word' id='word_1_274' title='bbox 1032 4125 1090 4164; x_wconf 92' lang='lat' dir='ltr'><strong>ut</strong></span> <span class='ocrx_word' id='word_1_275' title='bbox 1112 4115 1211 4184; x_wconf 74' lang='lat' dir='ltr'><strong>ipsi</strong></span> <span class='ocrx_word' id='word_1_276' title='bbox 1244 4135 1307 4167; x_wconf 86' lang='lat' dir='ltr'><strong>eo</strong></span> <span class='ocrx_word' id='word_1_277' title='bbox 1344 4115 1566 4187; x_wconf 82' lang='lat' dir='ltr'><strong>fungan-</strong></span> 
     </span>
    </p>
   </div>
   <div class='ocr_carea' id='block_1_5' title="bbox 1648 1890 2674 4168">
    <p class='ocr_par' dir='ltr' id='par_1_7' title="bbox 1648 1890 2674 4025">
     <span class='ocr_line' id='line_1_44' title="bbox 1651 1890 2667 1962; baseline 0.001 -17"><span class='ocrx_word' id='word_1_278' title='bbox 1651 1905 1770 1955; x_wconf 85' lang='lat' dir='ltr'><strong>tur,</strong></span> <span class='ocrx_word' id='word_1_279' title='bbox 1805 1890 1894 1945; x_wconf 89' lang='lat' dir='ltr'><strong>sed</strong></span> <span class='ocrx_word' id='word_1_280' title='bbox 1929 1904 1988 1945; x_wconf 90' lang='lat' dir='ltr'><strong>ut</strong></span> <span class='ocrx_word' id='word_1_281' title='bbox 2019 1892 2134 1945; x_wconf 65' lang='lat' dir='ltr'><strong>eliis</strong></span> <span class='ocrx_word' id='word_1_282' title='bbox 2159 1890 2290 1945; x_wconf 76' lang='lat' dir='ltr'><strong>dare</strong></span> <span class='ocrx_word' id='word_1_283' title='bbox 2321 1892 2540 1962; x_wconf 76' lang='lat' dir='ltr'><strong>possint.</strong></span> <span class='ocrx_word' id='word_1_284' title='bbox 2569 1892 2667 1946; x_wconf 85' lang='lat' dir='ltr'><strong>Sed</strong></span> 
     </span>
     <span class='ocr_line' id='line_1_45' title="bbox 1650 1970 2673 2042; baseline 0 -19"><span class='ocrx_word' id='word_1_285' title='bbox 1650 1990 1717 2023; x_wconf 90' lang='lat' dir='ltr'><strong>ne</strong></span> <span class='ocrx_word' id='word_1_286' title='bbox 1729 1970 1782 2023; x_wconf 87' lang='lat' dir='ltr'><strong>id</strong></span> <span class='ocrx_word' id='word_1_287' title='bbox 1801 1970 2011 2042; x_wconf 88' lang='lat' dir='ltr'><strong>quidem</strong></span> <span class='ocrx_word' id='word_1_288' title='bbox 2032 1971 2196 2042; x_wconf 82' lang='lat' dir='ltr'><strong>placet</strong></span> <span class='ocrx_word' id='word_1_289' title='bbox 2213 2008 2228 2033; x_wconf 91' lang='lat'><strong>,</strong></span> <span class='ocrx_word' id='word_1_290' title='bbox 2244 1972 2418 2041; x_wconf 82' lang='lat' dir='ltr'><strong>etjam</strong></span> <span class='ocrx_word' id='word_1_291' title='bbox 2439 1970 2673 2023; x_wconf 73' lang='lat' dir='ltr'><strong>Schwar-</strong></span> 
     </span>
     <span class='ocr_line' id='line_1_46' title="bbox 1649 2050 2670 2122; baseline 0.001 -21"><span class='ocrx_word' id='word_1_292' title='bbox 1649 2050 1763 2103; x_wconf 82' lang='lat' dir='ltr'><strong>zius</strong></span> <span class='ocrx_word' id='word_1_293' title='bbox 1777 2051 1830 2102; x_wconf 88' lang='lat' dir='ltr'><strong>in</strong></span> <span class='ocrx_word' id='word_1_294' title='bbox 1845 2052 1944 2104; x_wconf 86' lang='lat' dir='ltr'><strong>illis</strong></span> <span class='ocrx_word' id='word_1_295' title='bbox 1963 2062 2068 2103; x_wconf 87' lang='lat' dir='ltr'><strong>tem</strong></span> <span class='ocrx_word' id='word_1_296' title='bbox 2075 2051 2292 2122; x_wconf 78' lang='lat' dir='ltr'><strong>poribus</strong></span> <span class='ocrx_word' id='word_1_297' title='bbox 2305 2050 2475 2103; x_wconf 58' lang='lat' dir='ltr'><strong>huit.</strong></span> <span class='ocrx_word' id='word_1_298' title='bbox 2487 2050 2670 2108; x_wconf 82' lang='lat' dir='ltr'><strong>Totius</strong></span> 
     </span>
     <span class='ocr_line' id='line_1_47' title="bbox 1650 2130 2668 2205; baseline -0.001 -22"><span class='ocrx_word' id='word_1_299' title='bbox 1650 2132 1902 2183; x_wconf 83' lang='lat' dir='ltr'><strong>orationis</strong></span> <span class='ocrx_word' id='word_1_300' title='bbox 1927 2130 2179 2183; x_wconf 63' lang='lat' dir='ltr'><strong>Pliniana</strong></span> <span class='ocrx_word' id='word_1_301' title='bbox 2203 2148 2368 2205; x_wconf 77' lang='lat' dir='ltr'><strong>nexus</strong></span> <span class='ocrx_word' id='word_1_302' title='bbox 2401 2130 2632 2201; x_wconf 79' lang='lat' dir='ltr'><strong>postulat</strong></span> <span class='ocrx_word' id='word_1_303' title='bbox 2653 2169 2668 2191; x_wconf 90' lang='lat'><em>‚</em></span> 
     </span>
     <span class='ocr_line' id='line_1_48' title="bbox 1651 2209 2668 2280; baseline 0 -21"><span class='ocrx_word' id='word_1_304' title='bbox 1651 2222 1707 2260; x_wconf 91' lang='lat' dir='ltr'><strong>ut</strong></span> <span class='ocrx_word' id='word_1_305' title='bbox 1733 2209 1965 2280; x_wconf 78' lang='lat' dir='ltr'><strong>legatur,</strong></span> <span class='ocrx_word' id='word_1_306' title='bbox 1997 2229 2147 2277; x_wconf 85' lang='lat' dir='ltr'><strong>quam</strong></span> <span class='ocrx_word' id='word_1_307' title='bbox 2165 2249 2182 2270; x_wconf 97' lang='lat'><strong>,</strong></span> <span class='ocrx_word' id='word_1_308' title='bbox 2212 2229 2362 2276; x_wconf 80' lang='lat' dir='ltr'><strong>quum</strong></span> <span class='ocrx_word' id='word_1_309' title='bbox 2398 2213 2521 2260; x_wconf 76' lang='lat' dir='ltr'><strong>dare</strong></span> <span class='ocrx_word' id='word_1_310' title='bbox 2551 2231 2668 2277; x_wconf 75' lang='lat' dir='ltr'><strong>pos-</strong></span> 
     </span>
     <span class='ocr_line' id='line_1_49' title="bbox 1648 2288 2670 2357; baseline 0.003 -19"><span class='ocrx_word' id='word_1_311' title='bbox 1648 2292 1750 2339; x_wconf 83' lang='lat' dir='ltr'><strong>sim</strong></span> <span class='ocrx_word' id='word_1_312' title='bbox 1767 2327 1782 2348; x_wconf 86' lang='lat'><strong><em>‚</em></strong></span> <span class='ocrx_word' id='word_1_313' title='bbox 1813 2304 2046 2357; x_wconf 81' lang='lat' dir='ltr'><strong>occupent</strong></span> <span class='ocrx_word' id='word_1_314' title='bbox 2067 2328 2083 2350; x_wconf 91' lang='lat'><strong>,</strong></span> <span class='ocrx_word' id='word_1_315' title='bbox 2113 2289 2216 2343; x_wconf 85' lang='lat' dir='ltr'><strong>hoc</strong></span> <span class='ocrx_word' id='word_1_316' title='bbox 2249 2306 2406 2341; x_wconf 86' lang='lat' dir='ltr'><strong>seusu</strong></span> <span class='ocrx_word' id='word_1_317' title='bbox 2429 2306 2446 2341; x_wconf 73' lang='grc' dir='ltr'><strong><em>ε</em></strong></span> <span class='ocrx_word' id='word_1_318' title='bbox 2470 2288 2670 2341; x_wconf 79' lang='lat' dir='ltr'><strong>discant</strong></span> 
     </span>
     <span class='ocr_line' id='line_1_50' title="bbox 1653 2368 2670 2440; baseline 0 -20"><span class='ocrx_word' id='word_1_319' title='bbox 1653 2379 1744 2421; x_wconf 87' lang='lat' dir='ltr'><strong>tuo</strong></span> <span class='ocrx_word' id='word_1_320' title='bbox 1767 2371 2004 2439; x_wconf 87' lang='lat' dir='ltr'><strong>exemplo</strong></span> <span class='ocrx_word' id='word_1_321' title='bbox 2027 2369 2195 2421; x_wconf 75' lang='lat' dir='ltr'><strong>futuri</strong></span> <span class='ocrx_word' id='word_1_322' title='bbox 2220 2368 2482 2440; x_wconf 81' lang='lat' dir='ltr'><strong>principes</strong></span> <span class='ocrx_word' id='word_1_323' title='bbox 2501 2407 2518 2432; x_wconf 88' lang='lat'><em>‚</em></span> <span class='ocrx_word' id='word_1_324' title='bbox 2545 2387 2670 2422; x_wconf 85' lang='lat' dir='ltr'><strong>con·</strong></span> 
     </span>
     <span class='ocr_line' id='line_1_51' title="bbox 1651 2447 2670 2519; baseline 0 -19"><span class='ocrx_word' id='word_1_325' title='bbox 1651 2447 1878 2500; x_wconf 79' lang='lat' dir='ltr'><strong>sulatum</strong></span> <span class='ocrx_word' id='word_1_326' title='bbox 1905 2486 1919 2510; x_wconf 90' lang='lat'><strong>,</strong></span> <span class='ocrx_word' id='word_1_327' title='bbox 1947 2465 2104 2519; x_wconf 86' lang='lat' dir='ltr'><strong>quem</strong></span> <span class='ocrx_word' id='word_1_328' title='bbox 2123 2448 2240 2500; x_wconf 73' lang='lat' dir='ltr'><strong>aliis</strong></span> <span class='ocrx_word' id='word_1_329' title='bbox 2270 2447 2400 2500; x_wconf 75' lang='lat' dir='ltr'><strong>dare</strong></span> <span class='ocrx_word' id='word_1_330' title='bbox 2421 2485 2438 2510; x_wconf 86' lang='lat'><strong>,</strong></span> <span class='ocrx_word' id='word_1_331' title='bbox 2458 2448 2528 2500; x_wconf 78' lang='lat' dir='ltr'><strong>ad</strong></span> <span class='ocrx_word' id='word_1_332' title='bbox 2541 2449 2670 2502; x_wconf 67' lang='lat' dir='ltr'><strong>alios</strong></span> 
     </span>
     <span class='ocr_line' id='line_1_52' title="bbox 1650 2527 2667 2599; baseline 0 -19"><span class='ocrx_word' id='word_1_333' title='bbox 1650 2529 1998 2580; x_wconf 78' lang='lat' dir='ltr'><strong>transmittere</strong></span> <span class='ocrx_word' id='word_1_334' title='bbox 2016 2528 2248 2599; x_wconf 83' lang='lat' dir='ltr'><strong>possint,</strong></span> <span class='ocrx_word' id='word_1_335' title='bbox 2270 2527 2368 2598; x_wconf 81' lang='lat' dir='ltr'><strong>ipsi</strong></span> <span class='ocrx_word' id='word_1_336' title='bbox 2388 2546 2667 2595; x_wconf 75' lang='lat' dir='ltr'><strong>occupare,</strong></span> 
     </span>
     <span class='ocr_line' id='line_1_53' title="bbox 1650 2601 2666 2678; baseline -0.003 -18"><span class='ocrx_word' id='word_1_337' title='bbox 1650 2605 1754 2660; x_wconf 86' lang='lat' dir='ltr'><strong>hoc</strong></span> <span class='ocrx_word' id='word_1_338' title='bbox 1781 2620 1856 2660; x_wconf 85' lang='lat' dir='ltr'><strong>est</strong></span> <span class='ocrx_word' id='word_1_339' title='bbox 1879 2644 1895 2670; x_wconf 89' lang='lat'><strong>,</strong></span> <span class='ocrx_word' id='word_1_340' title='bbox 1921 2619 2088 2659; x_wconf 84' lang='lat' dir='ltr'><strong>totum</strong></span> <span class='ocrx_word' id='word_1_341' title='bbox 2111 2619 2162 2659; x_wconf 90' lang='lat' dir='ltr'><strong>et</strong></span> <span class='ocrx_word' id='word_1_342' title='bbox 2188 2601 2450 2678; x_wconf 78' lang='lat' dir='ltr'><strong>integrum</strong></span> <span class='ocrx_word' id='word_1_343' title='bbox 2473 2625 2666 2676; x_wconf 72' lang='lat' dir='ltr'><strong>gerere.</strong></span> 
     </span>
     <span class='ocr_line' id='line_1_54' title="bbox 1649 2685 2670 2758; baseline -0.002 -20"><span class='ocrx_word' id='word_1_344' title='bbox 1649 2685 1806 2738; x_wconf 87' lang='lat' dir='ltr'><strong>Hunc</strong></span> <span class='ocrx_word' id='word_1_345' title='bbox 1829 2705 2034 2739; x_wconf 82' lang='lat' dir='ltr'><strong>sensum</strong></span> <span class='ocrx_word' id='word_1_346' title='bbox 2049 2687 2162 2758; x_wconf 82' lang='lat' dir='ltr'><strong>jam</strong></span> <span class='ocrx_word' id='word_1_347' title='bbox 2191 2685 2410 2737; x_wconf 72' lang='lat' dir='ltr'><strong>variatis</strong></span> <span class='ocrx_word' id='word_1_348' title='bbox 2425 2685 2603 2738; x_wconf 78' lang='lat' dir='ltr'><strong>verbis</strong></span> <span class='ocrx_word' id='word_1_349' title='bbox 2620 2697 2670 2736; x_wconf 80' lang='lat' dir='ltr'><strong>et</strong></span> 
     </span>
     <span class='ocr_line' id='line_1_55' title="bbox 1648 2764 2670 2836; baseline -0.004 -19"><span class='ocrx_word' id='word_1_350' title='bbox 1648 2767 1808 2819; x_wconf 85' lang='lat' dir='ltr'><strong>rebus</strong></span> <span class='ocrx_word' id='word_1_351' title='bbox 1829 2767 2042 2836; x_wconf 85' lang='lat' dir='ltr'><strong>repetit;</strong></span> <span class='ocrx_word' id='word_1_352' title='bbox 2076 2764 2278 2818; x_wconf 78' lang='lat' dir='ltr'><strong>discant</strong></span> <span class='ocrx_word' id='word_1_353' title='bbox 2305 2767 2570 2816; x_wconf 74' lang='lat' dir='ltr'><strong>ascendere</strong></span> <span class='ocrx_word' id='word_1_354' title='bbox 2591 2785 2670 2814; x_wconf 78' lang='lat' dir='ltr'><strong>cu·</strong></span> 
     </span>
     <span class='ocr_line' id='line_1_56' title="bbox 1651 2842 2668 2912; baseline -0.004 -16"><span class='ocrx_word' id='word_1_355' title='bbox 1651 2849 1802 2896; x_wconf 69' lang='lat' dir='ltr'><strong>nalem</strong></span> <span class='ocrx_word' id='word_1_356' title='bbox 1821 2883 1838 2906; x_wconf 90' lang='lat'>‚</span> <span class='ocrx_word' id='word_1_357' title='bbox 1879 2865 2028 2912; x_wconf 81' lang='lat' dir='ltr'><strong>quam</strong></span> <span class='ocrx_word' id='word_1_358' title='bbox 2071 2847 2320 2895; x_wconf 74' lang='lat' dir='ltr'><strong>detineant</strong></span> <span class='ocrx_word' id='word_1_359' title='bbox 2334 2881 2351 2905; x_wconf 91' lang='lat'>‚</span> <span class='ocrx_word' id='word_1_360' title='bbox 2407 2842 2515 2895; x_wconf 85' lang='lat' dir='ltr'><strong>hoc</strong></span> <span class='ocrx_word' id='word_1_361' title='bbox 2557 2853 2630 2896; x_wconf 82' lang='lat' dir='ltr'><strong>est</strong></span> <span class='ocrx_word' id='word_1_362' title='bbox 2652 2883 2668 2906; x_wconf 87' lang='lat'><strong>,</strong></span> 
     </span>
     <span class='ocr_line' id='line_1_57' title="bbox 1651 2921 2668 2994; baseline -0.002 -18"><span class='ocrx_word' id='word_1_363' title='bbox 1651 2942 1758 2977; x_wconf 80' lang='lat' dir='ltr'><strong>non</strong></span> <span class='ocrx_word' id='word_1_364' title='bbox 1789 2937 1906 2994; x_wconf 87' lang='lat' dir='ltr'><strong>post</strong></span> <span class='ocrx_word' id='word_1_365' title='bbox 1933 2923 2127 2994; x_wconf 81' lang='lat' dir='ltr'><strong>pauco&#39;s</strong></span> <span class='ocrx_word' id='word_1_366' title='bbox 2156 2921 2270 2975; x_wconf 84' lang='lat' dir='ltr'><strong>dies</strong></span> <span class='ocrx_word' id='word_1_367' title='bbox 2291 2960 2308 2986; x_wconf 92' lang='lat'><strong>,</strong></span> <span class='ocrx_word' id='word_1_368' title='bbox 2337 2939 2489 2974; x_wconf 85' lang='lat' dir='ltr'><strong>more</strong></span> <span class='ocrx_word' id='word_1_369' title='bbox 2516 2941 2668 2993; x_wconf 89' lang='lat' dir='ltr'><strong>supe·</strong></span> 
     </span>
     <span class='ocr_line' id='line_1_58' title="bbox 1651 3002 2670 3074; baseline -0.003 -20"><span class='ocrx_word' id='word_1_370' title='bbox 1651 3003 1848 3055; x_wconf 88' lang='lat' dir='ltr'><strong>riorum</strong></span> <span class='ocrx_word' id='word_1_371' title='bbox 1883 3004 2058 3074; x_wconf 84' lang='lat' dir='ltr'><strong>Impp.</strong></span> <span class='ocrx_word' id='word_1_372' title='bbox 2089 3002 2372 3064; x_wconf 54' lang='lat' dir='ltr'><strong>desei-anu</strong></span> <span class='ocrx_word' id='word_1_373' title='bbox 2411 3021 2514 3052; x_wconf 78' lang='lat' dir='ltr'><strong>esse</strong></span> <span class='ocrx_word' id='word_1_374' title='bbox 2535 3004 2670 3052; x_wconf 78' lang='lat' dir='ltr'><strong>deni-</strong></span> 
     </span>
     <span class='ocr_line' id='line_1_59' title="bbox 1653 3083 2668 3154; baseline 0 -22"><span class='ocrx_word' id='word_1_375' title='bbox 1653 3101 1780 3148; x_wconf 81' lang='lat' dir='ltr'><strong>que,</strong></span> <span class='ocrx_word' id='word_1_376' title='bbox 1812 3094 1908 3135; x_wconf 90' lang='lat' dir='ltr'><strong>etc.</strong></span> <span class='ocrx_word' id='word_1_377' title='bbox 1935 3114 1951 3145; x_wconf 77' lang='lat'><strong>,</strong></span> <span class='ocrx_word' id='word_1_378' title='bbox 1981 3101 2102 3154; x_wconf 76' lang='lat' dir='ltr'><strong>quse</strong></span> <span class='ocrx_word' id='word_1_379' title='bbox 2137 3083 2314 3136; x_wconf 68' lang='lat' dir='ltr'><strong>omnia</strong></span> <span class='ocrx_word' id='word_1_380' title='bbox 2341 3099 2504 3134; x_wconf 77' lang='lat' dir='ltr'><strong>unam</strong></span> <span class='ocrx_word' id='word_1_381' title='bbox 2528 3099 2668 3133; x_wconf 79' lang='lat' dir='ltr'><strong>eam·</strong></span> 
     </span>
     <span class='ocr_line' id='line_1_60' title="bbox 1653 3159 2670 3234; baseline -0.002 -22"><span class='ocrx_word' id='word_1_382' title='bbox 1653 3159 1880 3234; x_wconf 83' lang='lat' dir='ltr'><strong>demque</strong></span> <span class='ocrx_word' id='word_1_383' title='bbox 1913 3161 2224 3215; x_wconf 79' lang='lat' dir='ltr'><strong>sententiam</strong></span> <span class='ocrx_word' id='word_1_384' title='bbox 2261 3160 2491 3214; x_wconf 74' lang='lat' dir='ltr'><strong>variant.</strong></span> <span class='ocrx_word' id='word_1_385' title='bbox 2517 3161 2578 3211; x_wconf 89' lang='grc' dir='ltr'><strong>Ε.</strong></span> <span class='ocrx_word' id='word_1_386' title='bbox 2601 3191 2670 3200; x_wconf 93' lang='lat'><em>-</em></span> 
     </span>
     <span class='ocr_line' id='line_1_61' title="bbox 1652 3239 2670 3294; baseline 0.001 -5"><span class='ocrx_word' id='word_1_387' title='bbox 1652 3240 1760 3292; x_wconf 77' lang='lat' dir='ltr'><strong>vix</strong></span> <span class='ocrx_word' id='word_1_388' title='bbox 1793 3243 1902 3293; x_wconf 81' lang='lat' dir='ltr'><strong>haec</strong></span> <span class='ocrx_word' id='word_1_389' title='bbox 1929 3241 2275 3294; x_wconf 78' lang='lat' dir='ltr'><strong>satisfaciunt.</strong></span> <span class='ocrx_word' id='word_1_390' title='bbox 2299 3239 2365 3291; x_wconf 88' lang='lat' dir='ltr'><strong>In</strong></span> <span class='ocrx_word' id='word_1_391' title='bbox 2387 3239 2504 3292; x_wconf 79' lang='lat' dir='ltr'><strong>aliis</strong></span> <span class='ocrx_word' id='word_1_392' title='bbox 2525 3239 2670 3290; x_wconf 86' lang='lat' dir='ltr'><strong>libris</strong></span> 
     </span>
     <span class='ocr_line' id='line_1_62' title="bbox 1653 3319 2668 3391; baseline -0.001 -20"><span class='ocrx_word' id='word_1_393' title='bbox 1653 3338 1762 3371; x_wconf 87' lang='lat' dir='ltr'><strong>non</strong></span> <span class='ocrx_word' id='word_1_394' title='bbox 1775 3337 1976 3388; x_wconf 74' lang='lat' dir='ltr'><strong>possent</strong></span> <span class='ocrx_word' id='word_1_395' title='bbox 1996 3320 2186 3391; x_wconf 81' lang='lat' dir='ltr'><strong>legitur</strong></span> <span class='ocrx_word' id='word_1_396' title='bbox 2199 3357 2213 3383; x_wconf 87' lang='lat'><strong>,</strong></span> <span class='ocrx_word' id='word_1_397' title='bbox 2235 3319 2330 3372; x_wconf 77' lang='lat' dir='ltr'><strong>sed</strong></span> <span class='ocrx_word' id='word_1_398' title='bbox 2340 3321 2552 3386; x_wconf 76' lang='lat' dir='ltr'><strong>possint.</strong></span> <span class='ocrx_word' id='word_1_399' title='bbox 2573 3319 2668 3370; x_wconf 89' lang='lat' dir='ltr'><strong>Su-</strong></span> 
     </span>
     <span class='ocr_line' id='line_1_63' title="bbox 1653 3397 2670 3471; baseline -0.005 -19"><span class='ocrx_word' id='word_1_400' title='bbox 1653 3399 1826 3471; x_wconf 83' lang='lat' dir='ltr'><strong>spicor</strong></span> <span class='ocrx_word' id='word_1_401' title='bbox 1841 3399 2000 3470; x_wconf 84' lang='lat' dir='ltr'><strong>igitur</strong></span> <span class='ocrx_word' id='word_1_402' title='bbox 2011 3397 2348 3453; x_wconf 83' lang='lat' dir='ltr'><strong>scribendum</strong></span> <span class='ocrx_word' id='word_1_403' title='bbox 2361 3416 2474 3450; x_wconf 80' lang='lat' dir='ltr'><strong>esse</strong></span> <span class='ocrx_word' id='word_1_404' title='bbox 2490 3417 2506 3449; x_wconf 75' lang='grc' dir='ltr'><strong><em>ε</em></strong></span> <span class='ocrx_word' id='word_1_405' title='bbox 2527 3417 2670 3464; x_wconf 78' lang='lat' dir='ltr'><strong>quam</strong></span> 
     </span>
     <span class='ocr_line' id='line_1_64' title="bbox 1653 3477 2670 3548; baseline -0.004 -18"><span class='ocrx_word' id='word_1_406' title='bbox 1653 3483 1993 3546; x_wconf 77' lang='lat' dir='ltr'><strong>darepossint,</strong></span> <span class='ocrx_word' id='word_1_407' title='bbox 2017 3499 2165 3547; x_wconf 77' lang='lat' dir='ltr'><strong>quum</strong></span> <span class='ocrx_word' id='word_1_408' title='bbox 2183 3481 2486 3548; x_wconf 75' lang='lat' dir='ltr'><strong>occuparint.</strong></span> <span class='ocrx_word' id='word_1_409' title='bbox 2506 3477 2670 3548; x_wconf 83' lang='lat' dir='ltr'><strong>Supra</strong></span> 
     </span>
     <span class='ocr_line' id='line_1_65' title="bbox 1653 3559 2672 3623; baseline -0.007 -12"><span class='ocrx_word' id='word_1_410' title='bbox 1653 3577 1706 3618; x_wconf 68' lang='lat' dir='ltr'><strong>c.</strong></span> <span class='ocrx_word' id='word_1_411' title='bbox 1725 3559 1774 3610; x_wconf 84' lang='lat' dir='ltr'><strong>X</strong></span> <span class='ocrx_word' id='word_1_412' title='bbox 1787 3597 1802 3622; x_wconf 84' lang='lat'><strong>,</strong></span> <span class='ocrx_word' id='word_1_413' title='bbox 1828 3578 1879 3621; x_wconf 73' lang='grc' dir='ltr'><strong>ι,</strong></span> <span class='ocrx_word' id='word_1_414' title='bbox 1897 3561 1976 3610; x_wconf 77' lang='lat' dir='ltr'><strong>ille</strong></span> <span class='ocrx_word' id='word_1_415' title='bbox 1993 3573 2200 3609; x_wconf 77' lang='lat' dir='ltr'><strong>tantum.</strong></span> <span class='ocrx_word' id='word_1_416' title='bbox 2215 3593 2228 3606; x_wconf 91' lang='lat'><strong>.</strong></span> <span class='ocrx_word' id='word_1_417' title='bbox 2250 3559 2559 3623; x_wconf 74' lang='lat' dir='ltr'><strong>,occupavit,</strong></span> <span class='ocrx_word' id='word_1_418' title='bbox 2569 3559 2672 3622; x_wconf 80' lang='lat' dir='ltr'><strong>pri·</strong></span> 
     </span>
     <span class='ocr_line' id='line_1_66' title="bbox 1653 3633 2674 3706; baseline -0.006 -15"><span class='ocrx_word' id='word_1_419' title='bbox 1653 3640 1992 3706; x_wconf 78' lang='lat' dir='ltr'><strong>musquefecie</strong></span> <span class='ocrx_word' id='word_1_420' title='bbox 2013 3673 2030 3700; x_wconf 91' lang='lat'><strong>,</strong></span> <span class='ocrx_word' id='word_1_421' title='bbox 2057 3649 2159 3688; x_wconf 84' lang='lat' dir='ltr'><strong>etc.</strong></span> <span class='ocrx_word' id='word_1_422' title='bbox 2179 3635 2250 3688; x_wconf 85' lang='grc' dir='ltr'><strong>Η.</strong></span> <span class='ocrx_word' id='word_1_423' title='bbox 2273 3635 2311 3686; x_wconf 86' lang='lat' dir='ltr'><strong>l.</strong></span> <span class='ocrx_word' id='word_1_424' title='bbox 2335 3633 2550 3686; x_wconf 79' lang='lat' dir='ltr'><strong>videtur</strong></span> <span class='ocrx_word' id='word_1_425' title='bbox 2567 3651 2674 3685; x_wconf 78' lang='lat' dir='ltr'><strong>esse</strong></span> 
     </span>
     <span class='ocr_line' id='line_1_67' title="bbox 1651 3713 2672 3790; baseline -0.004 -22"><span class='ocrx_word' id='word_1_426' title='bbox 1651 3718 1880 3790; x_wconf 80' lang='lat' dir='ltr'><strong>priorem</strong></span> <span class='ocrx_word' id='word_1_427' title='bbox 1911 3714 2132 3768; x_wconf 84' lang='lat' dir='ltr'><strong>induere</strong></span> <span class='ocrx_word' id='word_1_428' title='bbox 2172 3725 2502 3786; x_wconf 64' lang='lat' dir='ltr'><strong>praetextam.</strong></span> <span class='ocrx_word' id='word_1_429' title='bbox 2521 3713 2577 3765; x_wconf 91' lang='lat' dir='ltr'><strong>S.</strong></span> <span class='ocrx_word' id='word_1_430' title='bbox 2610 3743 2672 3754; x_wconf 88' lang='lat'><strong>--</strong></span> 
     </span>
     <span class='ocr_line' id='line_1_68' title="bbox 1655 3796 2673 3862; baseline -0.006 -14"><span class='ocrx_word' id='word_1_431' title='bbox 1655 3799 1926 3848; x_wconf 76' lang='lat' dir='ltr'><strong>Ascendere</strong></span> <span class='ocrx_word' id='word_1_432' title='bbox 1943 3800 2155 3846; x_wconf 80' lang='lat' dir='ltr'><strong>curulem</strong></span> <span class='ocrx_word' id='word_1_433' title='bbox 2176 3835 2192 3856; x_wconf 87' lang='lat'><strong>,</strong></span> <span class='ocrx_word' id='word_1_434' title='bbox 2237 3815 2388 3862; x_wconf 77' lang='lat' dir='ltr'><strong>quam</strong></span> <span class='ocrx_word' id='word_1_435' title='bbox 2414 3796 2673 3844; x_wconf 76' lang='lat' dir='ltr'><strong>detineant.</strong></span> 
     </span>
     <span class='ocr_line' id='line_1_69' title="bbox 1657 3873 2674 3943; baseline -0.005 -15"><span class='ocrx_word' id='word_1_436' title='bbox 1657 3881 1815 3943; x_wconf 76' lang='lat' dir='ltr'><strong>Quam</strong></span> <span class='ocrx_word' id='word_1_437' title='bbox 1855 3879 2107 3926; x_wconf 71' lang='lat' dir='ltr'><strong>detineant</strong></span> <span class='ocrx_word' id='word_1_438' title='bbox 2129 3915 2143 3940; x_wconf 96' lang='lat'><strong>,</strong></span> <span class='ocrx_word' id='word_1_439' title='bbox 2179 3873 2231 3927; x_wconf 87' lang='lat' dir='ltr'><strong>id</strong></span> <span class='ocrx_word' id='word_1_440' title='bbox 2261 3887 2341 3927; x_wconf 80' lang='lat' dir='ltr'><strong>est</strong></span> <span class='ocrx_word' id='word_1_441' title='bbox 2370 3873 2644 3925; x_wconf 76' lang='lat' dir='ltr'><strong>obtineant</strong></span> <span class='ocrx_word' id='word_1_442' title='bbox 2661 3909 2674 3931; x_wconf 92' lang='lat'><strong>,</strong></span> 
     </span>
     <span class='ocr_line' id='line_1_70' title="bbox 1652 3951 2673 4025; baseline -0.008 -17"><span class='ocrx_word' id='word_1_443' title='bbox 1652 3975 1750 4008; x_wconf 85' lang='lat' dir='ltr'><strong>nec</strong></span> <span class='ocrx_word' id='word_1_444' title='bbox 1761 3953 1829 4006; x_wconf 82' lang='lat' dir='ltr'><strong>ad</strong></span> <span class='ocrx_word' id='word_1_445' title='bbox 1849 3955 2010 4007; x_wconf 74' lang='lat' dir='ltr'><strong>alium</strong></span> <span class='ocrx_word' id='word_1_446' title='bbox 2033 3955 2310 4025; x_wconf 80' lang='lat' dir='ltr'><strong>pervenire</strong></span> <span class='ocrx_word' id='word_1_447' title='bbox 2329 3953 2524 4005; x_wconf 81' lang='lat' dir='ltr'><strong>sinant.</strong></span> <span class='ocrx_word' id='word_1_448' title='bbox 2543 3951 2673 4003; x_wconf 76' lang='lat' dir='ltr'><strong>Enn.</strong></span> 
     </span>
    </p>

    <p class='ocr_par' dir='ltr' id='par_1_8' title="bbox 1655 4031 2674 4168">
     <span class='ocr_line' id='line_1_71' title="bbox 1728 4031 2674 4104; baseline -0.005 -16"><span class='ocrx_word' id='word_1_449' title='bbox 1728 4037 1781 4088; x_wconf 83' lang='lat'><strong>3.</strong></span> <span class='ocrx_word' id='word_1_450' title='bbox 1810 4037 2024 4087; x_wconf 68' lang='lat' dir='ltr'><strong>(creeris.</strong></span> <span class='ocrx_word' id='word_1_451' title='bbox 2050 4035 2130 4086; x_wconf 80' lang='lat' dir='ltr'><strong>Al.</strong></span> <span class='ocrx_word' id='word_1_452' title='bbox 2159 4039 2334 4085; x_wconf 72' lang='lat' dir='ltr'><strong>exteris</strong></span> <span class='ocrx_word' id='word_1_453' title='bbox 2353 4071 2370 4096; x_wconf 90' lang='lat'>‚</span> <span class='ocrx_word' id='word_1_454' title='bbox 2390 4031 2540 4104; x_wconf 82' lang='lat' dir='ltr'><strong>quod</strong></span> <span class='ocrx_word' id='word_1_455' title='bbox 2555 4049 2674 4104; x_wconf 73' lang='lat' dir='ltr'><strong>pra!-</strong></span> 
     </span>
     <span class='ocr_line' id='line_1_72' title="bbox 1655 4115 1848 4168; baseline -0.021 0"><span class='ocrx_word' id='word_1_456' title='bbox 1655 4125 1772 4168; x_wconf 79' lang='lat' dir='ltr'><strong>stat.</strong></span> <span class='ocrx_word' id='word_1_457' title='bbox 1794 4115 1848 4166; x_wconf 90' lang='lat' dir='ltr'><strong>S.</strong></span> 
     </span>
    </p>
   </div>
  </div>
 </body>
</html>
