2857 4690
532 370 667 416 212

527 527 1446 557 mmmm-mmm

1172 338 1250 410 C.
1304 335 1652 404 PLINII
1701 333 1894 400 LIB.
1951 331 2036 395 X.

1721 521 1904 541 Μ
2179 515 2682 538 ΜΜὯΜ

1398 692 1802 784 CXVII.
1877 796 1894 815 ,

530 915 802 978 Vei-etur,
834 925 909 962 ne
936 923 1011 960 ex
1040 899 1382 959 invitatione
1411 894 1485 954 ad
1521 892 1772 952 solenne·
1790 889 2050 948 officium
2079 887 2362 945 factiones
2391 887 2681 944 oriantur.

610 1006 794 1082 Igitur
842 1001 963 1058 istis
1010 991 1450 1056 invitationibus
1486 1035 1504 1063 ,
1558 987 1952 1069 sportulisque
1997 985 2216 1042 interea
2267 982 2684 1041 distribuendis

612 1101 850 1161 modum
896 1116 1019 1156 esse
1060 1091 1438 1174 praebendum
1477 1086 1783 1146 existimat.
1829 1083 2126 1142 Illustrant
2165 1080 2290 1138 haec
2323 1100 2518 1138 mores
2553 1078 2685 1136 illo-

612 1219 741 1257 rum
775 1211 1122 1273 temporum.

978 1399 1040 1444 C.
1097 1391 1460 1441 PLINIUS
1509 1385 1903 1436 TRAIANO
1957 1383 2136 1431 IMP.
2189 1383 2241 1430 S.

636 1585 801 1673 Qui
852 1577 1110 1646 virilem
1146 1589 1375 1666 togam
1418 1580 1730 1648 sumunt,
1772 1563 1894 1632 vel·
1917 1563 2188 1657 nuptias
2235 1561 2530 1648 faciunt,
2587 1561 2683 1629 vel

540 1700 779 1765 ineunt
805 1690 1269 1784 magistratum
1295 1736 1315 1769 ,
1352 1677 1456 1749 vel
1487 1701 1660 1772 opus
1702 1672 2046 1769 publicum
2083 1671 2435 1760 dedicant,
2474 1671 2687 1740 solent

542 1820 760 1874 totam
780 1798 1019 1884 bulen,
1044 1810 1246 1888 atque
1278 1793 1482 1861 ctiam
1519 1813 1558 1856 e
1593 1785 1788 1882 plebe
1821 1809 1958 1853 non
1981 1784 2297 1878 exiguum
2327 1807 2686 1852 numerum

542 1940 822 1997 vocare,
864 1910 1194 2000 binosque
1240 1901 1552 1970 denarios
1613 1895 1719 1965 vel
1758 1893 2056 1989 singulos
2114 1892 2274 1961 dare
2307 1919 2324 1962 ε
2361 1893 2550 1988 quod
2609 1919 2688 1962 an

480 2066 507 2098 2
545 2021 1018 2098 celebrandum
1036 2073 1055 2107 ‚
1084 2031 1151 2085 et
1170 2029 1536 2110 quatenus»,
1559 2023 1754 2104 putes
1772 2061 1791 2093 ‚
1820 2031 1987 2100 rogo
2007 2005 2278 2074 scribas.
2307 2008 2462 2098 Ipse
2481 2006 2690 2082 enim,

548 2142 719 2209 sicut
755 2134 1084 2214 arbitror,
1129 2126 1293 2226 [non
1339 2115 1844 2217 imprudenter‚]
1877 2117 2244 2211 praesertim
2279 2141 2362 2183 ex
2401 2114 2690 2184 solenni-

620 2311 844 2367 CXVII.
874 2327 895 2362 1
909 2350 921 2360 .
945 2308 1140 2358 Virilem
1164 2317 1347 2371 togam.
1368 2299 1446 2350 De
1467 2315 1576 2369 quo

551 2392 733 2447 officio
750 2390 778 2442 1
794 2428 809 2453 ‚
826 2408 885 2458 9,
910 2408 960 2440 π.
982 2386 1058 2436 De
1076 2382 1214 2435 virili
1234 2396 1355 2452 toga
1379 2378 1578 2449 pariter

553 2492 615 2527 ac
634 2470 833 2541 nuptiis
851 2466 1103 2537 Apuleius
1120 2461 1277 2533 Apol.
1294 2478 1417 2531 pag.
1443 2460 1544 2521 416
1560 2494 1576 2519 ,

552 2550 814 2623 Scipionis
832 2548 1027 2599 Gent.·
1046 2544 1256 2613 Quippe
1272 2540 1344 2591 ita
1364 2538 1579 2609 placue-

554 2643 639 2685 rat
654 2668 669 2694 ,
702 2630 758 2686 in
798 2625 1104 2679 suburbana
1140 2619 1263 2673 villa
1303 2618 1480 2690 potius
1522 2626 1581 2667 ut

557 2714 1026 2783 conjungeremur,
1043 2720 1113 2755 ne
1138 2700 1278 2754 cives
1304 2696 1484 2751 denuo
1511 2693 1582 2747 ad

558 2787 825 2863 sportulas
846 2782 1223 2837 convolarent:
1248 2795 1415 2849 quum
1435 2772 1584 2826 haud

558 2867 767 2942 pridem
784 2861 1086 2917 Pudentilla
1108 2858 1176 2912 de
1198 2877 1295 2911 suo
1316 2856 1584 2929 quinqua-

558 2950 708 3023 ginta
738 2944 905 2998 millia
936 2958 1217 2995 nummum
1244 2938 1301 2990 in
1326 2935 1584 3008 populum

561 3026 898 3100 expunxisset
921 3040 986 3074 ea
1014 3020 1101 3074 die
1114 3058 1129 3084 ‚
1159 3037 1267 3091 qua
1296 3016 1588 3069 Pontianus

560 3108 725 3177 (filius
736 3100 1045 3158 Pudentillae
1060 3141 1077 3166 ‚
1096 3098 1365 3171 privignus
1378 3092 1586 3165 Apuleii

562 3190 737 3261 major
774 3186 937 3249 natu)
959 3198 1181 3233 uxorem
1212 3177 1365 3229 duxit
1380 3214 1396 3239 ,
1424 3188 1478 3227 et
1501 3173 1588 3224 hic

561 3266 816 3339 puerulus
836 3258 1201 3333 (contemptim
1243 3256 1319 3309 sic
1360 3254 1590 3325 appellat

564 3348 733 3399 fllium
752 3340 1062 3398 Pudentillae
1079 3376 1094 3402 ‚
1113 3352 1269 3390 suum
1292 3344 1468 3386 autem
1487 3332 1592 3403 pri·

564 3428 781 3498 vignum
814 3419 1109 3485 minorem)
1132 3427 1255 3487 toga
1276 3425 1357 3467 est
1384 3412 1594 3465 involu-

564 3506 854 3559 tus.·Plura
871 3502 939 3556 ad
954 3502 1013 3553 h.
1027 3501 1063 3552 1.
1075 3496 1251 3568 Scipio
1262 3491 1507 3547 Gentilis.
1521 3490 1590 3544 G.

642 3606 693 3637 2.
714 3585 851 3658 [Non
870 3576 1259 3650 imprudentem}
1282 3574 1405 3627 Haec
1426 3573 1592 3625 verba

568 3682 737 3735 quum
746 3662 896 3716 nullo
906 3660 1101 3713 idoneo
1114 3667 1331 3709 auctore
1340 3654 1393 3705 in
1410 3670 1593 3705 recen·

570 3744 729 3797 tiores
748 3740 1003 3795 editiones
1022 3737 1302 3807 adsumpta
1319 3734 1424 3787 sint
1437 3732 1599 3802 (forte

574 3840 635 3874 ex
662 3823 965 3894 conjectura
1002 3818 1223 3889 alicujus
1236 3854 1252 3878 ‚
1279 3814 1374 3885 qui
1407 3812 1596 3865 fulcire

574 3899 885 3954 sententiam
900 3939 917 3963 ,
945 3916 1041 3969 per
1072 3898 1439 3966 importunum
1463 3890 1597 3943 illud

570 3983 696 4045 jussi
704 3979 1031 4031 laborantem
1039 3974 1231 4042 ,vellet)
1242 3972 1371 4026 meri
1376 3984 1430 4023 to
1446 3970 1598 4023 uncis

576 4058 805 4113 coercita
842 4066 983 4107 sunt.
1008 4055 1165 4105 Forte
1190 4053 1348 4105 etiam
1384 4054 1602 4103 arbitror

576 4139 683 4191 huc
719 4132 1067 4207 redigendum
1099 4134 1165 4183 sit
1192 4149 1205 4183 :
1240 4132 1476 4202 [arbitror
1499 4148 1600 4182 non

1675 2293 2021 2363 imprudenter]
2035 2332 2047 2343 .
2068 2291 2173 2344 Sed
2203 2289 2294 2342 illo
2305 2295 2441 2360 jussi
2465 2291 2604 2364 quid
2625 2294 2694 2344 fa-

1673 2372 1912 2425 ciamus?
1954 2372 2196 2423 Profecto
2249 2390 2357 2422 non
2405 2374 2694 2434 cohaerent,

1673 2458 1801 2505 sient
1823 2455 2040 2503 arbitror
2061 2454 2424 2524 concedendum
2438 2454 2578 2519 jussi
2589 2475 2608 2513 ‚·
2633 2457 2696 2502 im

1675 2553 1866 2585 νον-εον.
1901 2532 2102 2602 Nempe
2137 2542 2230 2584 aut
2255 2530 2548 2602 legendnm
2584 2552 2698 2585 cum

1679 2613 1952 2669 scheffem
1966 2650 1982 2674 ,
2011 2614 2372 2662 concedendum
2397 2614 2488 2679 jus
2529 2615 2697 2663 invita·-

1681 2697 1826 2748 tionis
1837 2715 1856 2755 ;
1884 2705 1978 2745 aut
2005 2710 2068 2744 ex
2100 2690 2315 2743 Juntina
2342 2696 2698 2743 concedendum

1681 2778 1796 2843 ipsis
1821 2775 2034 2843 (nempe
2071 2774 2161 2839 qui
2193 2775 2389 2822 virilem
2422 2786 2594 2839 cogam
2631 2794 2700 2823 su-

1683 2869 1842 2913 mmaee,
1875 2864 1926 2904 et
1951 2850 2203 2921 reliquis)
2247 2853 2560 2902 invitationes
2575 2874 2593 2911 ,-
2619 2864 2699 2903 aut

1681 2928 2060 2987 inveniendum
2102 2948 2164 2982 ex
2211 2929 2430 3001 ingenio
2447 2972 2464 2995 ‚
2517 2950 2700 2983 eruen-

1683 3011 1879 3066 dumve
1896 3028 1959 3063 ex
1983 3010 2133 3062 libris
2148 3048 2164 3072 ,
2185 3008 2389 3081 aliquid
2413 3010 2622 3062 melius.
2638 3012 2698 3063 G.

1684 3090 2044 3145 ——Verissime
2065 3089 2370 3143 Schess‘erus
2383 3127 2399 3153 ‚
2421 3108 2615 3160 parum
2637 3092 2700 3142 se-

1685 3172 1758 3224 lix
1775 3169 2055 3241 ceteroqui
2077 3169 2291 3223 criticus
2306 3206 2322 3231 ,
2349 3173 2700 3221 concedendum

1681 3256 1762 3320 jus
1783 3253 2097 3302 invitationis.
2125 3252 2256 3299 Jmsi
2275 3260 2464 3301 natum
2488 3267 2552 3302 ex
2571 3269 2704 3321 repc-

1687 3331 1872 3383 titione
1905 3328 2131 3381 duarum
2168 3327 2442 3381 literarum
2477 3348 2592 3381 sese
2625 3349 2702 3381 ex-

1688 3410 2020 3483 cipientium.
2046 3406 2184 3459 Tam
2218 3406 2350 3459 uber
2384 3418 2604 3480 tamque
2624 3427 2704 3459 co-

1689 3490 1867 3563 gnitus
1893 3488 1983 3539 hic
2005 3482 2128 3539 fond
2153 3504 2391 3539 errorum
2408 3525 2424 3550 ,
2445 3499 2506 3539 ut
2531 3490 2703 3551 mirer,

1689 3570 1847 3623 aliam
1861 3567 2100 3639 Gierigio
2112 3566 2374 3619 rationem
2391 3567 2606 3638 placere
2621 3586 2706 3639 po·

1689 3651 1868 3702 tuisse.
1882 3648 2010 3701 S.—
2021 3650 2301 3699 Dianomes.
2333 3656 2580 3719 Διανομῆς
2596 3651 2706 3698 divi-

1691 3732 1839 3783 sionis
1867 3726 2212 3799 pecuniarum
2239 3727 2320 3778 vel
2347 3730 2706 3798 cujuscunque

1691 3810 1802 3870 rei,
1829 3824 1948 3878 quae
1979 3805 2049 3858 ad
2081 3809 2289 3858 ambitus
2316 3806 2519 3859 crimen
2544 3808 2704 3858 Romae

1691 3888 1933 3962 pertinet.
1955 3888 2156 3940 Docent
2172 3886 2276 3939 hoc
2291 3898 2498 3939 veteres
2513 3886 2704 3957 glossae,

1696 3969 1788 4020 ubi
1801 3968 2014 4040 διανομὴ
2028 3971 2244 4041 χρυσίου,
2259 3966 2492 4038 itemque
2504 3963 2702 4038 διανομὴ

1697 4052 1925 4122 ἀργύρου,
1943 4047 2185 4101 redditur
2201 4052 2440 4116 sportula,
2463 4066 2570 4119 qua
2591 4064 2705 4099 voce

1695 4128 1750 4179 in
1770 4127 2110 4198 responsione
2125 4127 2388 4197 Traianus
2417 4128 2588 4181 utitur
2605 4125 2704 4180 δίκ-
