2857 4690
522 340 610 413 52
788 351 794 359 '
1157 347 1231 413 C.
1281 348 1618 418 PLINII
1669 350 1863 417 LIB.
1914 348 2048 416 IX.

519 476 755 548 differ:
783 480 914 549 hoc
951 480 1231 575 perfice,
1268 481 1452 577 quod
1491 483 1723 569 nobis,
1756 484 1874 577 qui
1910 480 2190 575 legimus
2220 478 2416 567 olim,
2448 482 2655 548 abso-

435 592 440 597 ’
519 588 736 658 lutum
765 589 1052 660 videtur.
1092 590 1224 661 Sed
1245 592 1388 688 jam
1421 592 1730 663 videatur
1765 607 1835 661 et
1860 592 2025 677 tibi3
2055 590 2247 684 cujus
2268 590 2655 658 cunctatio-

519 724 674 768 nem
711 724 837 771 nec
883 725 990 769 res
1036 702 1180 795 ipsa
1220 700 1582 789 desiderat,
1616 716 1685 773 et
1738 702 2057 794 temporis
2105 700 2276 769 ratio
2327 698 2656 794 praecidit.

519 810 708 881 Vale.

589 1008 641 1061 ⁵.
669 1013 960 1061 Absolutum
981 1012 1182 1062 videtur
1191 1048 1344 1062 .....
1355 1026 1404 1063 ec
1428 1014 1534 1063 eibi.
1630 1025 1719 1063 rec.
1742 1008 2070 1064 Indicativus
2096 1010 2255 1079 louge
2276 1007 2654 1061 accommoda·

517 1087 626 1153 Qui
663 1087 914 1143 recitante
953 1100 1006 1142 te
1042 1086 1344 1143 audivimus
1383 1090 1535 1142 Anti-
1630 1090 1735 1143 tior
1744 1088 1966 1144 consilio
1983 1088 2173 1155 Plinii,
2189 1088 2481 1141 Maximum
2498 1088 2655 1140 omni

515 1167 755 1221 Plantam
766 1178 919 1221 tuum
935 1204 953 1231 ‚
971 1167 1271 1223 ahsolutum
1289 1181 1342 1222 et
1356 1169 1535 1241 perfe-
1631 1169 1836 1223 ratione
1868 1167 2201 1241 pez-pellentis
2217 1204 2236 1232 ,
2263 1180 2322 1219 ut
2350 1186 2419 1221 ne
2447 1164 2657 1219 diutius

517 1257 664 1299 ctum
703 1244 1070 1319 judicavimus.
1115 1246 1302 1319 Itaque
1335 1248 1446 1299 noli
1477 1259 1537 1300 tu
1632 1260 1910 1303 cunctetur
1928 1246 2126 1300 librum
2148 1264 2303 1299 suum
2322 1246 2577 1299 emittere.
2590 1244 2653 1298 S.

517 1324 756 1377 cunctari
767 1337 822 1391 qt
831 1324 1144 1379 calumniari
1159 1338 1413 1399 tanquam
1433 1325 1534 1379 im·
1632 1359 1704 1369 —
1716 1330 1975 1397 Temporis.
1996 1328 2299 1380 Genuinum
2314 1326 2419 1379 hoc
2442 1344 2455 1379 :
2480 1328 2657 1376 mortis

518 1404 809 1475 perfectum
847 1424 984 1476 opus
1001 1443 1017 1469 ,
1051 1402 1251 1459 diutius
1287 1422 1538 1477 premen—
1630 1406 2188 1479 aliorumaglossatore
2196 1406 2655 1477 profectum.Tem-

519 1480 648 1536 dum
671 1521 687 1547 ,
716 1501 780 1536 ac
799 1480 946 1537 domi
969 1482 1346 1538 continendum
1365 1524 1382 1551 ,
1404 1481 1535 1537 dum
1622 1490 1765 1555 poris
1782 1488 1913 1537 racio
1932 1485 2024 1538 illa
2041 1484 2158 1556 ipsa
2174 1485 2369 1536 Plantae
2388 1501 2532 1535 mors
2550 1494 2653 1535 est.

517 1562 861 1634 pei-poliatur.
884 1564 954 1616 G.
1627 1565 1716 1618 Sic
1733 1582 1867 1635 sape
1885 1583 1961 1615 res
1980 1576 2034 1617 et
2053 1579 2235 1632 tempus
2246 1564 2564 1635 junguntur.
2584 1561 2645 1615 S.

587 1672 658 1683 —-
671 1644 946 1695 Desiderat.
968 1642 1106 1695 Male
1127 1642 1338 1697 Cottius
1354 1644 1535 1694 deside—
1630 1673 1700 1683 —
1714 1646 2012 1704 Praecidm,
2030 1661 2275 1697 recusare
2288 1680 2305 1707 ,
2319 1660 2526 1713 negare.
2540 1640 2653 1691 En.

1247 1841 1705 1861 mmmm
1711 1840 2634 1864 mmmmm-&mmm

1520 2036 1641 2119 II.

521 2268 760 2339 Longas
795 2274 854 2319 et
894 2259 1126 2319 crebras
1158 2260 1428 2337 epistolas
1463 2259 1741 2337 flagitanti
1759 2302 1777 2332 ,
1812 2272 2047 2318 excusat
2082 2280 2144 2317 se
2162 2304 2179 2333 ,
2222 2262 2380 2341 quod
2410 2262 2654 2322 materia

1451 2356 1697 2416 deficiat.

853 2531 860 2536 ’
957 2565 1021 2610 c.
1076 2561 1432 2610 nmmos
1480 2559 1797 2612 sumo
1848 2541 1881 2572 '⁵
1931 2565 2090 2613 suo
2138 2568 2193 2614 s.

620 2749 852 2814 Ficts
903 2730 1234 2836 jiicunde,
1288 2738 1469 2833 quod
1517 2763 1656 2809 non
1704 2733 1919 2810 solum
1970 2741 2289 2838 plurimas
2336 2744 2652 2838 epistolas

521 2878 731 2944 mem,
747 2877 978 2923 verum
996 2852 1198 2921 etiam
1219 2849 1634 2945 longissimas
1650 2903 1669 2940 ‚
1696 2851 1954 2947 flagitas
1982 2854 2089 2923 :in
2118 2855 2362 2948 quibus
2385 2859 2655 2949 parcior

523 2965 654 3053 fui,
683 2966 928 3060 partim
966 2963 1126 3057 quia
1161 2977 1310 3031 tuas
1346 2963 1819 3056 occupationes
1852 2963 2164 3050 verebar,
2198 2965 2442 3058 partim
2491 2967 2651 3060 quia

525 3077 664 3170 ipse
687 3073 975 3144 multum
999 3071 1472 3168 distringebar,
1490 3070 1883 3167 plerumque
1897 3072 2153 3168 frigidis
2171 3076 2487 3169 negotiiS,
2501 3103 2653 3172 quae

456 3221 485 3254 2
523 3186 722 3260 simul
765 3201 832 3254 et
863 3198 1150 3254 avocant
1193 3184 1492 3253 animum
1528 3198 1597 3252 et
1623 3186 2109 3253 comminuunt.
2152 3187 2479 3253 Praeterea
2522 3212 2654 3258 nec

527 3298 806 3369 materia
841 3293 1036 3390 plura
1073 3292 1403 3364 scribendi
1432 3292 1733 3364 dabatur.
1769 3296 2005 3388 Neque
2034 3293 2212 3362 enim
2248 3292 2479 3362 eadem
2517 3321 2651 3366 no-

529 3423 666 3476 stra
716 3402 1047 3484 conditio,
1093 3427 1240 3497 quae
1292 3393 1394 3472 M.'
1430 3401 1666 3491 Tullii,
1706 3403 1793 3475 ad
1851 3403 2041 3496 cujus
2102 3402 2477 3499 exemplum
2523 3431 2649 3476 nos

529 3541 748 3587 vocas,
792 3513 898 3586 Illi
935 3513 1116 3584 enim
1169 3529 1239 3582 et
1285 3513 1811 3607 copiosissimum
1857 3511 2235 3607 ingenium,
2270 3528 2339 3582 et
2377 3515 2649 3610 ingenio

457 3710 470 3716 ·
531 3651 666 3722 qua
691 3627 972 3696 varietas
1015 3648 1272 3708 rerum,
1304 3647 1439 3717 qua
1476 3620 1903 3717 magnitude,
1928 3618 2289 3716 largissime
2332 3641 2648 3719 suppete-

465 3749 498 3804 3
533 3734 679 3808 bat!
707 3742 848 3810 Nos
866 3761 1066 3832 quarn
1087 3735 1383 3830 angustis
1405 3733 1705 3802 terminis
1731 3729 2361 3821 claudamur-‚etiam
2388 3750 2649 3805 tacente

534 3873 678 3934 me,
713 3846 1032 3942 perspicis
1059 3869 1076 3913 ι
1105 3844 1232 3913 nisi
1259 3841 1431 3915 forte
1454 3840 1764 3911 volumus
1789 3841 2209 3913 scholasticas
2237 3843 2390 3930 tibi,
2418 3860 2652 3941 atque,

604 4042 709 4097 11.*
729 4043 808 4094 De
827 4041 1007 4090 Sabino
1029 4035 1152 4090 vide
1177 4036 1314 4090 infra
1339 4055 1423 4107 ep.
1446 4038 1507 4090 18
1526 4073 1541 4100 ,
1714 4057 1736 4088 1
1749 4074 1762 4089 .
1785 4040 2141 4099 comminuere,
2160 4056 2308 4110 oque
2322 4041 2643 4110 aest-angen,

527 4121 636 4185 IV,
655 4139 739 4190 ep.
769 4135 866 4181 103
889 4129 940 4172 et
960 4117 1070 4179 VI,
1093 4134 1176 4186 ep.
1207 4117 1289 4168 18.
1317 4117 1422 4168 En.
1640 4114 1948 4171 debilitandi
1973 4117 2239 4173 notionem
2262 4116 2440 4172 habet.
