2857 4690
784 395 1304 470 PANEGYR.
1360 400 1579 469 CAP.
1627 397 1840 467 XIV.

2235 393 2364 465 261

234 521 527 592 necdum
569 522 973 615 imperator,
1014 521 1303 592 necdum
1348 521 1458 590 dei
1507 519 1684 590 filius
1727 541 1895 588 eras.
1939 519 2376 589 Germaniam
2397 511 2446 546 ‘²

232 629 507 724 quidem
548 654 759 724 quum
800 628 1107 724 plurimae
1143 646 1407 726 gentes²
1432 654 1514 700 ac
1547 653 1761 725 prope
1801 627 2068 698 infinita
2104 628 2378 696 vastitas

240 740 697 835 interjacentis
728 740 885 827 soli,
912 755 1057 810 tum
1096 743 1490 836 Pyrenaeus,
1525 739 1766 835 Alpes»,
1792 738 2234 832 immensique
2263 735 2377 806 alii

232 865 535 937 montes,
564 851 699 920 nisi
730 850 837 920 his
863 865 1376 946 comparentur,
1404 852 1724 920 muniunt
1739 849 2221 944 dirimuntque.
2251 851 2380 918 Per

230 959 365 1028 hoc
418 985 628 1030 omne
672 961 967 1054 spatium
1020 985 1229 1056 quum
1282 961 1582 1058 legiones
1633 961 1940 1048 ducerae,
1988 983 2106 1030 seu
2151 959 2378 1054 potius

230 1069 471 1164 (tanta
504 1069 822 1140 velocitas
850 1067 1063 1166 erati)
1102 1097 1407 1166 raperes,
1445 1097 1586 1142 non
1617 1068 2004 1140 vehiculum
2043 1093 2377 1164 unquam,

236 1203 379 1248 non
412 1203 665 1273 equum
694 1181 1065 1274 respexisti.
1092 1183 1291 1252 Levis
1318 1181 1468 1269 hic,
1503 1207 1642 1250 non
1677 1179 2048 1250 subsidium
2087 1179 2380 1280 itineris,

228 1287 351 1356 sed
388 1287 597 1358 decus
616 1341 637 1375 ,
675 1305 745 1358 et
780 1314 939 1359 cum
975 1292 1233 1362 caeteris
1268 1291 1800 1387 subsequebatur
1834 1316 1852 1359 ε
1891 1303 1970 1359 ut
2003 1288 2198 1384 cujus
2229 1285 2382 1357 nul-

234 1398 341 1468 lus
382 1399 507 1468 tibi
540 1425 741 1484 usuS,
774 1402 903 1472 nisi
940 1428 1153 1497 quum
1192 1402 1303 1471 die
1335 1403 1732 1472 stativorum
1771 1400 2155 1496 proximum
2190 1421 2380 1480 cam·
2461 1399 2470 1408 ’

242 1534 409 1604 pum
430 1509 819 1597 alacritate,
840 1511 1182 1599 discursu,
1210 1511 1487 1608 pulvere
1519 1511 1874 1582 attolleres.
1905 1511 2185 1580 Initium
2199 1507 2380 1578 labo·
2418 1525 2452 1582 4

242 1620 335 1688 ris
376 1619 623 1704 mirer,
644 1643 731 1689 an
762 1619 1008 1690 finem?
1030 1620 1319 1692 multum
1350 1621 1690 1717 est,quod
1715 1620 2190 1718 perseverasti3
2226 1617 2383 1713 plus
2453 1665 2458 1672 ·

236 1745 465 1800 tamen
491 1782 512 1815 ,
535 1730 715 1826 quod
745 1756 882 1799 non
908 1732 1227 1818 timuisti,
1248 1759 1335 1801 ne
1354 1757 1778 1827 perseverare
1797 1755 1936 1801 non
1953 1753 2202 1826 posses.
2237 1731 2384 1798 Nec
2419 1746 2454 1794 5
2481 1725 2490 1732 ’

234 1838 477 1908 dubito
498 1893 519 1927 ,
557 1841 723 1934 quin
759 1838 904 1929 ille,
932 1842 1051 1936 qui
1089 1856 1155 1910 te
1189 1843 1366 1911 inter
1399 1840 1512 1911 illa
1547 1841 1925 1912 Germaniae
1951 1838 2124 1928 bella
2151 1837 2238 1908 ab
2264 1839 2384 1907 Hi·

239 1951 479 2044 spania
504 1975 751 2044 usque,
778 1965 859 2019 ut
877 1950 1355 2022 validissimum
1375 1950 1791 2046 praesidium,
1819 1950 2174 2032 exciverat,
2205 1949 2386 2017 iners

242 2061 385 2155 ipse
468 2059 835 2156 alienisque
894 2062 1259 2131 virtutibus
1332 2075 1500 2130 tunc
1572 2085 1844 2157 quoque
1927 2059 2193 2129 invidus
2271 2059 2388 2127 im-

246 2185 559 2264 perator,
592 2196 801 2265 quum
845 2197 971 2266 ope
1016 2196 1247 2240 earum
1289 2171 1656 2267 indigeret,
1697 2183 1952 2240 tantam
1995 2167 2380 2238 admiratio-

242 2305 397 2349 nem
432 2281 535 2349 tui
565 2304 703 2349 non
731 2282 782 2350 si
792 2306 873 2350 ne
900 2280 1191 2376 quodam
1216 2281 1458 2351 timore
1482 2281 1900 2377 conceperit,
1929 2294 2246 2376 quantam
2276 2275 2390 2348 ille

246 2392 515 2485 genitus
548 2394 711 2459 Jove
749 2406 901 2485 post
933 2416 1137 2461 saevos
1167 2390 1427 2461 labores
1453 2392 1754 2488 duraque
1787 2393 2068 2487 imperia
2095 2390 2239 2486 regi
2262 2414 2388 2459 suo

250 2498 621 2569 indomitus
676 2525 940 2594 semper
1002 2501 1498 2597 indefessusque
1554 2502 1920 2591 referebat3
1975 2512 2188 2596 quum
2239 2498 2388 2569 aliis

244 2635 453 2707 super
482 2609 645 2679 alias
674 2611 1213 2705 expeditionibus
1240 2637 1518 2682 munere
1545 2612 1678 2683 alio
1698 2613 1940 2709 dignus
1967 2610 2385 2681 invenireris.

332 2787 385 2821 ².
428 2770 749 2819 Gemaniam
792 2772 1006 2835 quidem.
1050 2769 1271 2840 Recepi-

248 2866 368 2901 mus
390 2846 481 2899 hic
507 2865 721 2918 quoque
738 2847 1163 2903 emendationem
1186 2851 1271 2905 Cl.

248 2926 535 2981 Schwarzii
552 2926 763 2998 ingenio
780 2926 1037 2993 debitam,
1052 2942 1113 2982 ut
1124 2930 1273 2983 blan·

250 3006 521 3061 dissimam
538 3044 557 3070 ,
584 3025 749 3077 quum
770 3012 967 3076 quidem
982 3010 1057 3063 ita
1082 3009 1275 3080 corripi

252 3088 309 3141 in
328 3085 605 3141 codicibus
632 3088 865 3159 antiquis
888 3088 1055 3143 soleat
1073 3128 1089 3155 ,
1110 3102 1169 3142 ut
1196 3091 1275 3144 fa·

252 3165 355 3220 cile
376 3166 431 3218 in
454 3186 551 3233 que
574 3166 799 3221 transire
817 3169 1069 3239 potuerit.
1090 3170 1275 3239 Neque

253 3264 379 3299 vero
392 3264 503 3299 non
516 3243 713 3317 optime
724 3246 971 3299 convenit
979 3248 1132 3301 lectio
1140 3248 1279 3303 Bau·

254 3326 331 3378 nii
348 3362 365 3389 ,
390 3324 554 3378 modo
585 3344 697 3378 non
725 3338 861 3380 esset
892 3326 1075 3398 paullo
1105 3327 1275 3381 auda·

252 3404 385 3469 cim,
396 3407 693 3473 Hispaniam
708 3406 1273 3475 GermaniamqueNid.

254 3496 369 3537 not.
400 3503 557 3555 prox.
581 3484 653 3537 G.
684 3516 755 3525 —
788 3485 979 3539 Baunii
1003 3489 1273 3559 conjectu·

254 3581 369 3617 ram
414 3562 637 3617 adscivit
670 3563 959 3637 Gierigius.
984 3565 1185 3621 Veram
1223 3578 1277 3621 et

256 3642 367 3714 ipse
386 3654 519 3715 puto
536 3680 555 3707 ,
582 3642 657 3697 sic
682 3654 859 3697 tamen
882 3657 944 3698 ut
964 3645 1145 3699 malim
1174 3646 1279 3701 hoc

256 3723 541 3777 verborum
560 3722 785 3776 ordine:
818 3728 1135 3777 Gennaniam
1158 3729 1277 3778 Eis·

252 3805 577 3870 patriamque.
618 3804 675 3857 S.
720 3832 793 3843 —
839 3810 1115 3870 Pmaoeus.
1154 3804 1276 3859 Non

257 3900 393 3953 opus
420 3900 537 3937 esee
561 3892 693 3951 puto
710 3918 727 3945 ,
756 3892 815 3935 ut
838 3882 909 3935 nd
932 3884 1239 3957 Pyrennum
1260 3922 1279 3947 ,

259 3960 473 4033 Alpium
489 3959 927 4017 Tridentinarum
940 3975 1168 4035 partem,
1180 3968 1277 4015 den

264 4046 490 4101 aner,
512 4040 887 4111 confugiamus
908 4060 923 4096 ε
944 4062 1105 4115 quem
1126 4056 1277 4097 cete·

260 4120 449 4189 roquin
478 4138 543 4171 ex
564 4118 825 4173 Guntheri
851 4122 1029 4193 Ligur.
1063 4124 1147 4185 11,
1176 4126 1276 4192 69,

258 4198 801 4252 adstruitArntzenius
815 4218 827 4252 :
859 4204 955 4255 «Ut
968 4204 1275 4275 Pyrenaeum

259 4298 383 4333 vero
400 4278 469 4332 sit
492 4276 711 4331 nomine
738 4290 903 4333 totum
926 4320 941 4345 ,
978 4284 1136 4336 totius
1162 4301 1277 4351 par-

1369 2780 1448 2823 te·
1487 2770 1596 2824 sint
1619 2770 1932 2842 Apenninus
1977 2780 2032 2823 et
2053 2768 2234 2840 Alpes.
2255 2792 2279 2814 ι
2307 2767 2394 2819 Ab

1368 2850 1622 2921 Hispania
1655 2860 1902 2903 vocatum
1933 2846 2006 2901 ad
2033 2847 2146 2901 hoe
2167 2848 2390 2901 Germa-

1366 2928 1470 2981 niae
1503 2928 1642 2981 bella
1675 2946 1790 2981 ene
1817 2928 2112 3001 Traianum
2133 2950 2154 2991 ς
2183 2944 2214 2978 e
2243 2928 2294 2994 S.
2323 2926 2390 2990 5,

1370 3008 1722 3063 clarissimum
1749 3017 1846 3059 est.
1869 3006 1941 3058 G.

1444 3088 1497 3141 3.
1535 3091 1649 3137 Non
1681 3088 1976 3137 cubiculum.
2013 3081 2324 3155 xiphilinus
2357 3100 2392 3135 e

1370 3166 1638 3230 Dione,L.
1654 3164 1912 3227 LXVIII,
1929 3182 1986 3234 p.
2007 3166 2134 3235 781,
2156 3162 2233 3214 D:
2259 3153 2390 3218 Εὸἄ·

1372 3244 1502 3309 διζιν
1550 3246 1630 3302 ἀεὶ
1658 3244 1792 3318 μανὰ
1828 3247 2014 3307 παντὸς
2053 3249 2140 3297 τοῦ
2173 3249 2388 3313 στρατοῦ

1372 3329 1498 3397 πεζῇ
1511 3360 1528 3389 ‚
1549 3324 1804 3399 διακόσιαι
1828 3345 1887 3378 τι
1909 3325 2084 3384 αὐτοὺς
2108 3318 2200 3375 διὰ
2216 3327 2388 3375 πᾶσαν

1371 3408 1462 3461 τὴν
1478 3409 1678 3479 πορείαν
1700 3445 1714 3459 .
1737 3446 1752 3459 .
1773 3444 1788 3459 .
1805 3406 1920 3466 τούς
1939 3424 1996 3456 τι
2017 3404 2276 3473 ποταμοὺς
2298 3440 2312 3453 .
2332 3442 2347 3455 .
2371 3434 2388 3450 .

1373 3490 1502 3557 πεζῇ
1525 3482 1764 3541 ‹tueam-
1787 3485 1858 3538 G.

1445 3567 1496 3618 5.
1523 3568 1616 3617 1110
1635 3565 1830 3632 genitus
1855 3566 1988 3613 Jove.
2019 3558 2098 3611 De
2125 3558 2355 3611 Hercule
2372 3596 2394 3622 ,

1372 3656 1427 3696 et
1443 3641 1716 3716 imperatis
1733 3640 1814 3693 illi
1832 3640 1904 3692 ab
1924 3638 2222 3711 Eurystheo
2240 3637 2392 3691 laho-

1370 3722 1519 3777 ribus
1537 3761 1554 3788 ,
1587 3738 1884 3775 sermonem
1919 3736 2034 3771 esse
2051 3754 2069 3782 ‚
2097 3718 2188 3771 vix
2211 3715 2393 3771 admo-

1374 3800 1583 3856 nendus
1600 3799 1700 3853 erit
1715 3798 2018 3870 quisquam.
2037 3797 2108 3849 G.
2128 3826 2200 3837 --
2215 3802 2394 3847 Mune·

1375 3902 1430 3933 re
1455 3884 1584 3933 alio.
1606 3877 1736 3931 Vid.
1765 3878 1813 3931 J.
1835 3880 1901 3930 A.
1929 3876 2202 3931 Emestius
2227 3874 2298 3929 ad
2328 3876 2386 3929 h.

1372 3962 1413 4015 l.
1443 3960 1748 4014 praeferrem
1779 3976 1794 4011 ε
1833 3984 1860 4004 ιι
1879 3958 2060 4023 Quum
2091 3956 2208 4010 aliis
2232 3974 2390 4026 super

1374 4042 1506 4096 alias
1545 4037 1962 4111 expeditionibus
1977 4074 1994 4101 ‚
2029 4054 2250 4091 munere
2283 4034 2392 4087 alio

1376 4133 1536 4193 atque
1561 4120 1667 4173 alio
1702 4117 1894 4189 dignus
1919 4115 2249 4171 invenireris.
2271 4138 2294 4159 ο
2329 4112 2388 4165 S.

1376 4232 1446 4241 ——
1487 4206 1690 4253 Munere
1731 4202 1836 4250 alio
1879 4202 2054 4266 dignus
2095 4196 2384 4245 moenirm's.

1372 4280 1700 4335 Schwmius
1728 4300 1758 4333 e
1783 4280 1930 4333 libris
1953 4274 2188 4349 reposuit
2219 4274 2390 4323 imore
