2857 4690
522 373 615 446 26
1060 377 1137 444 C.
1186 377 1534 447 PLINII
1583 379 1776 446 LIB.
1829 379 2050 447 VIII.

520 496 841 566 medearis
874 498 1149 570 scientia
1182 512 1334 587 tua,
1368 500 1478 568 cui
1513 523 1774 594 semper
1809 499 1936 570 suit
1967 524 2171 586 curoe,
2205 504 2300 572 sie
2325 504 2484 598 jura
2523 530 2662 599 pu-

518 606 725 694 bliea,
778 622 857 677 ut
895 609 1189 702 privata3
1228 611 1323 680 sic
1360 611 1677 704 antiqua,
1715 625 1794 680 ut
1831 613 2163 698 recentia3
2199 613 2296 682 sic
2337 638 2532 696 rara,
2569 631 2658 684 ut

418 745 475 780 ιι
516 718 809 806 assidua,
854 732 1157 790 tractare.
1194 725 1417 814 Atque
1459 744 1586 816 ego
1619 719 1912 790 arbitror
1947 720 2078 792 illis
2111 724 2314 792 etiam
2333 775 2354 810 ‚
2395 724 2660 819 quibus

512 827 957 922 plurimarum
1000 855 1225 900 rerum
1274 831 1552 928 agitatio
1603 830 1915 928 stequens
1955 831 2124 902 nihil
2159 858 2298 904 esse
2335 835 2656 928 ignotum

512 939 897 1032 patiebatur
916 993 936 1026 ,
970 963 1180 1034 genus
1226 942 1644 1034 quaestionis,
1671 941 1858 1036 quod,
1879 941 2088 1012 affero
2113 943 2200 1013 ad
2228 957 2326 1028 te,
2355 960 2473 1014 aut
2501 969 2654 1014 non

513 1050 673 1118 satis
708 1051 943 1120 tritum
962 1103 983 1137 ,
1010 1064 1127 1120 aut
1144 1052 1345 1121 etiam
1364 1053 1784 1146 inexpertum
1803 1053 2024 1124 fuisse.
2044 1057 2191 1124 Hoc
2207 1067 2278 1136 et
2293 1078 2420 1149 ego
2435 1079 2648 1124 exeu-

511 1159 751 1245 satior,
790 1161 846 1230 si
890 1159 1061 1232 forte
1098 1186 1245 1230 sum
1282 1161 1542 1257 lapsuS,
1579 1177 1648 1232 et
1681 1178 1760 1232 tu
1799 1162 2066 1258 dignior
2101 1162 2325 1254 laude,
2361 1166 2418 1234 si
2451 1182 2652 1260 potes

412 1291 475 1326 1²
512 1269 583 1339 id
616 1295 885 1366 quoque
918 1271 1159 1345 docere
1176 1324 1196 1359 ,
1229 1272 1410 1367 quod
1442 1275 1510 1340 in
1539 1272 1826 1344 obscuro
1857 1287 1990 1360 est,
2015 1297 2102 1342 an
2131 1274 2460 1344 didiceris.
2501 1279 2646 1345 Re-

510 1379 851 1452 ferebatur
881 1381 965 1452 de
992 1381 1247 1452 libertis
1269 1382 1530 1453 Afranii
1554 1381 1791 1454 Dextri
1814 1382 2174 1469 consuliS,
2160 1400 2490 1454 incertum
2519 1411 2650 1456 sua

511 1515 599 1578 an
617 1515 889 1562 suorum
908 1517 1146 1579 manu,
1160 1492 1405 1564 scelere
1433 1517 1520 1562 an
1546 1493 1900 1587 obsequie,
1919 1496 2270 1589 perempti.
2289 1497 2427 1564 Hos
2445 1493 2652 1582 aliuS,

510 1600 764 1696 (Quis-P
798 1605 976 1697 Eg03
1010 1603 1125 1672 sed
1164 1603 1336 1673 nihil
1374 1602 1604 1698 refert)
1638 1615 1806 1698 post
1845 1606 2278 1698 quaestionem
2313 1605 2652 1701 supplicio

510 1710 919 1800 liberandoS,
960 1712 1187 1782 alius
1171 1739 1241 1782 m
1282 1712 1566 1785 insulam
1595 1711 2022 1808 relegandoS‚
2057 1713 2226 1784 alius
2257 1731 2475 1785 morte
2507 1739 2651 1810 pu·-

510 1821 791 1892 niendos
828 1822 1303 1892 arbitrabatur.
1346 1823 1657 1911 Quarum
1697 1825 2176 1892 sententiarum
2215 1837 2400 1894 tanta
2433 1823 2653 1894 diver-

410 1945 472 1998 13
512 1933 671 2004 sitas
704 1950 879 2019 erat,
918 1949 995 2004 ut
1028 1959 1163 2002 non
1203 1949 1478 2028 possent
1512 1958 1684 2016 esse,
1726 1934 1856 2002 nisi
1891 1932 2185 2029 singulae.
2232 1933 2420 2022 Quid
2459 1937 2650 2004 enim

509 2069 864 2114 commune
888 2045 1089 2114 habet
1105 2095 1124 2128 ‚
1152 2043 1458 2114 occidere
1483 2059 1554 2112 et
1577 2043 1916 2138 relegare?
1934 2045 2086 2116 Non
2107 2041 2380 2114 hercule
2395 2047 2650 2141 magiS,

462 2181 472 2194 ’
508 2179 711 2249 quam
746 2154 1043 2250 relegare
1070 2170 1138 2224 et
1164 2152 1542 2226 absolvere:
1583 2177 1966 2248 quanquam
1995 2155 2276 2248 propior
2295 2153 2650 2250 aliquanto
2684 2239 2697 2247 ,

451 2302 457 2308 ,
506 2279 605 2336 est
644 2267 987 2336 sententiae
1022 2263 1410 2360 relegantis,
1446 2289 1595 2361 quae
1631 2263 2024 2353 absolverit,
2059 2287 2262 2361 quam
2287 2289 2436 2360 quae
2461 2268 2650 2336 oeci-

507 2376 713 2462 derit3
746 2388 1031 2470 utraque
1066 2377 1247 2447 enim
1287 2400 1370 2445 ex
1410 2375 1542 2446 illis
1577 2377 1784 2447 vitam
1811 2357 2159 2473 relinquit,
2191 2377 2334 2447 haee
2367 2378 2645 2448 adimit:

512 2509 722 2579 quum
753 2486 1022 2555 interim
1057 2494 1128 2555 et
1160 2487 1278 2580 qui
1304 2500 1524 2557 morte
1548 2487 1956 2583 puniebant,
1985 2502 2056 2557 et
2075 2489 2192 2582 qui
2217 2487 2646 2584 relegabant,

508 2618 645 2663 una
668 2595 985 2665 sedebant
1000 2648 1019 2683 ,
1048 2610 1117 2665 et
1138 2598 1544 2691 temporaria
1565 2596 1992 2669 simulatione
2009 2598 2380 2669 concordiae
2400 2599 2649 2668 discor·

408 2724 473 2783 14
506 2705 683 2775 diam
716 2705 1134 2776 differebant.
1164 2710 1314 2802 Ego
1335 2707 1791 2801 postulabam,
1813 2722 1890 2776 ut
1906 2707 2122 2778 tribus
2137 2709 2478 2778 sententiis
2491 2734 2649 2778 eon-

506 2831 711 2887 staret
746 2840 903 2887 suus
930 2842 1285 2905 numeruS,
1314 2843 1438 2887 nec
1471 2844 1539 2887 se
1570 2817 1883 2888 brevibus
1916 2818 2202 2888 induciis
2231 2818 2378 2888 duae
2399 2818 2646 2915 junge-

581 3062 665 3097 11.
694 3050 777 3095 An
804 3047 1049 3097 didiceris.
1078 3044 1192 3097 Hoc
1212 3056 1321 3108 est,
1347 3064 1413 3097 an
1437 3044 1518 3097 in·

508 3122 694 3177 ciderit
728 3136 820 3177 tua
856 3134 1007 3177 aetate
1040 3124 1157 3177 talis
1190 3124 1387 3196 species
1406 3162 1423 3189 ,
1463 3134 1521 3175 ut

508 3202 743 3259 discendi
771 3204 872 3256 sub
904 3204 1147 3275 exemplo
1182 3203 1341 3258 fuerit
1366 3220 1520 3255 occa·

508 3284 604 3337 sio,
628 3283 699 3337 G.
726 3314 796 3325 —
830 3282 1033 3355 Nempe
1068 3286 1251 3335 discere
1280 3298 1520 3335 caussam

506 3364 719 3436 proprie
742 3363 935 3417 dicitur
958 3376 1217 3435 patronus
1242 3380 1275 3415 a
1300 3361 1522 3424 cliente,

509 3445 603 3515 qui
634 3463 751 3497 eam
786 3448 962 3496 docere
984 3460 1133 3515 atque
1156 3440 1369 3515 proprie
1392 3439 1522 3493 diei

507 3534 614 3577 tur.
646 3524 711 3576 E.
746 3524 975 3579 -Vera
1008 3524 1154 3587 hoee,
1190 3521 1285 3575 sed
1324 3521 1393 3573 ab
1420 3520 1522 3573 hoe

508 3604 628 3657 loco
664 3603 869 3668 aliena,
906 3622 1065 3677 quem
1090 3603 1359 3656 Gesnerus
1386 3600 1522 3653 bene

506 3684 897 3754 interpretatur.
918 3685 973 3738 S.

586 3780 668 3815 η.
692 3765 896 3831 Afranii
914 3765 1092 3813 Dexm'
1113 3764 1220 3813 Cos.
1254 3760 1321 3813 In
1348 3758 1522 3811 Alme·

508 3841 832 3897 loveenianis
868 3841 1014 3896 fastis
1040 3840 1267 3894 refertur
1294 3838 1363 3893 ad
1394 3856 1520 3892 ann.

510 3924 647 3975 Urb.
673 3924 807 3975 Con.
830 3922 956 3984 850,
983 3932 1103 3992 post
1128 3920 1193 3973 C.
1226 3921 1294 3974 N.
1324 3919 1425 3988 98,
1459 3936 1523 3969 ex

510 4002 636 4054 Kal.
668 4000 859 4054 Octob.
898 4000 975 4051 De
1005 3998 1225 4053 historia
1258 4017 1367 4052 non
1392 4008 1524 4068 puto

512 4079 725 4135 aliunde
750 4091 1011 4133 constare.
1032 4078 1103 4130 G.

584 4192 649 4201 -·
666 4166 766 4212 Hos
790 4162 914 4211 alius
940 4162 1121 4229 (Quis.'
1142 4162 1319 4227 13305).
1354 4158 1527 4210 Primo

1601 3042 1922 3114 ,simpliciter
1957 3062 2175 3097 narrare
2191 3045 2388 3116 'incipit
2415 3046 2644 3118 alicujus

1615 3124 1930 3177 sententiam
1951 3142 1966 3176 :
1993 3124 2188 3177 deinde
2207 3124 2358 3197 fingit
2371 3166 2389 3191 ‚
2409 3128 2644 3179 amicum

1616 3204 1940 3274 interrogare
1953 3242 1969 3268 ‚
1987 3208 2106 3271 Quis
2119 3218 2198 3257 est
2213 3205 2304 3257 ille
2319 3206 2454 3258 alius
2467 3204 2490 3256 i·
2501 3206 2644 3261 Huic

1617 3295 1820 3354 poterat
1838 3283 2160 3355 respondere
2187 3290 2296 3353 Ego
2313 3306 2332 3337 .·
2351 3284 2606 3338 nitnirum
2623 3326 2641 3348 ,

1617 3380 1674 3416 ne
1689 3363 1850 3417 finisse
1865 3364 2036 3435 ipsum
2053 3365 2108 3416 in
2121 3363 2226 3417 bae
2243 3365 2518 3418 sententia.
2533 3366 2642 3419 Sed

1615 3442 1836 3495 sustinet
1861 3462 1918 3497 se
1932 3480 1950 3507 ,
1971 3461 2140 3515 quum
2169 3444 2304 3497 nihil
2327 3443 2398 3497 ad
2415 3462 2529 3497 rem
2557 3446 2640 3499 fu-

1617 3522 1742 3575 eiat.
1767 3523 1848 3575 Ex
1866 3522 1950 3575 his
1963 3560 1980 3587 ,
2005 3540 2124 3595 qua
2139 3535 2459 3596 sequuntur,
2477 3542 2642 3596 appa-

1618 3613 1727 3665 ret,
1764 3602 1984 3655 omnino
2017 3602 2246 3657 Plinium
2287 3604 2344 3657 in
2383 3621 2446 3655 ea
2477 3604 2641 3657 fuisse

1617 3682 1876 3736 sententia
1892 3720 1909 3746 ‚
1931 3700 2108 3736 set-vos
2129 3702 2244 3737 esse
2261 3682 2635 3737 absolvendos.

1617 3762 1688 3814 G.
1711 3792 1782 3803 —-
1813 3761 1878 3815 Id
1907 3766 2021 3836 jam
2051 3780 2198 3817 nunc
2233 3774 2488 3835 apparet,
2527 3782 2640 3817 non

1619 3838 1834 3893 demum
1865 3862 1930 3895 ex
1956 3843 2308 3915 sequentibus.
2335 3844 2390 3897 S.

1695 3920 1779 3973 13.
1806 3926 2092 3975 Absolven‘e.
2107 3960 2120 3975 .
2133 3960 2146 3973 .
2161 3962 2177 3975 .
2193 3924 2444 3975 occiderit.
2465 3924 2638 3975 Immo

1621 4003 1840 4053 absolvit.
1855 4040 1868 4051 .
1885 4040 1900 4054 .
1913 4040 1925 4053 .
1959 4005 2144 4055 occidit
2165 4024 2184 4053 .·
2219 4002 2398 4073 sieque
2425 4002 2638 4055 Coi-tius

1623 4096 1746 4131 cum
1779 4080 2024 4153 Gierigio.
2053 4083 2109 4137 S.
2145 4112 2216 4121 -
2249 4088 2360 4132 Una
2387 4084 2634 4134 sedebant.

1623 4159 1822 4231 Nempe
1848 4160 1904 4211 in
1921 4160 2024 4215 hoc
2048 4160 2430 4215 conveniebant
2447 4198 2464 4226 ‚
2491 4160 2635 4235 quod
