2857 4690
405 373 448 442 8
974 370 1051 437 C.
1105 369 1448 438 PLINII
1491 371 1681 438 LIB.
1729 371 1952 439 VIII.

337 531 365 564 η
402 495 529 564 bus
558 505 885 586 sumptas,
920 491 1187 586 collegit
1219 508 1284 560 et
1322 489 1610 562 miscuit!
1641 493 1857 562 Habet
1883 493 2150 588 quidem
2179 496 2543 566 Macrinus

403 604 653 701 grande
682 602 1026 689 solatium,
1056 603 1238 698 quod
1266 619 1528 672 tantum
1562 604 1812 672 bonum
1845 619 1981 672 tam
1999 603 2115 672 diu
2135 605 2383 675 tenuit:
2409 607 2544 675 sed

401 717 534 786 hoc
558 716 769 811 magis
796 715 1261 798 exacerbatur,
1292 713 1474 808 quod
1501 713 1760 783 amisit:
1792 739 1950 783 nam
1973 713 2272 784 fruendis
2295 713 2542 810 volup-

335 827 368 881 3
404 827 651 896 tatibus
680 828 916 894 crescit
938 825 1210 895 carendi
1246 824 1460 893 dolor.
1503 827 1641 893 Ero
1677 848 1838 920 ergo
1867 849 2219 920 suspensus
2247 849 2370 920 pro
2404 826 2539 894 ho-

402 938 582 1006 mine
620 936 1050 1022 amicissimo,
1088 936 1247 1004 dum
1284 935 1634 1005 admittere
1665 950 2126 1020 avocamenta,
2159 951 2226 1004 et
2261 938 2540 1006 cicatri-

402 1071 545 1117 cem
584 1048 723 1141 pati
760 1047 1001 1140 possit3
1058 1070 1259 1141 quam
1308 1045 1475 1115 nihil
1516 1071 1702 1141 aeque
1736 1071 1815 1115 ac
1853 1045 2208 1115 necessitas
2245 1047 2422 1140 ipsa,
2456 1060 2538 1113 et

404 1157 543 1226 dies
582 1155 808 1251 longa,
848 1171 916 1225 et
951 1158 1217 1225 satietas
1252 1155 1499 1227 doloris
1537 1157 1811 1227 inducit.
1855 1155 2040 1226 Vale.

474 1358 526 1411 3.
544 1361 646 1408 Ero
666 1375 779 1424 ergo
793 1373 1059 1423 suspensus.
1081 1355 1196 1408 Hoc
1210 1367 1289 1410 est
1302 1394 1317 1420 ,
1341 1357 1417 1409 in-
1512 1355 1695 1410 dolore
1731 1367 1977 1411 avocant.
2003 1355 2110 1407 En.
2142 1381 2213 1398 -a-
2244 1358 2538 1408 Cicatricem

402 1437 609 1508 quietus
628 1477 644 1502 ,
686 1436 917 1488 solicitus
937 1475 951 1500 ,
994 1446 1051 1486 ut
1089 1454 1205 1506 quae
1252 1455 1281 1488 a
1325 1435 1417 1488 filo
1503 1441 1633 1504 pati.
1656 1434 1816 1502 Quod
1839 1455 1946 1488 non
1975 1448 2196 1508 possunt
2214 1473 2231 1498 ,
2258 1436 2350 1506 qui
2373 1435 2536 1487 refri-

402 1533 655 1588 suspensa
675 1556 691 1580 ,
713 1514 795 1568 vel
820 1533 928 1567 non
950 1525 1059 1568 tota
1086 1516 1201 1568 basi
1218 1517 1417 1568 incnm·
1512 1529 1638 1570 cant
1657 1515 1878 1570 subinde
1897 1516 2120 1568 vulnera
2139 1533 2234 1568 sua
2249 1555 2264 1580 ,
2287 1527 2336 1565 et
2356 1532 2542 1566 recor-

400 1595 578 1647 bentia
604 1595 759 1648 facile
781 1607 1083 1649 moventur.
1111 1595 1179 1647 G.
1201 1626 1269 1638 -·-
1290 1601 1417 1648 Avo·
1513 1596 1724 1650 datione
1730 1597 1970 1668 jactura,
1987 1613 2149 1667 quam
2164 1595 2422 1658 fecerunt,
2436 1593 2543 1646 do-

402 1689 654 1735 cumenta,
697 1674 880 1728 solatia
898 1713 915 1740 ,
960 1694 1078 1748 quae
1116 1687 1346 1728 mentem
1384 1693 1415 1728 a
1512 1676 1682 1729 lor-em
1695 1688 1953 1730 renovant
1966 1688 2122 1748 atque
2136 1673 2536 1728 instaurant.G.

402 1875 2519 1898 mmmmmmmmmmmm

1395 2063 1555 2150 VI.

535 2297 941 2357 Adulatorium
965 2296 1525 2355 senatusconsultum
1553 2295 1626 2352 de
1652 2295 1912 2355 Pallante
1937 2295 2150 2355 liberto
2177 2293 2404 2357 Claudii
2477 2362 2484 2369 ,

536 2389 543 2395 ’
1044 2393 1379 2473 perstringit
1404 2392 1890 2472 indignabundus.

840 2598 900 2645 c.
953 2588 1305 2645 PLlNIU's
1356 2597 1776 2645 MONTANO
1829 2598 1988 2645 suo
2039 2600 2094 2645 s·

506 2779 1032 2847 Coenovlssn
1067 2778 1209 2869 jam
1234 2800 1317 2845 ex
1332 2772 1614 2869 epistola
1633 2800 1784 2844 mea
1802 2776 2034 2864 debes,
2053 2775 2403 2846 adnotasse
2427 2800 2541 2847 me

408 2910 625 2979 nuper
659 2886 1145 2955 monimentum
1178 2886 1502 2955 Pallantis
1539 2886 1663 2954 sub
1696 2886 1823 2954 hac
1851 2887 2282 2981 inscriptione
2319 2912 2334 2955 ε
2367 2911 2540 2967 nvn:

407 3022 750 3087 SENATVS,
798 3020 886 3067 013
932 3020 1155 3067 mmm
1196 3018 1693 3079 mETA‘rtMQvn
1735 3020 1922 3067 ERGA
1964 3020 2372 3083 PATRONOS,
2408 3021 2536 3068 on-

408 3132 757 3179 ΝΔΜΕΝΤΑ
819 3130 1185 3177 ΡιιΕΤοιιιΑ
1238 3130 1582 3177 οΕοιιΕνιΤ
1631 3131 1717 3177 ET
1741 3130 2194 3185 ssernTIvm
2251 3132 2543 3178 cunnus

346 3254 372 3287 2
410 3240 912 3300 anovmnm,
942 3239 1143 3285 cvws
1175 3240 1460 3286 nouom}
1493 3236 1892 3287 comnmvs
1912 3240 2094 3287 ers.
2116 3220 2353 3286 Postea
2371 3218 2539 3288 mihi

408 3327 627 3396 visum
662 3340 761 3396 est
788 3325 1079 3421 pretium
1116 3350 1326 3409 curae,
1363 3326 1584 3420 ipsum
1620 3328 1745 3397 SC.
1783 3351 2098 3419 quaerere.
2130 3328 2368 3397 Inveni
2400 3344 2540 3399 tam

409 3437 754 3531 copiosum
796 3453 864 3506 et
899 3436 1215 3520 effusum,
1258 3451 1334 3505 ut
1374 3436 1486 3505 ille
1527 3436 2034 3532 superbissimus
2073 3438 2347 3527 tituluS,
2387 3466 2540 3508 mo-

410 3548 599 3617 dicus
639 3563 840 3642 atque
875 3548 1077 3617 etiam
1112 3546 1433 3616 demissus
1469 3548 1825 3618 videretur.
1865 3548 2238 3619 Conferant
2265 3575 2368 3639 se,
2402 3576 2542 3619 non

480 3750 579 3803 VI.
606 3768 654 3803 1.
684 3754 766 3800 Ex
784 3751 991 3817 ept'stola
1007 3770 1136 3817 mea.
1158 3748 1427 3823 Superiori
1592 3777 1664 3794 --
1680 3742 1946 3818 Confirmet
1959 3770 2026 3803 se.
2041 3750 2295 3804 Cortiana
2311 3791 2328 3815 ,
2355 3749 2445 3803 sed
2465 3752 2545 3803 in-

407 3830 543 3886 libro
562 3828 765 3880 XXIX.
796 3828 865 3880 G.
1522 3830 1628 3882 vito
1648 3829 1828 3881 Cottio
1851 3832 2155 3899 :Gotfitrane
2170 3850 2222 3881 se
2235 3868 2252 3891 ,
2285 3834 2542 3881 misceant-

484 3930 535 3961 2.
576 3912 793 3960 Pretium
824 3926 971 3959 ουν-ω.
1002 3908 1089 3961 Al.
1122 3928 1282 3979 opem
1307 3928 1426 3977 pre-
1523 3928 1641 3976 que,
1673 3908 1819 3981 quod
1841 3909 2038 3961 nollem
2065 3928 2098 3961 a
2124 3908 2358 3979 Gierigio
2386 3924 2540 3960 revo-

410 3992 532 4040 tium
546 4026 563 4052 ,
582 4006 700 4059 quae
718 3986 945 4043 solennis
964 3987 1159 4041 locutio
1177 4030 1191 4055 ‚
1214 4000 1427 4042 nostroe-
1522 4000 1720 4041 catum.
1765 3988 2055 4060 Adscripsit
2089 3988 2252 4041 verbo
2286 3989 2544 4055 consume

410 4086 545 4139 que,
586 4070 727 4132 ἅπαξ
756 4069 834 4121 illi
854 4104 872 4132 ,
910 4069 1122 4141 opinor,
1156 4074 1419 4142 λεγομένῃ,
1521 4066 1802 4138 glossator,
1831 4069 1926 4140 'qui
1963 4086 2072 4119 non
2107 4065 2386 4136 cogitaret,
2423 4084 2542 4118 con-

406 4146 753 4220 proeferenda.
786 4148 841 4201 S.
1244 4202 1251 4210 ,
1508 4149 1650 4217 firm
1667 4147 1755 4201 hic
1781 4164 1893 4204 esse
1913 4163 2222 4219 comparare
2234 4185 2252 4214 ,
2275 4164 2386 4201 non
2402 4184 2420 4211 ‚
2447 4146 2541 4201 ad·
