2857 4690
212 389 749 412 mm
754 391 2402 417 mmmmmmmmmmmm

480 702 660 825 C.
761 703 1335 826 PLINII
1424 701 2171 827 CAECILII

1067 987 1628 1070 SECUNDI

264 1199 2438 1489 EPISTOLARUM

787 1590 1190 1677 LIBER
1258 1574 1937 1682 OCTAVUSJ‘

1297 2089 1366 2174 I.

218 2348 311 2405 Ex
342 2340 605 2403 itineris
638 2352 787 2399 aestu
816 2335 1090 2399 lectorem
1128 2358 1297 2397 suum
1327 2337 1672 2417 Encolpium
1710 2339 1772 2397 in
1801 2337 2072 2399 morbum
2103 2340 2400 2417 incidisse,

1052 2436 1293 2494 sollicite
1325 2436 1623 2513 significat.

1635 2621 1702 2653 u·

682 2647 741 2694 C.
791 2644 1143 2693 PLINIUS
1194 2646 1591 2692 SEPTICIO
1751 2647 1908 2695 SUO
1959 2650 2016 2694 S.

224 2783 465 2899 Irim
501 2818 871 2890 commode
907 2814 1225 2911 explicui,
1274 2831 1549 2910 excepto
1585 2817 1768 2911 quod
1806 2818 2080 2913 quidam
2116 2844 2197 2889 ex
2235 2823 2398 2891 meis

225 2934 614 3002 adversam
674 2928 1119 2999 valetudinem
1172 2926 1691 2997 fervescentibus
1739 2930 2005 2999 aestibus
2041 2946 2395 3002 contraxe-

222 3058 415 3111 runt.
454 3037 843 3132 Encolpius
874 3036 1143 3131 quidem
1180 3036 1421 3125 lector,
1457 3036 1565 3106 ille
1595 3040 1762 3108 seria
1795 3056 2048 3121 nostra,
2092 3041 2202 3111 ille
2227 3043 2394 3113 deli·
2435 3068 2464 3099 ²

224 3156 385 3239 ciae,
462 3148 888 3242 exasperatis
955 3147 1258 3218 faucibus
1322 3145 1634 3243 pulvere,
1693 3150 2085 3243 sanguinem
2143 3153 2390 3245 rejecit.

294 3358 323 3385 ²*
342 3356 523 3408 Hunc
555 3350 757 3402 librum
781 3368 891 3401 non
910 3348 1108 3401 habeut
1134 3348 1279 3403 MSS.
1453 3370 1504 3402 3.
1535 3354 1869 3419 Encolpius...
1888 3356 2092 3404 ..lectot-
2117 3350 2272 3405 Forte
2290 3350 2396 3404 hoc

226 3436 403 3487 Μαι.
428 3434 612 3485 Voss.
650 3428 871 3481 Helmst.
906 3430 1066 3480 Arnz.
1102 3428 1276 3481 Oxou.
1377 3429 1551 3499 ipsum
1563 3448 1754 3483 nomen
1771 3431 1838 3483 ab
1851 3430 1984 3482 hero
1997 3430 2224 3501 accepit,
2245 3432 2394 3503 cujus

226 3515 432 3568 Parias.
482 3509 592 3583 qni
628 3528 813 3561 omnes
854 3507 1109 3579 superiori
1150 3506 1281 3560 libro
1378 3512 1427 3563 lv
1449 3512 1654 3582 κολπῳ·
1635 3530 1684 3561 m
1703 3513 1812 3561 sinu
1829 3520 1998 3572 esset,
2023 3509 2112 3579 qui
2133 3528 2240 3563 nou
2261 3516 2393 3563 seria

224 3612 443 3648 nonum
476 3588 811 3661 subjiciunt,
840 3606 1068 3661 cumque
1094 3605 1159 3638 eo
1187 3606 1279 3639 vo-
1374 3586 1536 3639 modo
1552 3586 1754 3651 domini
1775 3598 1942 3653 esset,
1971 3586 2062 3641 sed
2088 3590 2247 3643 etiam
2269 3594 2392 3642 deli·

222 3672 429 3727 lumini
440 3670 621 3724 finem
630 3666 1115 3741 imponunt.Abfuit
1124 3667 1280 3718 etiam
1375 3672 1481 3719 cioe.
1496 3666 1564 3721 G.
1585 3667 1710 3719 vid.
1735 3684 1852 3738 quae
1877 3664 1946 3719 ad
1965 3667 2132 3738 Epist.
2157 3668 2214 3734 1,
2239 3689 2300 3733 3,
2326 3690 2390 3735 3,

226 3744 1128 3807 ειΝοιιιῑεΙῑετίΟοάἀ.ΕΟοι·ῐίεωίε
1142 3764 1279 3799 unus
1371 3756 1550 3799 notata
1589 3758 1732 3801 sunt.
1761 3745 2022 3799 Ceterum
2058 3746 2162 3800 hoc
2196 3766 2390 3801 nomen

224 3830 439 3885 Medic.
460 3826 865 3883 habet.Habuit
890 3838 942 3878 et
961 3822 1083 3877 Aldi
1102 3824 1279 3878 Codex
1372 3842 1484 3877 non
1523 3842 1700 3878 rarum
1745 3826 1904 3879 fuisse
1941 3824 2024 3879 vel
2066 3826 2391 3897 incognitum

230 3908 655 3983 antiquissimus
670 3901 993 3969 ,cuiMedic.
1016 3905 1071 3955 in
1094 3904 1275 3975 pleris—
1372 3905 1660 3966 veteribus,
1680 3904 1986 3976 Wagnerus
2011 3907 2066 3958 in
2088 3906 2294 3961 dissert.
2321 3907 2389 3959 ad

230 4008 339 4059 que
366 3986 691 4042 assentitur.
722 3984 825 4035 En.
1374 3984 1510 4035 Plin.
1535 3984 1700 4055 Epist.
1719 3984 1772 4047 1,
1803 4005 1830 4037 3
1847 4023 1862 4047 ,
1893 3986 2094 4056 ncripta
2117 4004 2181 4038 ex
2207 3986 2400 4039 Petro-

302 4068 352 4119 1.
370 4068 429 4095 *¹*
446 4068 691 4134 Septicio,
713 4062 799 4114 cui
816 4062 919 4114 hoc
938 4061 1277 4133 epistolarum
1374 4064 1467 4113 nio
1502 4074 1552 4113 et
1589 4063 1694 4114 AEl.
1733 4062 1998 4137 Lamprid.
2022 4065 2133 4117 vit.
2171 4065 2386 4131 Severi,

230 4146 505 4201 volumen
534 4140 862 4197 dedicatum.
887 4140 993 4195 En.
1376 4158 1494 4212 cap.
1513 4140 1704 4209 XVII,
1731 4140 1929 4195 docuit.
1959 4144 2023 4197 E.

544 4232 660 4299 II.
2071 4252 2094 4295 ῐ
