2857 4690
505 375 550 453 4
948 389 953 396 ’
1072 373 1147 440 C.
1198 373 1538 441 PLINII
1587 375 1786 444 LIB.
1837 378 2055 445 VIII.

502 491 859 586 obligatior
896 493 1065 581 abit,
1099 509 1411 588 expertus
1447 521 1586 565 non
1615 523 1754 568 esse
1787 499 1967 596 apud
1995 525 2138 584 me,
2171 487 2257 567 Ev
2293 493 2363 570 δὲ
2391 503 2454 597 ἰῇ
2479 517 2632 600 τιμῇ

500 615 647 706 ἡμὲν
683 615 903 698 κακὸς,
930 605 1041 690 ἠδὲ
1068 614 1171 681 καὶ
1193 615 1419 694 ἐσθλός.

500 844 569 853 -
594 816 728 864 Abit.
764 813 981 866 Praestat
1010 813 1175 866 Cortii
1206 826 1257 866 et
1291 814 1514 885 Gierigii
1611 829 1716 863 non
1734 802 1797 866 ἐν
1823 808 1877 864 δ’
1897 813 1964 882 ἰῇ.
1980 809 2135 862 Recte
2153 810 2296 862 enim
2315 823 2636 864 monuerunt

500 897 636 945 abiit.
664 893 718 946 S.
750 924 819 933 -
840 884 903 947 ἐν
928 892 988 948 δὲ
1011 897 1059 964 ἰῇ
1082 901 1231 967 rip-53
1250 892 1307 944 in
1326 891 1514 944 eodem
1610 890 1889 943 Barnesius
1930 901 1982 942 et
2017 889 2257 942 Clarkius
2291 913 2306 944 ι
2337 890 2394 942 in
2421 892 2473 962 ἰᾷ
2510 908 2632 942 cor-

497 973 701 1025 honore
720 984 772 1025 et
790 971 958 1026 malus
979 987 1031 1027 et
1046 974 1238 1026 bonus.
1267 973 1343 1024 Ex
1369 971 1436 1024 Il.
1468 995 1511 1037 ι,
1610 970 1730 1041 ripi.
1748 970 1818 1022 G.
1840 971 1944 1021 Aut
1959 969 2168 1041 scripsit
2183 969 2379 1022 Plinius
2393 1007 2409 1032 ,
2435 982 2524 1022 aut
2541 967 2634 1022 de-

502 1053 622 1121 319.
648 1051 835 1105 studio
866 1053 1024 1105 scribi
1058 1054 1240 1108 curavi
1267 1044 1331 1108 Ἑν
1351 1050 1411 1105 δὲ
1436 1056 1512 1122 ἰῇ,
1612 1051 1730 1102 huit
1747 1050 1978 1104 scribere
2000 1053 2178 1114 κακὸν,
2207 1053 2390 1105 ἐσθλόν.
2416 1051 2471 1105 S.

526 1254 707 1272 m
712 1251 2331 1280 mmmmmmmmmmmmm

1481 1440 1650 1526 ΙΙΙ.

504 1672 791 1738 Laetatur,
818 1667 1107 1744 placuisse
1145 1663 1359 1724 librum
1385 1685 1593 1738 suurn,
1623 1684 1795 1742 quem
1832 1663 2092 1737 miserat,
2132 1677 2190 1722 et
2223 1663 2298 1723 de
2334 1666 2634 1738 oratione,

577 1782 751 1840 quam
786 1763 1063 1821 missurus
1092 1775 1247 1834 erat,
1272 1761 1426 1819 idem
1454 1761 1546 1819 vel
1579 1761 1764 1838 majus
1794 1773 2006 1838 sperat.
2039 1759 2356 1820 Lubricum
2389 1761 2504 1820 hoc
2539 1782 2634 1820 ar-

578 1872 913 1938 gumentum
938 1860 1073 1918 satis
1094 1859 1352 1918 modeste
1375 1871 1436 1916 et
1457 1857 1678 1916 urbane
1709 1858 1992 1916 tractavit.
2018 1861 2126 1916 En.

982 2071 1042 2116 c.
1094 2069 1448 2116 rmmus
1497 2068 1812 2116 spanso
1855 2041 1888 2078 ¹*
1939 2067 2097 2114 suo
2149 2066 2204 2114 s.
2291 2075 2296 2092 ·

597 2268 957 2348 LIBRUM,
1000 2286 1201 2357 quem
1237 2260 1594 2328 novissime
1626 2260 1749 2328 tibi
1781 2261 1970 2343 misi,
2003 2285 2086 2330 ex
2121 2263 2430 2332 omnibus
2467 2265 2636 2334 meis

500 2375 604 2444 vel
656 2375 943 2444 maxime
991 2372 1253 2466 placere
1304 2370 1660 2466 significas.
1711 2374 1830 2442 Est
1879 2372 2110 2443 eadem
2154 2378 2382 2470 opinio
2419 2378 2636 2471 cujus-

435 2511 462 2544 2
500 2486 655 2557 dam
696 2482 1144 2553 eruditissimi.
1200 2482 1359 2570 Quo
1408 2483 1621 2576 magis
1657 2481 1987 2571 adducor,
2031 2498 2105 2552 ut
2143 2502 2455 2554 neutrum
2495 2483 2634 2553 falli

502 2611 764 2688 putem;
790 2595 947 2688 quia
975 2618 1112 2661 non
1142 2608 1245 2660 est
1270 2590 1620 2678 credibile,
1645 2608 2006 2686 utrumque
2031 2592 2280 2679 falli‚e-t
2306 2595 2463 2688 quia
2493 2608 2636 2663 tan·

500 2720 647 2774 tum
689 2703 999 2773 blandior
1036 2704 1225 2771 mihi.
1262 2702 1440 2771 Volo
1476 2703 1692 2790 enim,
1723 2688 2028 2797 proxima
2061 2727 2344 2797 quaeque
2369 2703 2632 2773 absolu-

502 2816 753 2883 tissima
780 2814 989 2883 videri
1011 2840 1026 2882 :
1048 2828 1117 2882 et
1134 2812 1287 2881 ideo
1302 2814 1443 2907 jam
1475 2838 1656 2883 nunc
1682 2828 1918 2884 contra
1941 2814 2142 2883 istum
2170 2812 2420 2882 librum
2443 2813 2632 2883 faveo

497 2926 822 3008 orationi‚
849 2948 1053 3019 quam
1082 2948 1300 3019 nuper
1326 2925 1393 2990 in
1424 2923 1768 3017 publicum
1782 2922 1936 3018 dedi
1969 2948 1984 2990 ε
2017 2925 2634 2993 communicaturus

434 3058 467 3112 3
502 3049 757 3119 tecum,
787 3048 860 3102 ut
890 3034 1181 3127 primum
1209 3031 1600 3126 diligentem
1616 3031 2036 3102 tabellarium
2067 3034 2404 3103 invenero,
2434 3038 2632 3103 Erexi
2689 3024 2694 3027 ¹

502 3144 1063 3239 exspectationem
1096 3142 1326 3210 tuam?
1356 3168 1560 3237 quam
1586 3168 1839 3230 vereor,
1863 3168 1950 3212 ne
1975 3144 2293 3213 destituat
2318 3143 2533 3211 oratio
2562 3144 2636 3211 in

500 3282 739 3325 manus
773 3267 1059 3347 sumpta.
1089 3253 1370 3320 Interim
1385 3267 1608 3321 tamen
1623 3268 1944 3348 tanquam
1958 3252 2354 3347 placituram
2371 3251 2469 3348 (et
2491 3252 2631 3321 for-

504 3383 673 3435 tasse
711 3364 1067 3460 placebit‚)
1099 3377 1426 3456 exspecta.
1453 3362 1643 3435 Vale.

572 3564 713 3617 111.*
731 3564 811 3617 Ad
830 3569 1059 3633 Spanum
1075 3564 1234 3618 etiam
1251 3564 1353 3629 IV,
1378 3582 1463 3635 ep.
1488 3563 1517 3617 5
1615 3564 1735 3617 tiori
1763 3576 1814 3617 et
1841 3582 2004 3637 quam
2023 3564 2304 3620 novissime
2330 3566 2536 3637 scripsi.
2564 3564 2627 3616 E.

504 3644 716 3716 scripta.
745 3642 849 3696 En.
1102 3708 1109 3715 ι
1615 3674 1686 3685 --
1721 3649 1988 3698 Tabellaria·
2031 3646 2185 3699 multi
2223 3646 2544 3719 negligentes
2583 3656 2636 3696 et

578 3744 629 3777 ει.
654 3725 907 3774 Proxima.
945 3722 1331 3777 Recentimima.
1361 3722 1426 3775 E.
1450 3754 1521 3763 -—
1613 3724 1752 3777 tardi
1774 3738 1941 3778 erant.
1965 3726 2070 3779 En.

508 3808 689 3856 Contra
728 3806 871 3853 istum
904 3804 1077 3853 librum
1091 3842 1109 3863 ,
1138 3816 1237 3856 etc.
1270 3802 1521 3873 Neglecto
1693 3806 1742 3857 3.
1785 3810 2048 3873 Exspecta.
2091 3805 2229 3858 Cum
2263 3802 2546 3875 cupiditate
2581 3816 2638 3856 et

497 3888 612 3957 jam
634 3884 727 3935 illo
743 3920 758 3943 ,
786 3882 909 3952 qnia
938 3900 1046 3933 non
1068 3895 1146 3934 est
1170 3883 1442 3955 proximus
1469 3895 1520 3935 et
1617 3885 2036 3956 praeceptoquasi
2046 3881 2636 3955 amore,quaeadjuncta

505 3962 891 4017 recentissimus
907 3964 1086 4029 ‚sayeo
1099 3965 1317 4014 orationi
1340 3980 1520 4015 recen·
1615 3982 1728 4017 esse
1751 3964 1882 4017 solet
1902 3962 2276 4036 exspectationi
2298 3961 2467 4016 notio.
2491 3960 2561 4013 G.

1072 4126 2076 4165 ψ
