2857 4690
451 338 591 412 288

1013 283 1095 402 c.
1154 332 1487 401 PLINll
1535 319 2010 402 sEcUNm
2077 386 2082 392 .

448 458 1053 556 interpretabatur3
1093 479 1307 549 quum
1330 477 1399 523 se
1438 452 1614 522 idem
1654 453 1837 548 quod
1871 455 2074 542 deos,
2109 452 2286 524 idem
2319 455 2580 550 gladia-

448 585 627 638 tores
662 569 848 665 quod
886 593 956 637 se
995 565 1297 660 putabat.

543 681 863 748 XXXIV.
904 677 996 746 At
1034 691 1145 762 tu,
1184 677 1443 762 Caesar,
1483 699 1684 768 quam
1721 605 2082 770 pulchrum
2116 675 2578 769 spectaculum

446 815 574 887 pro
617 789 731 859 illo
778 788 971 858 nobis
1010 785 1397 856 exsecrabili
1433 784 1816 856 reddidisti!
1853 786 2164 856 Vidimus
2193 785 2576 858 delatorum

439 901 804 998 judicium,
842 899 1031 994 quasi
1068 911 1554 992 grassatorum,
1589 897 1778 992 quasi
1811 894 2169 966 latronum.
2211 899 2370 968 Non
2415 898 2578 966 soli-

449 1012 750 1082 tudinem
796 1008 928 1096 illi,
962 1034 1101 1077 non
1141 1011 1268 1078 iter
1289 1060 1308 1093 ‚
1337 1007 1455 1076 sed
1495 1006 1820 1102 templum
1845 1061 1864 1095 ,
1901 1007 2016 1076 sed
2059 1007 2279 1078 forum
2315 1007 2575 1078 insede-

448 1137 635 1192 rant:
672 1118 859 1190 nulla
884 1120 1027 1215 jam
1062 1132 1458 1188 testamenta
1488 1142 1754 1204 secura,
1783 1116 2030 1188 nullius
2067 1133 2279 1188 status
2313 1134 2572 1189 certus:

386 1269 416 1304 ι
452 1257 591 1301 non
634 1231 881 1300 orbitas
908 1283 929 1319 ‚
968 1255 1109 1299 non
1157 1226 1349 1298 liberi
1388 1228 1772 1323 proderant.
1810 1231 2105 1298 Auxerat
2142 1229 2271 1300 hoc
2321 1228 2576 1300 malum

452 1343 839 1438 principum
880 1340 1177 1408 avaritia.
1212 1338 1574 1409 Advertisti
1617 1338 1872 1424 oculoS‚
1907 1354 2106 1433 atque
2155 1355 2230 1408 ut
2267 1355 2422 1410 ante
2463 1365 2576 1410 ca-

452 1453 745 1539 striS‚ita
772 1464 1249 1545 posteapacem
1272 1449 1420 1519 foro
1447 1449 1818 1519 reddidisti:
1837 1449 2168 1520 exscidisti
2183 1451 2574 1523 intestinum

451 1561 703 1635 malum
734 1587 752 1649 ;
788 1576 857 1632 et
882 1561 1163 1656 provida
1198 1563 1548 1650 severitate
1584 1562 1852 1648 cavisti,
1884 1587 1974 1652 ne
2010 1561 2284 1631 fundata
2317 1560 2578 1658 legibus

385 1686 419 1740 3
454 1673 687 1742 civitas
714 1696 941 1742 eversa
960 1669 1225 1765 -legibus
1248 1669 1606 1740 videretur.
1637 1671 1830 1741 Licet
1843 1695 2004 1768 ergo
2030 1695 2240 1765 quum
2263 1669 2539 1740 fortuna
2557 1727 2577 1760 ,

452 1797 599 1852 tum
640 1778 999 1851 liberalitas
1039 1795 1155 1850 tua
1182 1780 1456 1850 visenda
1487 1783 1680 1851 nobis
1709 1782 2108 1877 praebuerit‚
2141 1797 2216 1850 ut
2254 1781 2581 1876 praebuit,

450 1919 635 1964 nunc
678 1894 976 1989 ingentia
1028 1894 1273 1962 robora
1322 1895 1652 1980 virorum,
1687 1908 1758 1963 et
1809 1917 2002 1988 pares
2055 1894 2352 1981 animos3
2397 1917 2582 1978 minc

452 2007 939 2075 immanitatem
990 2003 1279 2074 ferarum
1309 2055 1328 2088 ‚
1380 2027 1564 2072 nunc
1633 2002 2214 2072 mansuetudinem
2279 2003 2584 2098 incogni-

454 2131 629 2203 tam3
676 2140 859 2185 nunc
906 2127 1185 2184 secretas
1224 2112 1367 2182 illas
1414 2128 1484 2182 et
1523 2137 1834 2198 arcanas,
1885 2139 1962 2183 ac
2007 2114 2130 2184 sub
2173 2127 2241 2182 te
2285 2112 2582 2206 primum

526 2307 577 2365 4.
607 2302 745 2351 Idem
772 2301 911 2367 quod
938 2300 1071 2348 deos.
1099 2296 1225 2351 scil.
1246 2310 1467 2365 putaret.

453 2381 556 2433 Pro
585 2398 735 2447 quum
752 2376 1016 2447 Gierigius
1042 2396 1073 2428 e
1096 2374 1241 2429 libris
1268 2376 1474 2447 scriptis

452 2473 507 2513 et
526 2458 677 2511 editis
702 2456 901 2528 recepit
924 2474 1185 2522 quumque.
1202 2455 1265 2507 E.

532 2536 781 2591 xxxw,
820 2552 869 2587 1.
898 2538 1181 2586 nezammm
1206 2536 1470 2603 judicium.

452 2617 538 2672 sic
574 2616 703 2668 boni
728 2613 847 2665 libri
880 2612 1197 2683 complures.
1235 2612 1339 2665 Sed
1373 2632 1474 2667 nec

454 2696 621 2749 altera
634 2712 741 2747 non
766 2693 891 2747 satis
912 2710 1101 2765 magna
1124 2692 1283 2746 factio
1302 2731 1319 2757 ,
1336 2696 1475 2746 dela-

455 2790 613 2827 torum
632 2792 804 2842 agmen
818 2775 1083 2823 inductum.
1095 2774 1201 2825 Aut
1223 2776 1476 2825 inductum

452 2852 627 2926 primo
654 2863 961 2924 corruptum
986 2852 1043 2905 in
1057 2854 1303 2923 judicium
1323 2890 1339 2917 ,
1367 2871 1476 2924 quo

456 2933 597 2987 facto
628 2952 802 3002 agmen
827 2943 890 2985 nt
919 2930 1245 3004 superfluum
1278 2933 1436 3005 periit
1460 2948 1474 2985 ε

454 3024 569 3077 aut,
594 3012 697 3066 hoc
714 3030 881 3084 quum
898 3010 1202 3075 excidisset,
1228 3012 1480 3063 inductum

454 3091 510 3145 in
527 3096 771 3161 judicium
805 3103 1063 3144 mutatum
1098 3104 1193 3145 est.
1222 3093 1303 3145 Ita
1334 3102 1476 3144 recte

455 3170 691 3243 disputat
722 3169 1065 3226 Schwarzius.
1097 3170 1199 3226 Sed
1224 3174 1472 3223 Arntzen.

456 3270 631 3320 agmen
650 3253 899 3301 inductum
917 3248 1144 3319 prefert.
1164 3250 1233 3301 G.
1252 3280 1323 3289 —
1339 3248 1477 3301 Pm-

457 3330 559 3383 fert
582 3328 707 3382 item
724 3330 757 3381 J
765 3370 778 3382 .
800 3330 863 3381 A.
886 3327 1156 3382 Ernestius
1169 3365 1186 3392 ,
1212 3328 1480 3399 expressit·

457 3428 562 3481 que
577 3408 858 3480 Gierigius.
883 3408 1013 3459 Iure
1036 3446 1051 3471 ‚
1076 3406 1280 3479 opinor.
1312 3408 1400 3475 cf,
1426 3410 1477 3476 S.

459 3490 562 3541 III.
592 3496 643 3552 4.
662 3489 788 3542 S.—-
806 3492 1093 3539 Delatorum
1106 3488 1367 3556 judicium.
1386 3490 1486 3539 Del

459 3586 633 3637 agmen
657 3570 907 3618 inductum
941 3577 1083 3619 recte
1111 3577 1382 3639 receptum
1410 3566 1480 3620 ab

458 3645 762 3707 Amtzenio,
780 3644 1077 3699 Schwanio
1094 3657 1148 3699 et
1165 3644 1401 3699 Gesner-o
1420 3646 1477 3698 in

461 3724 548 3779 ed.
574 3744 679 3778 sec.
712 3723 843 3775 min.
884 3722 1045 3796 idque
1083 3735 1135 3777 et
1158 3724 1215 3776 in
1238 3724 1339 3776 hac
1365 3724 1477 3777 edi-

462 3804 607 3857 tione
642 3802 861 3873 exprimi
904 3802 1146 3857 debebat.
1172 3803 1249 3855 De
1284 3814 1481 3873 specta-

464 3882 598 3935 culis
616 3881 704 3935 hic
718 3898 891 3935 sermo
904 3894 1001 3947 est,
1012 3901 1121 3936 non
1130 3880 1358 3954 judiciis.
1373 3882 1476 3935 En.

464 3992 535 4001 —
548 3966 711 4011 Status
728 3976 903 4015 certus.
924 3962 1000 4013 Ut
1020 3962 1175 4015 adi-et
1194 3971 1337 4014 certo
1354 3980 1410 4014 se
1423 3960 1481 4014 li-

462 4040 651 4093 berum
668 4078 684 4105 ,
706 4058 761 4093 se
780 4040 1058 4113 patricium
1074 4058 1089 4104 3
1104 4058 1257 4095 suum
1273 4058 1479 4094 servum

464 4128 639 4172 autem
665 4136 771 4174 non
792 4138 905 4175 esse
924 4119 1149 4173 liberum
1164 4157 1181 4184 ‚
1200 4130 1301 4174 etc.
1319 4119 1388 4174 G.
1408 4150 1479 4163 -—

1561 2296 1641 2349 Al.
1667 2299 1828 2349 mallus
1849 2311 2001 2349 status
2037 2311 2212 2351 cereus.
2239 2297 2488 2351 Nostram
2515 2297 2585 2351 le-

1560 2377 1787 2430 ctionem
1807 2388 1984 2430 tuetur
1995 2379 2043 2430 J.
2063 2378 2128 2429 A.
2147 2376 2437 2430 Ernestius.
2455 2377 2586 2431 S.-

1560 2462 1715 2511 Nulla
1726 2462 1842 2527 jam
1867 2472 2156 2510 testamenta
2175 2476 2372 2517 secura,
2403 2460 2585 2509 mallim·

1559 2552 1719 2589 status
1735 2538 2027 2590 certus.Hoc
2044 2536 2233 2589 melius
2257 2548 2409 2609 puto,
2420 2554 2588 2607 quam

1561 2621 1722 2669 nullus
1738 2657 1755 2679 ‚
1783 2616 1930 2688 quod
1955 2616 2180 2670 servavit
2211 2615 2543 2670 Schwarzius
2571 2655 2588 2682 ,

1562 2698 1660 2751 etsi
1695 2698 1918 2751 alterum
1949 2716 2058 2749 non
2091 2696 2359 2767 improbat
2377 2732 2393 2757 ,
2421 2695 2588 2747 immo

1563 2790 1747 2831 contra
1771 2776 2038 2829 Arntzenii
2059 2777 2290 2829 rationes
2323 2772 2583 2829 defendit.

1563 2854 1966 2928 Sanegenitivus
1980 2875 2102 2909 cum
2119 2871 2251 2909 statu
2267 2855 2398 2907 solet
2403 2856 2582 2927 jungi.

1563 2937 1778 2991 Sueten.
1795 2934 1956 3007 Vesp.
1976 2936 2131 2999 vm,
2163 2934 2230 2989 de
2249 2950 2384 2986 statu
2409 2938 2587 3003 defim-

1566 3030 1749 3067 etonem
1771 3034 2025 3089 quarere.
2039 3015 2258 3070 Tacitus
2272 3016 2337 3067 A.
2361 3014 2465 3076 111,
2495 3018 2582 3067 28.

1564 3098 1824 3148 multorum
1843 3110 2000 3146 status
2015 3095 2192 3148 excisi.
2217 3095 2353 3147 Em«.

1639 3194 1686 3228 2.
1719 3179 1900 3225 Eversa
1923 3178 2128 3243 legibus.
2155 3174 2304 3238 Quas
2341 3192 2587 3244 perverse

1565 3266 1616 3307 et
1659 3254 2058 3307 calumniatorie
2107 3254 2588 3331 interpretabantur

1567 3330 1846 3385 delatores.
1875 3332 1943 3386 G.

1639 3414 1689 3467 3.
1703 3420 1956 3465 Ferarum.
1967 3412 2147 3479 Quas'
2133 3430 2274 3485 ipsas
2287 3413 2362 3465 ita
2371 3411 2588 3483 largiter

1564 3492 1788 3565 praebuit
1811 3529 1827 3557 ,
1870 3502 1929 3544 ut
1961 3490 2251 3563 aliquando
2281 3491 2428 3544 mille
2465 3493 2590 3545 ferae

1565 3590 1709 3625 caesoe
1735 3610 1750 3636 ,
1789 3570 2056 3625 interdum
2095 3570 2164 3624 ad
2198 3571 2382 3625 decem
2419 3572 2589 3625 millia

1566 3652 1778 3705 fuerint.
1814 3652 1918 3705 En.
1958 3681 2030 3691 —-
2067 3656 2284 3703 Soet-etas
2303 3689 2314 3701 .
2339 3689 2352 3701 .
2377 3689 2388 3699 .
2411 3690 2422 3701 .
2453 3671 2585 3720 opes.

1567 3731 1829 3784 Palatinas
1847 3748 1972 3802 opes
1993 3730 2048 3782 in
2067 3730 2286 3783 theatris
2299 3749 2361 3783 ac
2379 3730 2592 3803 templis

1563 3810 1863 3882 publicabat
1875 3810 2155 3882 Trajanus.
2178 3809 2482 3863 Laudatnm
2507 3812 2590 3863 Li-

1565 3891 1678 3961 psio
1697 3890 2036 3961 Epigramma
2055 3889 2316 3944 Martialis
2329 3890 2438 3942 xn
2459 3930 2475 3956 ‚
2503 3890 2591 3946 15.

1570 3972 1788 4037 Quiqm‘d
1797 3972 2070 4022 Parrhasia
2087 3967 2386 4039 (Palatina)
2403 3972 2593 4021 nitebat

1567 4051 1687 4099 aula
1703 4086 1718 4108 ,
1747 4054 1997 4101 Donatum
2015 4063 2084 4099 est
2103 4052 2255 4099 oculis
2271 4047 2326 4099 in
2345 4046 2556 4101 theatro
2573 4084 2590 4109 ,

1567 4120 1767 4187 deaqm
1781 4118 1838 4173 in
1857 4119 2060 4191 templis
2076 4122 2270 4171 nostris.
2281 4118 2350 4171 G.
