2857 4690
436 387 529 459 92

1052 364 1129 431 C.
1182 363 1530 431 PLINII
1580 361 1775 429 LIB.
1829 360 1963 427 IX.

370 521 399 554 ω
436 491 575 556 Hos
606 509 743 580 ego
762 484 1022 554 viscatis
1054 484 1468 577 hamatisque
1507 482 1896 577 muneribus
1929 506 2064 550 non
2102 505 2221 550 sua
2259 506 2576 577 promere

436 612 603 690 puto
623 648 640 679 ‚
680 594 793 665 sed
822 595 1035 663 aliena
1065 597 1421 689 corripere.
1462 598 1635 663 Sunt
1666 595 1936 687 ingenio
1972 593 2205 677 simili,
2235 594 2570 688 quiquod

434 705 593 777 huic
630 704 915 791 donant,
942 706 1256 775 auferunt
1290 704 1415 791 illi,
1447 704 1824 799 famamque
1851 702 2260 773 liberalitatis
2287 706 2574 773 avaritia

368 834 398 888 3
436 830 695 910 petunt.
729 817 1029 885 Primum
1062 830 1160 885 est
1193 830 1450 899 autem,
1485 840 1606 883 suo
1643 838 1782 883 esse
1817 828 2206 884 contentum
2242 841 2257 883 ε
2291 814 2570 904 deinde,

433 952 601 1021 quos
631 928 961 1021 praecipue
994 927 1165 997 scias
1195 926 1525 1021 indigere,
1553 939 2036 995 sustentantem
2063 924 2532 1019 foventemque
2549 979 2571 1015 ,

433 1038 596 1106 orbe
632 1036 921 1132 quodam
946 1038 1281 1106 societatis
1323 1037 1600 1115 ambire.
1642 1038 1811 1127 Quae
1847 1050 2089 1105 cuncta
2127 1037 2182 1103 si
2219 1034 2377 1106 facit
2405 1037 2568 1124 iste,

434 1169 911 1241 usquequaque
937 1146 1307 1217 laudandus
1342 1163 1440 1216 est
1465 1148 1554 1216 :si
1589 1171 1800 1215 unum
1835 1144 2139 1239 aliquod,
2172 1148 2392 1214 minus
2419 1148 2569 1240 qui-

362 1264 396 1321 4
433 1255 583 1325 dem
604 1311 623 1344 ‚
656 1257 1027 1327 laudandus
1054 1274 1299 1328 tamen.
1336 1260 1502 1328 Tam
1541 1283 1768 1327 rarum
1803 1272 1903 1327 est
1932 1258 2130 1325 etiam
2165 1255 2572 1351 imperfectae

427 1363 845 1438 liberalitatis
869 1367 1232 1463 exemplar.
1260 1371 1359 1437 Ea
1383 1369 1625 1437 invasit
1651 1368 1955 1437 homines
1973 1364 2265 1436 habendi
2289 1364 2570 1459 cupido,

430 1493 508 1551 ut
548 1478 864 1573 possideri
904 1480 1145 1575 magis,
1188 1504 1389 1575 quam
1430 1478 1767 1574 possidere
1801 1477 2170 1547 videantur.
2204 1475 2394 1547 Vale.

428 1655 550 1706 nius
575 1651 749 1714 dedit,
779 1662 829 1704 et
851 1650 1127 1704 cellarius.
1151 1650 1252 1703 Alii
1281 1654 1329 1701 in
1356 1669 1446 1701 nos

427 1736 571 1785 solos.
605 1734 736 1786 Sunt
764 1730 921 1784 etiam
951 1729 1044 1801 qui
1072 1732 1246 1801 legant
1273 1734 1339 1781 sie
1373 1744 1448 1779 ta—

429 1832 535 1864 men
575 1832 699 1873 non,
736 1822 861 1874 etc.,
887 1810 1030 1863 sacili
1066 1830 1245 1863 errore
1286 1809 1447 1863 libra-

428 1890 630 1943 riorum
647 1929 662 1955 ,
690 1892 912 1963 primam
942 1891 1205 1961 sequentis
1235 1890 1447 1962 syllaba

428 1970 594 2043 priori
620 1970 775 2023 etiam
804 1970 1237 2024 adscribentium.
1266 1970 1335 2021 G.

500 2053 757 2105 2.Viscacis
778 2049 1231 2119 hamatisque-‚Vid-
1247 2050 1443 2120 Paneg.

428 2128 609 2183 XLIII
627 2167 642 2193 ,
671 2130 719 2184 5.
740 2128 809 2183 G.

500 2218 552 2275 4.
576 2212 835 2263 Possidet-1⁸.
863 2210 983 2263 Nou
1010 2208 1107 2280 ipsi
1134 2220 1445 2279 potestatem

428 2288 627 2341 babere
648 2308 825 2341 rerum
848 2307 1065 2341 suarum
1080 2330 1095 2356 ,
1116 2286 1281 2341 sedin
1301 2298 1447 2360 potc-

1070 2481 1163 2500 νυν
1168 2477 1812 2502 mmmm—*mmmm

1543 1660 1676 1703 state
1693 1648 1863 1703 aliena
1878 1666 1990 1701 esse
2003 1687 2018 1712 ‚
2041 1661 2200 1720 atque
2219 1647 2355 1701 adeo
2374 1666 2404 1700 a
2423 1648 2574 1718 cupi-

1544 1729 1707 1783 ditate
1729 1728 1936 1795 tuuidoe
1955 1726 2310 1801 augendaque
2327 1729 2402 1780 rei
2419 1728 2573 1781 fami-

1543 1810 1689 1864 liaris
1726 1812 1924 1875 teneri,
1953 1824 2012 1863 ut
2043 1829 2111 1862 ne
2141 1812 2282 1860 liberi
2312 1804 2531 1879 quidem
2551 1845 2569 1871 ,

1543 1887 1741 1943 nedum
1777 1894 1998 1943 liberales
2025 1890 2146 1943 sint.
2175 1888 2432 1943 Convenit
2457 1885 2571 1940 huc

1543 1968 1791 2041 Diogenis
1813 1969 1944 2021 illud
1964 2009 1979 2034 ‚
2007 1974 2102 2041 ἔχω
2132 1972 2218 2028 τὴν
2249 1964 2418 2023 Λαΐδα
2435 2003 2452 2031 ‚
2480 1970 2572 2021 οὐκ

1546 2053 1740 2121 ἔχομαι.
1765 2046 2010 2100 pluscula
2041 2046 2235 2116 proebet
2261 2044 2472 2096 Cor-tius
2496 2042 2572 2095 ad

1543 2127 1774 2185 Sallustii
1793 2126 1915 2197 Jug.
1937 2126 2014 2189 II,
2049 2126 2110 2188 3;
2139 2124 2230 2176 uhi
2258 2127 2450 2175 animus
2473 2141 2573 2175 uo-

1544 2218 1650 2261 ster
1681 2210 1790 2275 agit
1819 2219 1971 2272 atque
2003 2206 2150 2256 habet
2179 2218 2354 2256 cimeta
2368 2241 2385 2268 ,
2410 2221 2572 2269 neque

1541 2288 1644 2358 ipse
1663 2288 1882 2335 liabetur.
1909 2282 1978 2335 G.

1302 2663 1689 2751 XXXI.

579 2873 805 2934 Laudat
828 2871 983 2930 illius
1005 2867 1251 2941 librum,
1281 2881 1339 2926 et
1367 2867 1636 2927 laudatus
1661 2868 1721 2926 in
1749 2887 1819 2926 eo
1844 2868 2002 2948 ipse,
2031 2868 2242 2946 gratias
2275 2867 2407 2946 agit.

938 3069 999 3116 C.
1054 3067 1411 3115 PLINIUS
1460 3067 1741 3113 SARDO
1793 3067 1947 3114 SUO
1999 3068 2050 3112 S.

524 3249 844 3326 Posrotr
864 3267 973 3314 AM
1001 3267 1039 3311 a
1060 3257 1125 3311 te
1146 3241 1411 3322 recessi,
1431 3265 1568 3308 non
1593 3241 1815 3310 minus
1843 3256 2062 3310 tecum
2083 3292 2101 3325 ‚
2129 3263 2328 3332 quam
2349 3262 2570 3331 quum

429 3355 605 3454 apud
631 3353 861 3443 te‚fui.
885 3353 1049 3447 Legi
1082 3353 1259 3419 enim
1299 3349 1546 3422 librum
1589 3365 1779 3418 tuum
1805 3405 1823 3434 ‚
1853 3348 2215 3418 identidem
2255 3363 2570 3442 repetens

426 3468 713 3536 maxime
742 3468 907 3564 (non
932 3463 1111 3532 enim
1150 3460 1458 3544 mentiar)
1484 3485 1633 3555 quae
1667 3460 1748 3528 de
1780 3483 1891 3527 me
1924 3457 2276 3551 scripsisti:
2308 3457 2376 3525 in
2405 3459 2569 3551 qui-

426 3577 551 3648 bus
577 3576 845 3673 quidem
878 3572 1307 3668 percopiosus
1338 3569 1542 3640 fuisti.
1574 3573 1798 3658 Quam
1835 3567 2081 3654 multa,
2115 3593 2318 3661 quam
2346 3569 2568 3652 varia,

426 3713 629 3783 quam
672 3712 807 3756 non
846 3682 1075 3752 eadem
1114 3682 1196 3751 de
1234 3681 1503 3766 eodem,
1537 3705 1660 3748 nec
1701 3694 1924 3749 tamen
1963 3677 2259 3760 diversa,
2302 3678 2571 3748 dixisti?

360 3839 387 3871 α
426 3800 722 3871 Laudem
762 3795 1015 3891 pariter
1041 3810 1109 3864 et
1136 3797 1379 3890 gratias
1413 3789 1657 3886 agam?
1692 3793 2024 3860 Neutrum
2063 3793 2218 3860 satis
2257 3815 2566 3886 possum,

426 3928 529 3994 et,
562 3915 616 3980 si
651 3932 908 4003 possem
927 3959 946 3995 ‚
978 3907 1281 3976 timerem
1300 3957 1321 3991 ,
1347 3929 1432 3972 ne
1452 3925 1772 3994 arrogans
1801 3917 2004 3988 esset,
2033 3901 2122 3972 ob
2149 3927 2226 3971 ea
2255 3900 2570 3988 laudare,

494 4088 692 4140 ml.
712 4107 761 4142 α.
780 4090 855 4138 Ne
868 4101 1109 4154 arrogans
1126 4095 1260 4133 esset.
1278 4077 1444 4132 Vide-

430 4185 519 4222 τε·
554 4167 695 4222 enim
738 4179 991 4238 tanquam
1022 4181 1137 4218 rem
1174 4157 1332 4214 laude
1369 4157 1446 4212 di-

1541 4096 1700 4150 gnam
1741 4079 1986 4132 extollere
2023 4077 2312 4134 secuudum
2341 4075 2474 4130 illud
2511 4089 2571 4130 et

1542 4158 1862 4214 benevolum
1889 4174 2044 4214 tuum
2073 4157 2143 4212 de
2158 4156 2521 4232 mejudicium
2545 4175 2564 4221 3
