2857 4690
400 1270 468 1305 20

499 356 591 426 28
1087 356 1162 424 C.
1207 356 1542 425 PLINII
1592 356 1779 427 LIB.
1808 356 2033 427 VIII.

497 501 632 545 una
649 529 670 564 ‚
713 474 778 545 si‘
815 478 900 547 ab
945 502 1086 547 uno
1123 478 1499 551 diceretur?
1535 478 1764 568 Quid?
1799 479 1907 549 lex
1944 502 2085 548 non
2124 492 2353 575 aperte
2392 479 2625 569 decet,

497 584 721 655 dirimi
747 585 989 657 debere
1013 590 1371 659 sententias
1395 588 1761 661 occidentis
1788 604 1856 659 et
1882 587 2270 685 relegentis,
2290 614 2499 685 quum
2528 591 2627 661 ita

495 694 961 767 discessionem
1011 698 1158 768 fieri
1198 699 1396 794 jubet
1446 724 1463 769 ε
1516 722 1643 785 Qm
1692 722 1853 773 nAEc
1900 722 2205 770 sen-rurs
2230 753 2251 787 ,
2300 724 2376 771 uc
2426 724 2625 771 amc

495 829 816 894 rmnm3
849 832 976 893 Qm
1027 832 1202 880 ALIA
1241 834 1519 899 ouum,
1562 833 1639 882 nt
1678 832 1899 881 mnu
1949 832 2241 881 ulrum
2290 834 2437 897 ιη,
2474 832 2623 893 QUA

497 939 826 988 sununs.
863 920 1186 989 Examina
1227 920 1494 1017 singula
1526 920 1734 991 verba
1772 935 1843 991 et
1880 919 2177 1016 expende
2223 946 2241 990 ε
2290 943 2419 1004 Qtn
2463 944 2627 992 nme

499 1050 855 1118 exustus,
887 1029 1020 1100 hoe
1051 1044 1154 1101 est
1171 1084 1192 1116 ‚
1224 1033 1340 1127 qui
1377 1030 1769 1127 relegandos
1796 1032 2047 1125 putatis
2064 1085 2083 1116 ,
2118 1056 2197 1103 nv
2232 1054 2431 1102 mum
2458 1054 2627 1102 mn-

497 1162 680 1226 ΤΕΜ,
717 1138 786 1209 id
821 1155 956 1228 est,
1001 1142 1071 1211 in
1113 1168 1258 1212 eam
1277 1196 1298 1225 .,
1331 1144 1402 1213 in
1440 1167 1575 1238 qua
1614 1141 1828 1230 sedet,
1868 1142 1985 1237 qui
2024 1143 2282 1213 censuit
2322 1141 2625 1236 relegan-

498 1246 641 1318 dos.
681 1252 786 1319 Ex
821 1275 960 1346 quo
1003 1254 1428 1323 manifestum
1472 1269 1607 1342 est,
1640 1278 1779 1323 non
1829 1277 2024 1349 posse
2064 1253 2132 1323 in
2172 1252 2399 1322 eadem
2436 1266 2630 1348 parte

498 1382 842 1430 remanere
887 1386 1038 1451 eos,
1077 1364 1196 1458 qui
1237 1362 1727 1435 interficiendos
1776 1365 2213 1435 arbitrantur.
2262 1365 2405 1453 Qm
2456 1386 2629 1434 AmA

499 1491 734 1539 omns
772 1496 788 1539 :
829 1472 1333 1562 animadve-nisi,
1377 1491 1453 1544 ut
1491 1500 1630 1545 non
1670 1489 1987 1545 contenta
2022 1474 2125 1543 lex
2165 1475 2385 1544 dicere
2427 1496 2587 1543 ALIA
2608 1525 2630 1559 ,

499 1574 833 1648 addiderit
867 1604 1120 1653 omnm.
1157 1586 1341 1655 Num
1373 1610 1537 1681 ergo
1568 1586 1849 1655 dubium
1878 1600 2013 1673 est,
2047 1584 2176 1654 alia
2212 1584 2439 1653 omnia
2472 1607 2627 1653 sen-

501 1687 628 1756 tire
653 1700 798 1780 e'oS‚
827 1694 944 1788 qui
977 1693 1326 1781 occidunt,
1355 1698 1712 1792 quam·qui
1742 1696 2083 1791 relegant?
2110 1720 2186 1767 m
2217 1718 2435 1765 1LLAM
2463 1720 2633 1765 mn-

501 1820 648 1867 ‘nm
689 1822 836 1889 1113,
872 1825 1024 1886 QUA
1059 1829 1370 1877 slm‘rrrls
1405 1832 1422 1874 τ
1452 1830 1679 1876 nonne
1714 1806 1982 1875 videtur
2015 1806 2155 1902 ipsa
2194 1804 2299 1874 lex
2334 1830 2481 1893 eos,
2511 1804 2631 1899 qui

499 1906 934 2000 dissentiunt,
962 1914 1032 1983 in
1067 1917 1471 1985 contrariam
1499 1931 1758 2010 partem
1788 1940 2059 2001 vocare,
2090 1938 2362 2009 cogere,
2400 1912 2633 2007 impel-

500 2014 683 2087 lere?
709 2046 846 2090 non
873 2024 1107 2095 consul
1137 2029 1336 2096 etiam
1353 2080 1372 2114 ‚
1401 2027 1521 2095 ubi
1550 2028 1834 2121 quisque
1862 2050 2230 2109 remanere,
2253 2050 2389 2120 quo
2416 2040 2635 2093 trans-

502 2127 689 2221 gredi
737 2130 1011 2221 debeat‚
1047 2160 1188 2205 non
1235 2151 1502 2206 tantum
1546 2135 1933 2206 solennibus
1976 2136 2233 2222 νει-δίε,
2270 2134 2384 2203 sed
2424 2159 2633 2203 manu

503 2254 828 2334 gestuque
866 2242 1318 2316 demonstrat?
1351 2250 1444 2316 At
1483 2247 1660 2315 enim
1704 2246 2004 2315 futurum
2044 2258 2179 2330 est,
2221 2258 2329 2327 ut,
2364 2244 2419 2311 si
2456 2242 2637 2311 divi-

503 2351 752 2422 dantur
803 2357 1149 2426 sententiae
1209 2357 1667 2426 interficientis
1716 2369 1783 2424 et
1831 2353 2227 2447 relegantiS‚
2276 2350 2636 2448 praevaleat

503 2459 649 2549 illa,
690 2488 838 2555 quae
881 2464 1182 2535 absolvit.
1222 2465 1409 2554 Quid
1460 2465 1640 2535 istud
1680 2464 1767 2533 ad
1818 2462 2201 2534 censentes?
2240 2487 2411 2558 quos
2454 2477 2635 2534 certe

503 2598 643 2642 non
691 2575 882 2646 decet
927 2577 1240 2647 omnibus
1285 2577 1575 2658 artibuS‚
1622 2575 1807 2644 omni
1854 2575 2113 2644 ratione
2162 2597 2467 2669 pugnare
2486 2625 2507 2662 ,
2548 2599 2637 2643 ne

507 2683 662 2773 flat,
696 2686 881 2780 quod
925 2703 1025 2758 est
1064 2687 1312 2757 mitius.
1353 2688 1645 2780 Oportet
1692 2700 1915 2754 tamen
1956 2709 2109 2773 eos,
2146 2685 2263 2780 qui
2308 2685 2635 2780 puniunt,

1617 2867 1715 2923 dos
1732 2881 1919 2942 putent
1934 2889 2052 2924 reos
2066 2908 2083 2934 ,
2098 2869 2221 2924 licet
2234 2867 2441 2924 diverso
2452 2867 2637 2938 modo,

1616 2968 1779 3021 quam
1808 2949 1901 3023 qui
1930 2949 2305 3013 absolvendo„
2336 2963 2508 3003 tamen
2538 2949 2639 3001 ho·

503 2885 675 2945 potest
691 2886 967 2928 contexere
980 2877 1178 2946 justam
1201 2872 1496 2925 orationem
1510 2909 1525 2934 ,

505 2951 598 3006 sed
619 2972 762 3008 nunc
779 2955 944 3018 hanc,
963 2973 1106 3006 nunc
1126 2951 1281 3005 aliam
1311 2964 1521 3004 senten-

504 3035 630 3088 tiam
657 3035 887 3088 breviter
915 3033 1135 3104 profert.
1161 3031 1523 3085 G.—Confer

506 3116 576 3172 ad
592 3115 687 3168 lib.
705 3114 806 3177 IV,
825 3112 979 3184 epist.
1009 3132 1062 3184 7.
1081 3113 1187 3166 En.

583 3215 666 3266 ¹9·
685 3201 795 3262 Qua
817 3195 1019 3244 sentitis.
1043 3193 1107 3243 In
1127 3209 1288 3264 quam
1307 3191 1527 3246 inclina-

507 3277 574 3330 tis
592 3287 767 3330 vestra
787 3271 1061 3326 sententia.
1083 3271 1151 3325 G.

576 3385 646 3396 —-
675 3356 773 3419 Qui
795 3355 902 3404 laoee
921 3353 1141 3404 censetis.
1165 3350 1372 3422 Opinon·
1395 3351 1525 3406 scri-

505 3431 779 3488 bendum:
813 3434 910 3500 Qui
939 3433 1045 3482 hoec
1075 3434 1276 3484 sentitis.
1315 3435 1523 3484 Censen&

506 3515 1032 3584 interpretamentum
1053 3511 1280 3564 videtur.
1308 3512 1362 3565 S.

579 3609 666 3646 20.
680 3596 804 3644 Alia
815 3595 1002 3644 omnia.
1016 3593 1214 3664 Nempe
1229 3594 1337 3643 alia
1351 3593 1521 3642 omnia

507 3689 568 3728 ex
593 3684 770 3725 mente
802 3671 958 3726 Plinii
989 3691 1100 3725 non
1133 3669 1396 3742 significat
1432 3668 1521 3720 hie

506 3752 665 3824 plane
701 3751 910 3806 diversa
932 3788 948 3816 ,
993 3751 1239 3805 omnibus
1281 3747 1523 3820 pertibus

509 3832 612 3886 alin
631 3849 648 3896 3
675 3831 768 3886 sed
789 3831 901 3886 nlla
918 3831 1004 3886 vel
1027 3845 1374 3903 meumque
1395 3827 1521 3891 elia,

509 3929 846 3984 quocumque
867 3910 1030 3965 modo
1053 3909 1280 3962 diversa.
1308 3907 1378 3960 G.

584 4010 669 4045 π.
691 3998 765 4044 Ae
777 3989 1155 4058 enimfiaturum.
1187 3987 1360 4060 Hujus
1377 3986 1525 4058 obje-

511 4071 698 4125 ctionis
723 4072 834 4123 haec
857 4069 934 4122 vis
959 4080 1038 4122 est
1058 4105 1076 4132 ,
1108 4067 1348 4140 iniquum
1373 4085 1487 4120 esse
1505 4103 1523 4130 ,

513 4169 678 4223 quum
691 4149 872 4221 plures
887 4148 990 4204 nint
1001 4147 1090 4203 lon
1096 4167 1180 4219 ge,
1191 4148 1285 4220 qui
1301 4146 1525 4217 punien-

1526 4395 1551 4428 Ι

1616 3049 1739 3082 rum
1784 3030 2099 3083 sententiam
2142 3029 2265 3082 ideo
2308 3027 2597 3100 praevalere
2620 3065 2638 3092 ,

1620 3109 1745 3181 quia
1770 3109 1875 3162 illis
1896 3109 1950 3164 in
1972 3127 2175 3181 genere.
2188 3125 2352 3180 poenaee
2379 3125 2487 3158 non
2514 3125 2643 3160 con-

1621 3188 1799 3243 veniat
1804 3226 1821 3254 ,
1830 3190 2135 3260 absolvique
2148 3185 2283 3240 adeo
2296 3203 2413 3238 reos
2424 3186 2639 3259 majoris

1620 3270 1784 3340 partis
1804 3268 2061 3322 sententia
2084 3265 2381 3318 damnatos.
2408 3266 2641 3335 Respon-

1617 3346 1710 3401 det
1734 3349 1963 3410 Pliniun,
1990 3343 2137 3398 Illud
2164 3347 2277 3416 jam
2308 3361 2417 3396 non
2444 3361 2641 3399 euran-

1619 3427 1747 3480 dum
1772 3446 1883 3482 esse
1908 3423 2241 3478 censentibus
2258 3461 2274 3488 ,
2298 3435 2401 3476 etc.

1686 3537 1759 3548 —
1774 3511 1975 3574 Oportet
1992 3511 2182 3564 camele,
2206 3515 2308 3557 etc.
2332 3503 2479 3557 Nova
2498 3503 2643 3576 obje-

1618 3586 1743 3640 ctio.
1768 3585 1855 3640 Sie
1874 3599 2037 3636 tamen
2062 3581 2269 3636 orditur
2288 3584 2641 3658 objectionem

1616 3667 1754 3729 vn,
1782 3683 1870 3734 17,
1896 3663 1943 3717 5.
1970 3665 2472 3732 S.-Quipuniunt.
2497 3661 2643 3716 Nihil

1614 3763 1751 3818 opus
1780 3755 1861 3798 est
1882 3743 1971 3797 hic
1994 3743 2163 3816 glonna
2184 3781 2199 3808 ,
2227 3762 2389 3816 qnam
2418 3741 2642 3814 quidam

1615 3826 1931 3878 interserunt
1944 3864 1962 3892 ‚
1980 3839 2137 3876 morte
2150 3845 2170 3875 .-
2188 3822 2347 3876 etiam
2362 3825 2395 3890 s
2414 3840 2477 3890 19
2494 3857 2510 3884 ,
2527 3824 2640 3892 jam

1618 3903 1691 3956 ita
1712 3903 1949 3957 aheolute
1964 3915 2217 3975 posuerat
2236 3905 2417 3970 punire
2438 3913 2641 3965 noster,

1618 4001 1719 4054 pro
1742 3986 2024 4053 interficere.
2048 3983 2114 4036 G.
2128 3981 2468 4034 -Proeterea
2486 3976 2643 4033 docet

1620 4063 1765 4118 cort.
1787 4081 1990 4131 penam
2006 4061 2061 4115 in
2078 4061 2197 4134 jure
2214 4059 2283 4114 de
2294 4077 2505 4114 summo
2524 4075 2645 4130 sup-

1622 4142 1779 4214 plicio
1796 4141 1919 4196 dici.
1942 4141 2047 4195 En.
