2857 4690
899 364 1036 431 DE
1083 362 1162 429 c.
1209 361 1603 431 PLINIO.
2159 362 2297 449 445

155 530 302 573 naeo
343 502 442 571 ad
486 501 848 571 Cellarium
881 525 1090 597 usque
1117 504 1288 595 Epp.
1327 498 1637 569 Plinianis
1666 499 2092 593 profuerunt,
2122 504 2308 574 ador-

155 626 392 679 natam
425 662 450 695 ,
499 624 568 677 et
601 633 756 677 cum
783 607 1206 678 Lectionibus
1244 608 1439 675 variis
1476 620 1609 675 tam
1636 605 1847 675 Codd.
1887 608 2083 677 MSS.
2109 634 2306 705 quam

157 730 486 785 veterum
527 714 674 784 edd.
723 715 1030 784 collatam
1052 767 1072 802 ,
1121 738 1202 782 ex
1235 714 1443 806 iisque
1489 710 1901 781 emendatam
1918 766 1939 798 ‚
1989 714 2307 787 debemus

157 822 383 893 Gottl.
425 824 713 893 Cortio:
757 822 870 914 qui
909 845 1061 890 cum
1107 819 1295 889 Libri
1336 821 1402 887 X
1437 820 1649 887 tertiae
1682 820 1787 886 vix
1822 822 1993 913 parti
2028 823 2307 891 immor-

157 944 320 997 tuus
363 942 553 997 esset
571 979 590 1011 ‚
633 926 958 1021 reliquum
994 927 1212 1020 operis
1237 923 1523 994 absolvit
1557 948 1895 1018 novasque
1928 926 2311 999 collationes

159 1032 434 1103 addidit
501 1036 580 1101 P.
643 1034 1012 1127 Longolius
1063 1026 1090 1120 (
1127 1033 1340 1101 Cortii
1400 1028 1763 1125 discipulus
1780 1077 1800 1112 ‚
1862 1047 2015 1127 post
2065 1038 2313 1105 Rector

163 1141 426 1232 Gymn.
477 1140 698 1209 Curiae
729 1140 1136 1234 Regnitianae
1161 1130 1188 1225 )
1213 1192 1236 1225 ,
1287 1139 1402 1231 qui
1452 1151 1520 1206 et
1554 1134 1738 1229 praef.
1782 1142 2125 1231 praemisit,
2159 1143 2311 1211 satis

164 1247 429 1313 cursim
463 1270 591 1313 nec
617 1260 926 1315 accurate
960 1246 1303 1338 scriptam,
1341 1243 1623 1312 indicem
1651 1266 1809 1311 vero
1838 1246 2312 1316 vocabulorum

169 1350 256 1419 ad
299 1350 596 1419 modum
629 1350 890 1421 illorum
929 1353 998 1419 in
1037 1349 1182 1419 edd.
1225 1348 1681 1444 Delphinianis
1720 1355 2065 1444 congessit.
2100 1355 2317 1449 Atque

171 1460 270 1525 uti
315 1457 476 1527 haec
521 1471 776 1527 tantum
819 1456 1226 1526 eruditorum
1273 1456 1499 1525 usibus
1542 1457 1852 1542 inservit,
1895 1459 1983 1526 ita
2020 1485 2157 1528 non
2194 1460 2318 1530 illis

175 1560 400 1637 solum
433 1614 456 1648 ‚
472 1563 601 1633 sed
629 1577 698 1633 et
723 1563 1094 1656 junioribus
1133 1562 1651 1631 commodiorem
1685 1563 1927 1631 minori
1959 1581 2319 1661 apparatu,

177 1668 296 1737 sed
336 1692 514 1738 cura
553 1670 750 1739 etiam
793 1668 1059 1762 majori,
1095 1683 1414 1763 perpetua
1455 1668 1879 1737 adnotatione
1904 1685 1972 1738 et
1996 1672 2318 1742 indicibus

179 1775 564 1867 aptioribus
591 1776 976 1845 instructam
996 1774 1198 1843 edidit
1219 1776 1388 1870 Epp.
1411 1798 1564 1843 cum
1594 1771 1837 1865 Paneg.
1858 1777 1912 1843 J.
1948 1778 2041 1844 M.
2070 1774 2322 1847 Gesize-

180 1904 304 1947 rus
338 1882 456 1949 vir
501 1880 925 1975 exemplariS,
968 1882 1144 1974 Lips.
1192 1878 1406 1974 1739.
1440 1882 1661 1967 Quam
1705 1880 2007 1949 secundis
2043 1886 2323 1953 Gesneri

187 1987 372 2055 curis
405 2000 480 2055 et
514 1989 614 2055 Jo.
657 1990 826 2081 Aug.
855 1990 1139 2055 Ernesti
1153 1986 1340 2079 epist.
1385 1984 1469 2055 ad
1504 1987 1753 2079 ipsum,
1788 2009 1918 2077 qua
1958 1987 2149 2081 plura
2174 1986 2321 2061 loca

187 2088 344 2159 libri
385 2095 491 2179 X,
531 2095 702 2187 Epp.
738 2106 804 2161 et
846 2092 1086 2187 Paneg.
1126 2089 1230 2159 vel
1267 2093 1693 2187 corriguntur
1734 2090 1839 2158 vel
1880 2092 2326 2187 explicantur,

191 2199 566 2266 auctiorem
585 2198 766 2268 dedit
790 2197 966 2267 Guil.
991 2201 1158 2291 Aug.
1187 2200 1449 2266 Ernesti
1477 2220 1582 2265 an.
1621 2218 1645 2263 1
1667 2218 1837 2290 770.
1866 2199 1995 2268 Sed
2013 2216 2095 2269 et·
2110 2201 2326 2273 Gallia

196 2306 658 2374 recensionem
708 2308 875 2400 Epp.
911 2318 980 2374 et
1021 2303 1262 2399 Paneg.
1303 2303 1501 2373 debet
1524 2306 1562 2373 J
1564 2328 1625 2372 ο.
1672 2300 1819 2371 Nic.
1860 2306 2329 2379 zallemandzb

197 2408 284 2477 ab
327 2435 442 2480 an.
485 2414 680 2507 1749
725 2413 1028 2498 Parisiis,
1061 2412 1334 2505 repetita
1390 2435 1415 2480 1
1437 2409 1581 2506 755
1614 2420 1683 2474 et
1720 2409 1915 2506 1769
1938 2459 1960 2502 ‚
1998 2428 2065 2482 et
2101 2415 2327 2510 Angli-

202 2539 360 2584 cum
393 2515 811 2612 splendorem
853 2531 1074 2586 tuetur
1107 2518 1554 2611 Glasguenscls·
1586 2512 1953 2587 Foulisiana
2000 2543 2025 2588 1
2044 2518 2139 2615 75
2158 2546 2183 2591 1
2219 2549 2327 2618 ge-

205 2623 386 2690 mina
415 2626 486 2691 in
529 2627 574 2709 4
619 2638 687 2692 et
740 2649 847 2694 12.
897 2626 1191 2692 Minores
1235 2649 1371 2692 uon
1407 2644 1731 2693 curamus.

309 2731 706 2825 Panegyrici
755 2729 1031 2798 Pliniani
1091 2729 1286 2799 lectio
1343 2730 1755 2800 emendatior
1797 2728 1973 2800 facta
2026 2757 2106 2801 ex
2164 2735 2329 2804 Cod.

207 2835 594 2906 venerando
632 2836 986 2907 Christiani
1017 2835 1223 2905 Gottl.
1262 2836 1666 2923 Schwarzii,
1716 2835 1897 2904 Prof.
1942 2837 2178 2908 Altorf.
2221 2845 2333 2935 qui

209 2959 534 3034 praeterea
575 2966 731 3012 usus
768 2943 1132 3036 priscarum
1175 2941 1321 3010 edd.
1361 2941 1663 3011 subsidiis
1692 2941 2041 3037 spicilegia
2066 2947 2132 3012 V
2160 2947 2331 3016 obss.

213 3049 282 3115 in
337 3051 586 3142 Paneg.
639 3047 830 3117 Plinii
865 3047 948 3116 ad
993 3045 1262 3116 modum
1311 3047 1475 3140 disq.
1511 3048 1709 3116 Acad.
1755 3045 1958 3116 edidit
2012 3073 2035 3117 1
2056 3074 2206 3146 729
2228 3089 2336 3104 --·

227 3177 252 3222 1
272 3151 464 3250 735,
501 3179 584 3222 ex
616 3154 854 3248 quibus
883 3168 952 3222 et
991 3151 1252 3221 aliunde
1285 3151 1671 3222 emendatus
1708 3177 1743 3221 a
1781 3155 1886 3221 Jo.
1918 3155 2159 3224 Matth.
2196 3159 2334 3224 Ge-

213 3283 456 3346 snero,
506 3261 840 3354 Gottingae
891 3283 918 3330 1
937 3255 1120 3354 735,
1161 3257 1406 3353 prodiit
1449 3273 1665 3329 textus
1689 3314 1709 3347 ,
1752 3283 1902 3328 cum
1961 3262 2144 3354 praef.
2208 3287 2339 3357 qua

219 3379 520 3461 receptas
557 3391 678 3435 suo
718 3364 966 3459 judicio
1006 3362 1318 3434 lectiones
1357 3379 1596 3433 tuetur.
1638 3367 2031 3461 Supervenit
2070 3367 2219 3436 dein
2258 3394 2337 3438 ex

221 3473 486 3542 Batavis
519 3474 788 3542 Joannis
831 3476 1250 3542 Amtzenius
1265 3525 1286 3558 ,
1337 3473 1451 3564 qui
1492 3495 1717 3565 parem
1756 3474 1985 3541 Cortio
2022 3511 2056 3524 -
2084 3477 2343 3570 Longo-

225 3575 414 3649 lianae
481 3577 820 3648 industriae
877 3579 944 3646 in
987 3579 1156 3671 Epp.
1199 3577 1511 3646 adhibitae
1553 3601 1781 3647 curam
1812 3633 1831 3665 ‚
1885 3599 1971 3646 au
2016 3581 2333 3672 majorem

225 3687 420 3752 etiam
439 3737 460 3770 ,
513 3685 734 3778 posuit
771 3686 838 3752 in
875 3684 1278 3778 Panegyrico
1318 3681 1483 3750 Plin.
1530 3707 1584 3752 c.
1646 3709 1709 3752 n.
1744 3687 1935 3753 Varr.
1986 3685 2336 3757 Schwarzii

225 3813 488 3884 quoque
545 3804 614 3860 et
667 3791 800 3858 suis
853 3789 1272 3878 adornando,
1335 3803 1645 3858 caeterum
1699 3789 1983 3886 vulgatae
2044 3790 2339 3863 lectionis

229 3897 636 3990 recognitor,
683 3920 818 3964 non
871 3897 1012 3965 sine
1043 3895 1503 3992 superstitione
1544 3894 1759 3990 aliqua
1800 3897 2151 3968 modestus.
2194 3903 2341 3968 Jam

231 3999 448 4072 denuo
478 4003 804 4072 recensuit
847 4006 1186 4072 Gesner-us
1222 4013 1477 4070 textum·
1516 4003 1585 4070 in
1624 4000 1735 4071 illa
1776 4029 2053 4099 operum
2091 4005 2343 4074 Plinia-
