2857 4690
516 383 606 456 82
1236 387 1586 456 PLINII
1635 387 1828 454 Lm.
1884 385 2013 491 υς.

540 589 993 612 ΜΜΜἏ,

1272 587 2624 612 mmmnmmmmmmmfflu

1420 781 1741 871 XXV.

536 1013 626 1069 Ex
652 1009 852 1068 castris
877 1008 1215 1068 sollicitatus
1237 1008 1311 1066 de
1332 1007 1687 1067 carminibus
1703 1053 1720 1078 ,
1749 1008 2054 1067 missurum
2083 1028 2206 1068 esse
2232 1008 2396 1066 {inito
2423 1028 2621 1067 rerum

1322 1119 1482 1178 actu,
1509 1101 1836 1184 pollicetur.

1113 1288 1301 1356 (Conf.
1336 1305 1423 1361 ep.
1458 1288 1520 1341 18
1541 1325 1558 1350 ,
1587 1299 1640 1341 et
1663 1288 1805 1351 vn,
1833 1307 1919 1360 ep.
1954 1293 2037 1357 a.)

892 1491 955 1536 C.
1010 1489 1362 1536 PLINIUS
1412 1489 1944 1536 MAMILIANO
1995 1489 2154 1536 on
2205 1491 2259 1536 S.

607 1673 941 1762 Qunam*
956 1693 1025 1740 1s
1056 1669 1140 1738 de
1174 1669 1371 1738 turba
1396 1671 1834 1738 castrensium
1878 1671 2336 1764 negotiorum,
2369 1685 2465 1757 et,
2502 1685 2654 1740 tan-

509 1806 711 1877 quam
736 1805 999 1850 summo
1017 1781 1158 1849 otio
1176 1777 1519 1873 perfruare
1535 1833 1555 1866 ‚
1575 1778 1758 1848 lusus
1775 1794 1844 1849 et
1861 1780 2143 1872 ineptias
2169 1796 2432 1851 nostras
2455 1780 2656 1877 legiS‚

508 1917 723 1982 amaS‚
746 1892 1039 1988 flagitas,
1055 1914 1291 1985 meque
1310 1889 1397 1958 ad
1422 1888 1661 1959 similia
1691 1889 2035 1960 condenda
2063 1915 2198 1960 non
2226 1892 2658 1962 mediocriter

443 2031 471 2065 2
507 2005 766 2073 incitas,
796 2002 1058 2096 Incipio
1086 2003 1267 2068 enim
1296 2023 1375 2068 ex
1412 1999 1544 2069 hoc
1581 2024 1822 2096 genere
1855 2000 2230 2069 studiorum
2266 2026 2400 2070 non
2431 1999 2654 2070 solum

507 2112 1021 2183 oblectationem
1047 2164 1067 2198 ,
1106 2134 1341 2179 verum
1390 2111 1590 2179 etiam
1647 2107 1926 2204 gloriam
1971 2126 2227 2205 petere,
2267 2126 2420 2206 post
2459 2111 2658 2205 judi-

510 2223 703 2294 cium*
737 2239 963 2304 tuum,
1015 2222 1136 2289 viri
1196 2222 1602 2316 gravissimi,
1645 2219 2114 2306 eruditissimi,
2159 2245 2236 2290 ac
2280 2247 2483 2315 super
2526 2223 2658 2291 ista

444 2357 474 2411 3
511 2335 858 2405 verissimi.
898 2335 1099 2403 Nunc
1134 2357 1243 2401 me
1293 2356 1518 2400 rerum
1569 2345 1754 2400 actus
1793 2329 2087 2418 modice,
2125 2330 2236 2401 sed
2277 2345 2500 2402 tamen
2545 2330 2652 2400 di-

511 2447 778 2539 stringit
797 2470 814 2513 :
834 2469 969 2539 quo
996 2441 1187 2513 finito
1204 2442 1454 2537 aliquid
1475 2442 1862 2512 earumdem
1879 2446 2345 2513 Camoenarum
2365 2445 2434 2512 in
2449 2444 2654 2513 istum

510 2554 1063 2649 benignissimum
1112 2556 1331 2623 sinum
1382 2554 1669 2623 mittam.
1709 2558 1810 2623 Tu
1855 2552 2245 2657 passerculis
2280 2570 2346 2624 et
2391 2554 2652 2623 colum-

514 2664 687 2733 bulis
712 2666 955 2732 nostris
980 2665 1155 2731 inter
1176 2661 1431 2759 aquilas
1453 2678 1698 2733 vestras
1727 2662 1914 2732 dabis
1937 2688 2222 2757 pennas,
2247 2666 2302 2733 si
2333 2681 2558 2733 tamen
2587 2679 2655 2734 et

512 2774 640 2844 sibi
681 2787 748 2841 et
786 2774 906 2842 tibi
938 2772 1299 2868 placebunt
1332 2799 1350 2841 ε
1380 2774 1434 2842 si
1472 2788 1735 2843 tantum
1779 2775 1940 2867 sibi,
1979 2776 2417 2845 continendos
2449 2801 2652 2847 cavea

454 2952 483 2969 ,
516 2885 758 2955 nidove
796 2884 1083 2955 curabis.
1114 2882 1300 2955 Vale.

586 3086 758 3140 XXV.
778 3106 806 3139 2
816 3126 828 3138 .
844 3091 963 3137 Post
962 3086 1524 3154 judicium....verissimi
1523 3122 1536 3135 .

516 3168 640 3222 Hoec
676 3163 1026 3240 appendicula
1060 3176 1112 3215 et
1148 3154 1363 3233 propter
1393 3162 1537 3215 ordi·

514 3266 641 3303 nem
654 3284 670 3311 ,
685 3246 778 3320 qui
795 3242 997 3318 periodi
1014 3242 1424 3297 concinnitatem
1443 3244 1538 3295 tol-

518 3326 579 3381 lit
592 3366 607 3392 ,
628 3339 680 3380 et
698 3337 915 3399 propter
938 3338 1151 3377 aeneum
1176 3320 1310 3373 mihi
1330 3338 1538 3394 παφα·

518 3406 698 3477 aliquo
744 3405 903 3459 modo
948 3404 1137 3475 frigere
1182 3402 1294 3454 visa
1341 3411 1439 3454 est.
1465 3430 1537 3441 ‹—

518 3486 645 3538 Mox
676 3506 835 3537 rerum
864 3500 1003 3537 accus
1038 3482 1249 3554 negotia
1277 3480 1504 3535 forensia
1517 3517 1535 3544 ,

519 3582 823 3618 caussarum
848 3564 1079 3619 actiones
1102 3560 1247 3615 dicit.
1268 3562 1331 3614 E.
1346 3588 1417 3605 --
1433 3560 1534 3631 Ap-

518 3644 799 3715 pendicula
826 3644 914 3695 illa
934 3682 949 3708 ,
974 3660 1133 3713 quam
1163 3640 1432 3693 Emeatius
1458 3639 1535 3691 di·-

520 3722 595 3775 xit
609 3761 624 3785 ,
650 3734 850 3775 tantum
876 3723 1021 3775 abest
1035 3758 1051 3785 ,
1070 3732 1127 3773 ut
1147 3720 1330 3791 frigeat
1346 3757 1360 3782 ‚
1386 3729 1446 3771 ut
1464 3717 1535 3772 ad

518 3820 729 3855 censum
750 3802 972 3852 maxime
992 3800 1280 3853 necessaria
1302 3799 1385 3851 sit.
1406 3800 1460 3853 S.

590 3879 641 3933 3.
667 3884 925 3931 Camoenas
951 3898 1071 3931 cum
1092 3879 1257 3950 poetis
1272 3877 1401 3930 dixit
1420 3879 1534 3949 ipsa

518 3960 772 4016 carmina.
793 3960 897 4011 En.
1063 4011 1075 4021 ,

588 4070 658 4080 --
672 4046 809 4089 Inter·
830 4042 1025 4105 aquilas
1041 4052 1243 4092 vestras.
1264 4040 1327 4089 In
1350 4038 1532 4090 castris

516 4132 753 4181 versatus
784 4116 1125 4171 Mamilianus
1140 4154 1155 4181 ,
1178 4118 1313 4171 inter
1334 4120 1531 4185 aquilas

1635 3102 1762 3157 ergo
1785 3098 1838 3137 et
1859 3086 2004 3154 signa
2027 3086 2293 3139 militaria.
2313 3084 2512 3139 Plinius
2531 3086 2654 3139 mit·-

1635 3165 1696 3217 tit
1717 3166 1852 3217 inter
1871 3166 2108 3219 carmina
2131 3165 2232 3218 alia
2257 3166 2416 3219 etiam
2443 3162 2648 3218 ludrica

1631 3244 1872 3315 quadam
1889 3283 1904 3308 ,
1935 3258 1988 3297 et
2005 3248 2201 3313 passeri
2213 3244 2513 3297 Catulliana
2525 3282 2544 3307 ‚
2559 3262 2652 3296 no·

1631 3335 1688 3377 to
1701 3362 1716 3387 ‚
1733 3322 1876 3395 qnod
1895 3322 2160 3395 hodieque
2178 3322 2390 3395 legitur,
2403 3322 2650 3389 carmini,

1631 3414 1790 3475 atque
1813 3406 2051 3455 columba·
2073 3402 2242 3455 Stellae
2257 3441 2274 3466 ,
2299 3402 2516 3473 aqualis
2539 3402 2651 3455 fere

1631 3482 1801 3537 Plinio
1823 3494 1986 3553 poetae
2011 3481 2100 3551 (de
2120 3500 2224 3555 qua
2255 3482 2483 3535 Martini.
2505 3483 2532 3534 Ι
2547 3522 2563 3547 ,
2583 3484 2618 3535 8
2633 3520 2648 3547 ,

1629 3576 1684 3616 et
1707 3562 1836 3627 vu,
1871 3560 1970 3625 133
2001 3563 2300 3634 Statimque
2341 3563 2472 3616 Sitv.
2500 3564 2556 3627 1,
2587 3582 2648 3626 2,

1639 3644 1788 3711 tom),
1799 3642 2001 3695 similia.
2019 3642 2270 3715 Alioquin
2284 3642 2444 3695 etiam
2461 3642 2645 3695 lascivi

1629 3740 1866 3794 passeres
1882 3760 1898 3786 ,
1921 3721 2177 3774 columba
2191 3722 2387 3775 Veneri
2413 3740 2573 3775 sacroe
2596 3736 2650 3775 et

1629 3818 1883 3855 venerea.
1918 3799 2045 3853 Vid.
2094 3800 2272 3853 Burm.
2327 3800 2397 3856 ad
2437 3800 2645 3854 Petron.

1629 3898 1749 3951 cap.
1766 3880 2034 3944 LXXXV,
2049 3900 2167 3951 pag.
2190 3894 2217 3939 4
2231 3884 2310 3935 18.
2329 3882 2504 3934 Potest
2518 3900 2650 3953 quo·

1629 3978 1733 4030 que
1761 3958 1904 4022 fieri,
1937 3972 1996 4011 ut
2027 3958 2122 4012 hos
2153 3960 2296 4031 ipsos
2329 3958 2506 4012 titulos
2532 3959 2650 4032 qui-

1629 4036 1850 4091 busdam
1867 4038 2052 4092 libellis
2066 4078 2082 4103 ,
2099 4038 2180 4093 vel
2192 4040 2430 4111 partibus
2443 4059 2645 4105 eorum,

1629 4115 1830 4171 dederit
1848 4116 2066 4171 Plinius.
2081 4116 2152 4171 G.
