2857 4690
478 388 629 476 430
983 389 1442 456 NOTITIA
1499 389 2082 486 LITERARIA

1148 547 1158 554 ’
1272 557 1788 628 AdLectorem.

581 739 668 806 In
712 733 1103 805 auctoribus
1130 733 1239 802 his
1245 732 1639 829 purgandis·
1659 787 1682 821 ,
1726 741 1946 804 amice
1973 736 2224 804 Lector
2240 788 2263 821 ‚
2287 735 2608 832 pactibus

472 847 600 928 usi,
630 865 773 935 qua
796 847 1097 936 scriptis,
1122 865 1265 934 qua
1278 842 1584 935 vulgatis·
1606 839 1984 926 codicibus,
2011 839 2359 912 brevitatis
2383 869 2608 914 causa

470 949 755 1043 sthguhs
786 971 1090 1042 quosque
1122 948 1333 1016 literis
1358 947 1816 1040 designamm.
1855 949 1990 1016 Est
2027 953 2242 1041 igitur
2273 953 2350 1018 V
2371 974 2604 1020 exem-

456 1057 689 1151 plaris
742 1060 1005 1148 signum
1028 1104 1049 1139 ,
1108 1053 1301 1147 quod
1332 1077 1558 1148 penes
1601 1076 1728 1122 nos
1763 1069 1870 1122 est
1915 1057 1988 1122 in
2035 1053 2437 1124 membrana
2481 1079 2606 1126 ex-

470 1177 743 1230 aratum
768 1213 789 1243 ‚
832 1175 1020 1229 notoe
1062 1159 1430 1230 admodum
1473 1159 1691 1228 bonoe.
1734 1163 1796 1228 B
1833 1159 2226 1255 apographi
2263 1165 2610 1235 Bertinen-

468 1271 566 1337 sis
590 1321 613 1356 ,
662 1270 1025 1338 Franci-sci
1052 1263 1263 1334 Modii
1270 1265 1456 1354 fide.
1494 1268 1555 1334 L
1589 1279 1890 1335 veterum
1935 1265 2338 1338 schedarum
2353 1321 2376 1354 ,
2427 1295 2610 1364 quas

473 1375 900 1446 doctissimus
967 1375 1120 1444 Car.
1184 1372 1476 1466 Langius
1534 1371 1640 1440 ad
1685 1370 2193 1444 Frobenianam
2249 1375 2634 1447 lectionem.

467 1481 867 1550 contulerat.
926 1479 984 1548 C
1026 1475 1340 1546 editionis
1396 1478 1782 1571 Cuspiniani
1807 1530 1826 1562 ,
1889 1501 2048 1571 quoe
2099 1481 2169 1547 V
2165 1483 2389 1550 lenna?
2436 1507 2606 1578 pro-

468 1587 600 1656 diit
615 1639 638 1674 ,
675 1587 1059 1668 MDXJJJ,
1082 1607 1301 1678 quam.
1330 1583 1852 1652 blananissimus
1883 1587 2119 1653 Ju‘stus
2150 1585 2415 1678 Lipsius
2443 1613 2606 1685 sup·

456 1692 815 1790 peditavit.
872 1695 934 1760 R
982 1694 1190 1762 Beati
1234 1689 1538 1758 Rhenani
1559 1742 1582 1776 ,
1629 1714 1836 1784 quam
1881 1689 2258 1762 Frobem‘us
2304 1697 2604 1766 excudit.

319 1825 336 1832 “
479 1801 543 1869 G
580 1798 1055 1894 Lugdunensis
1072 1849 1095 1883 ,
1138 1819 1279 1865 non
1322 1802 1522 1866 umas
1565 1801 1739 1864 atini
1753 1849 1776 1882 ,
1823 1811 1895 1864 et
1932 1799 2365 1894 typographi.
2425 1805 2605 1872 Pro·

470 1905 737 1978 dcerunt
777 1920 844 1973 et
883 1901 1057 1974 alibi
1075 1955 1097 1989 ,
1137 1901 1266 1974 sed
1296 1927 1472 1998 quos
1502 1925 1735 2001 operae
1754 1908 2054 1998 pretium
2103 1927 2242 1972 non
2280 1911 2376 1975 sit
2403 1933 2606 1978 excu-

472 2028 631 2080 tere.
669 2015 829 2080 Hoc
872 2026 941 2079 te
967 2015 1141 2080 scire
1177 2011 1371 2078 volui
1388 2061 1409 2094 ‚
1459 2013 1680 2078 amice
1713 2012 1991 2096 Lector,·
2022 2023 2096 2077 tu
2133 2014 2396 2083 interea
2417 2015 2608 2084 salve

470 2134 543 2187 et
614 2142 739 2186 ave
766 2113 791 2187 !
1465 2108 1478 2124 ⁰

550 2117 806 2293 (600.
829 2223 1226 2317 Aatverpiae
1237 2274 1265 2306 ,
1311 2245 1391 2290 ex
1422 2220 1689 2290 officina
1718 2215 2150 2290 Plautiniana.
2182 2226 2366 2294 lusti
2395 2228 2613 2322 Lipsii

476 2324 1064 2400 Dissertatiuncula
1104 2325 1281 2423 apud
1324 2328 1712 2423 Principes:
1756 2329 1910 2398 item
1959 2331 2034 2400 C.
2078 2329 2270 2401 Plinii
2309 2333 2606 2429 Panegy-

475 2440 647 2506 ricus
688 2435 855 2504 liber
888 2434 1173 2527 Trajano
1208 2433 1466 2522 dictus,
1505 2459 1658 2503 cum
1696 2434 1988 2529 ejusdem
2032 2440 2233 2535 Lipsii
2281 2456 2606 2535 perpetuo

473 2554 967 2612 commentario.
1120 2595 1126 2603 .

596 2645 812 2718 1600.
837 2640 1185 2735 (Genevoe)
1223 2647 1293 2730 4.
1326 2668 1431 2740 ap.
1461 2645 1740 2717 Paulum
1767 2648 2195 2743 Stephanum.
2217 2650 2408 2719 Plinii
2431 2653 2602 2746 Epp.

477 2778 629 2822 cum
672 2752 1087 2848 Panegyricis
1128 2753 1399 2822 Latinis,
1426 2794 1533 2803 —
1555 2754 1664 2822 Sic
1700 2767 1800 2822 est
1837 2755 1901 2821 in
1940 2758 2087 2826 Cat.
2116 2755 2279 2825 Bibl.
2309 2756 2606 2827 Thuanae

477 2886 606 2929 rec.
650 2858 1012 2953 Hamburg.
1046 2882 1193 2953 pag.
1246 2853 1391 2928 252
1438 2872 1506 2927 et
1552 2855 1721 2929 255.
1753 2858 2004 2930 Eadem
2037 2861 2238 2932 credo
2276 2887 2430 2932 cum
2469 2888 2604 2957 seq.

593 2964 809 3036 1601.
852 2961 897 3052 (
925 2958 1273 3051 Genevae)
1326 2968 1392 3049 4.
1451 2966 1520 3035 C.
1562 2967 1777 3034 Plinii
1808 2968 2276 3065 Epistolarum
2321 2968 2482 3038 libri
2513 2972 2602 3041 X.

475 3072 801 3164 Iijasdem
825 3075 1291 3166 Panegyricus
1336 3070 1642 3162 Trajano
1672 3070 1896 3141 dictus
1929 3098 2080 3143 cum
2104 3081 2606 3145 commentariis
2747 3075 2760 3095 ⁹
2828 3059 2839 3073 ’¹

473 3184 575 3249 Jo.
618 3182 873 3249 Mariae
916 3181 1239 3247 Catanoei
1260 3232 1281 3265 ,
1323 3181 1460 3247 viri
1489 3176 1879 3249 doctissimi.
1916 3180 2259 3273 Acijttncti
2289 3198 2450 3250 sunt
2483 3182 2612 3251 alii

478 3287 582 3357 ad
618 3286 795 3355 alios
842 3288 1154 3354 Caesares
1194 3288 1611 3377 Panegyrici
1629 3336 1652 3369 ,
1697 3284 1801 3353 ad
1829 3286 2043 3378 fidem
2087 3292 2342 3357 vetusti
2368 3312 2602 3356 exem-

467 3394 693 3491 plaris
747 3390 1105 3460 emendati.
1159 3390 1229 3457 E
1226 3388 1578 3459 xcudebat
1649 3392 1914 3460 Paulus
1960 3394 2364 3488 Stephanus.
2381 3396 2605 3461 —lta

476 3498 650 3595 apud
682 3500 757 3567 C.
795 3499 875 3567 G.
908 3496 1375 3569 Schwarzium
1412 3498 1481 3564 in
1523 3496 1746 3565 Indice
1779 3498 1846 3565 ΙΙ
1873 3520 2046 3566 varr.
2083 3498 2228 3568 edd.
2261 3502 2325 3567 in
2364 3501 2601 3593 Paneg.

475 3605 665 3675 Plinii
689 3628 835 3698 pag.
862 3606 1036 3699 744,
1068 3602 1180 3671 ubi
1208 3602 1391 3697 praef.
1415 3604 1484 3671 P.
1517 3602 1834 3697 Stephani
1866 3603 2305 3700 fragmentum
2345 3603 2605 3699 legitur.

478 3714 560 3781 In
594 3710 941 3805 perpaucis
976 3708 1137 3779 locis
1180 3706 1373 3778 lectio
1406 3708 1607 3803 hujus
1640 3700 1940 3779 editionis
1975 3711 2223 3780 recedit
2263 3734 2301 3780 a
2333 3709 2606 3780 lectione

479 3817 781 3887 editionis
816 3817 1109 3886 Catanaei
1148 3838 1205 3882 a.
1257 3839 1279 3884 1
1303 3811 1344 3885 5
1364 3838 1490 3901 ¹03
1525 3839 1724 3909 quam
1754 3815 2020 3910 quidem
2053 3830 2122 3885 et
2143 3818 2606 3887 Ascensianam

496 3920 723 4007 1533,
755 3936 823 3993 et
857 3920 1272 3992 Basiliensem
1323 3946 1348 3991 1
1369 3919 1552 4009 552,
1595 3919 1967 3991 contulerat
1993 3924 2276 3993 maxime
2311 3924 2376 3993 in
2419 3926 2612 3995 Pane-

479 4031 722 4126 gyric0.
