2857 4690
498 357 593 431 90
1120 332 1198 401 c,
1252 333 1598 405 PLINII
1649 333 1838 402 Lm.
1888 333 2022 401 lx,

432 475 461 530 5
500 457 701 528 modo
730 457 957 550 possis.
990 455 1214 524 Tertia
1243 455 1523 550 epistola
1549 457 1965 544 continebat,
1987 479 2129 526 esse
2150 455 2274 525 tibi
2302 455 2632 526 redditam

498 568 869 638 orationem
925 591 1049 660 pro
1100 565 1363 654 Clario,
1388 591 1682 662 ,eamque
1722 569 1930 637 visam
1976 567 2389 653 uberiorem,
2425 591 2632 661 quam

498 677 761 748 dicente
794 701 938 763 me,
972 675 1284 746 audiente
1316 692 1416 766 te,
1448 677 1670 748 fuerit.
1706 679 1825 746 Est
1855 677 2126 746 uberior
2157 703 2171 744 :
2207 675 2414 746 multa
2447 679 2632 746 enim

495 804 725 883 postea
770 788 1039 856 inserui.
1084 787 1373 881 Adjicis‚
1411 786 1572 856 alias
1612 802 1679 856 te
1725 785 1949 856 literas
1989 789 2315 856 curiosius
2351 787 2638 880 scriptas

494 901 749 972 misisse
783 927 798 966 :
832 923 919 966 an
968 900 1370 992 acceperim,
1407 900 1648 994 quaeris
1689 923 1705 968 ε
1743 923 1882 967 ιιοιι
1923 898 2185 992 accepi,
2223 912 2288 965 et
2328 898 2636 992 accipere

495 1013 727 1107 gestioL
765 1010 1055 1079 Proinde
1097 1011 1312 1104 prima
1352 1033 1618 1104 quaque
1655 1011 2002 1080 occasione
2037 1010 2228 1078 mitte
2247 1061 2266 1094 ,
2309 1008 2634 1102 appositis

496 1120 766 1217 quidem
812 1122 1058 1204 usuriS,
1098 1145 1261 1216 quas
1290 1144 1415 1214 ego
1455 1122 1648 1216 (num
1687 1122 1952 1215 parcius
1987 1143 2252 1214 possum
2269 1117 2326 1214 Ρ)
2359 1119 2638 1187 centesi-

493 1256 638 1301 mas
682 1231 1107 1325 computabo.
1141 1231 1329 1300 Vale.

494 1447 601 1487 tem
618 1431 848 1504 epistola
865 1431 1090 1504 virginii
1114 1430 1357 1486 Romani.
1382 1429 1516 1487 Seri-
1681 1461 1756 1472 -
1779 1435 2072 1484 centesimas
2095 1432 2410 1498 computabo.
2445 1428 2640 1482 Unum

493 1525 667 1586 pserat
679 1512 789 1577 ille,
804 1533 855 1564 se
868 1516 1169 1564 evolaturum
1182 1510 1251 1564 ad
1264 1510 1511 1564 Plinium.
1611 1512 1849 1565 maxima:
1865 1549 1881 1576 ,
1905 1527 2042 1563 unus
2065 1509 2132 1562 de
2155 1519 2366 1562 centum
2385 1509 2442 1560 in
2458 1508 2641 1578 singu-

494 1591 624 1658 Hic,
654 1611 710 1646 se
732 1593 847 1664 jam
874 1590 1081 1644 vincula
1108 1591 1153 1643 ei
1181 1603 1235 1643 et
1262 1594 1514 1659 compedes
1611 1592 1691 1645 los
1717 1609 1954 1655 menses,
1988 1589 2228 1662 adeoque
2247 1626 2262 1652 ,
2291 1601 2352 1640 ut
2383 1605 2531 1640 nunc
2555 1585 2640 1639 lo-

494 1687 705 1733 nectere,
726 1673 830 1724 hoc
864 1683 947 1724 est
963 1710 978 1736 ,
1012 1669 1305 1742 excogitare
1338 1671 1514 1723 varias
1611 1673 1848 1743 quimur,
1883 1676 1990 1722 ΧΠ
2013 1689 2110 1738 per
2141 1682 2334 1722 centum
2354 1688 2374 1719 .·
2391 1665 2490 1720 ned
2523 1685 2639 1719 non

494 1769 726 1816 caussas,
744 1751 927 1816 serias,
942 1754 1175 1824 jocosas,
1194 1751 1512 1822 voluptates,
1611 1751 1824 1824 parcius
1843 1761 2016 1822 poten
2039 1749 2294 1802 aestimare
2312 1747 2518 1800 Plinius
2546 1745 2641 1798 da·

493 1833 732 1903 negotia,
776 1833 971 1905 quibus
1016 1830 1277 1902 hospitem
1318 1831 1392 1883 ita
1424 1849 1514 1883 ca·
1611 1848 1826 1893 ninum,
1850 1827 1994 1900 quod
2031 1829 2156 1882 facit
2183 1845 2244 1881 ex
2271 1825 2575 1880 dilatione
2553 1843 2641 1898 Ju-

492 1929 613 1964 rum
638 1930 799 1984 quam
820 1909 1115 1966 diutissime
1138 1909 1279 1984 apud
1307 1929 1361 1964 se
1388 1911 1514 1964 reti·
1611 1908 1895 1964 mudnatis
1921 1921 2140 1982 sperata
2167 1925 2231 1965 ex
2255 1906 2422 1960 literis
2444 1904 2605 1958 amici
2620 1941 2637 1967 ‚

492 2003 632 2044 neat.
654 1992 721 2046 G.
1611 1991 1794 2062 itaque
1821 2005 2244 2058 computatur-mn,
2268 1987 2374 2040 hoc
2405 1985 2642 2051 etnim·

565 2072 616 2124 5.
630 2075 794 2123 Clario
812 2068 1087 2139 nonnulli,
1106 2075 1160 2124 C.
1177 2075 1351 2124 Lanio.
1368 2069 1514 2124 Nihil
1609 2083 1918 2143 putaturum
1937 2081 1988 2123 et
2005 2067 2226 2140 proinde
2252 2077 2564 2120 exacturum
2581 2083 2640 2116 se

492 2149 686 2203 scimus
700 2149 767 2204 de
780 2149 884 2203 hac
902 2151 1141 2204 oratione
1156 2163 1207 2204 et
1220 2149 1289 2203 de
1301 2153 1404 2205 hoc
1418 2150 1514 2203 ho·
1611 2149 1741 2203 dicit
1769 2165 1958 2203 usuras
1973 2187 1988 2214 ,
2013 2165 2128 2220 quae
2150 2146 2385 2200 maximae
2411 2156 2536 2198 sunt
2560 2143 2642 2195 in·

493 2229 655 2284 mine.
676 2231 781 2283 En.
1611 2243 1691 2283 ter
1709 2230 1990 2301 legitimae.
2019 2228 2089 2281 G.

492 2438 831 2462 mm*
836 2438 1169 2461 mm
1172 2436 2150 2461 mmzwmmmmss
2153 2434 2360 2455 §mm
2365 2434 2614 2453 mu
2619 2434 2640 2450 ἱ

1366 2643 1764 2731 XXIX.

550 2888 791 2957 Diffisus
814 2885 1159 2967 perfectioni
1180 2886 1243 2944 in
1266 2904 1387 2943 uno
1406 2882 1704 2943 scribendi
1727 2902 1938 2962 genere
1953 2926 1969 2957 ,
1993 2902 2058 2943 se
2075 2884 2242 2943 vario
2255 2926 2272 2955 ,
2297 2880 2590 2942 merenda

1200 2982 1387 3041 veniae
1416 3002 1648 3055 caussa,
1681 2992 1929 3044 exercet.

938 3192 996 3239 c.
1051 3193 1403 3239 mamus
1453 3192 1822 3239 nus‘rico
1861 3168 1890 3199 ²*
1924 3192 2098 3239 suo.
2140 3190 2192 3237 s.

601 3377 721 3444 UT
760 3372 1002 3457 satius,
1046 3394 1259 3439 unum
1298 3368 1550 3463 aliquid
1591 3370 1972 3465 insigniter,
2007 3394 2210 3463 quam
2239 3366 2458 3435 facere
2487 3366 2648 3461 plu-

506 3488 677 3555 rima
705 3482 1160 3568 mediocritei-3
1206 3483 1297 3549 ita
1334 3480 1624 3575 plurima
1662 3480 2120 3567 mediocriter,
2163 3481 2216 3548 si
2263 3503 2398 3547 non
2437 3477 2650 3571 possis

506 3618 719 3665 unum
760 3593 1011 3690 aliquid
1064 3593 1438 3687 insigniter.
1503 3592 1704 3680 Quod
1757 3594 2024 3659 intuens
2076 3616 2238 3685 egn,
2297 3587 2499 3655 variis
2537 3610 2649 3654 me

444 3734 472 3768 ²
506 3708 881 3777 studiorum
902 3705 1289 3799 generibus,
1308 3700 1474 3771 nulli
1493 3705 1648 3771 satis
1665 3702 1958 3773 confisus
1972 3755 1990 3785 ‚
2010 3703 2334 3796 experior.
2357 3697 2654 3767 Proinde

510 3908 707 3963 xxlx.
709 3908 735 3935 *
752 3911 963 3959 Rus-tim
988 3906 1183 3957 Putant
1202 3904 1362 3956 fuisse
1382 3906 1530 3955 Anti
1627 3904 2105 3977 eloquentissimum
2126 3903 2410 3957 recentium
2433 3899 2654 3951 histori-

516 3994 597 4042 stii
609 3992 795 4041 Rustici
818 3987 1020 4047 filium,
1040 4004 1197 4056 quem
1220 3984 1450 4037 Martial.
1476 3982 1531 4035 in
1629 3994 1780 4039 cum,
1826 3974 2008 4028 laudat
2027 3976 2074 4023 Τ
2077 3974 2198 4027 icit.
2243 3980 2366 4045 Agr.
2413 3992 2496 4025 ιο.
2541 3972 2656 4027 Sub

514 4068 847 4142 Cappadocia
864 4066 1081 4137 periisse
1100 4077 1295 4116 ωτι-,ιιι
1328 4064 1532 4115 Occur-
1630 4015 1886 4109 ‘ribei-io
1872 4076 1925 4108 ιιι
1953 4068 2133 4109 senatu
2161 4054 2261 4107 fuit
2287 4058 2461 4105 Jnm‘us
2493 4055 2656 4104 Rusti-

514 4162 637 4205 runt
656 4160 707 4202 et
726 4146 813 4202 alii
828 4148 1028 4199 Raeucici.
1046 4146 1251 4197 Fabium
1265 4146 1532 4203 Rusticum,
1632 4156 1735 4191 cus.
1755 4137 1940 4201 Idem,
1960 4137 2102 4189 Aun.
2122 4134 2196 4202 V,
2226 4142 2276 4200 4.
2302 4136 2409 4188 En.
