2857 4690
804 349 1309 418 PANEGYR.
1363 353 1580 419 cAP.
1633 352 1819 418 Lvl.
2127 371 2138 380 ·
2229 348 2365 445 327

250 473 395 554 lire,
414 471 521 540 vel
549 471 937 566 praetervehi
968 470 1245 541 debeat?
1271 473 1454 567 quod
1473 462 1888 541 momentum
1906 525 1925 559 ‚
1955 470 2136 564 quod
2162 472 2368 538 immo

248 582 565 676 temporis
631 587 953 675 punctum
974 634 994 667 ,
1043 596 1159 650 aut
1214 582 1539 651 beneficio
1587 582 1810 652 sterile
1837 635 1856 670 ,
1915 596 2034 649 aut
2085 605 2365 650 vacuum

244 691 437 760 laude
465 690 497 759 ἱ)
529 715 755 760 nonne
789 691 1014 760 omnia
1062 691 1420 784 ejusmodi,
1465 708 1544 762 ut
1583 695 1640 762 is
1678 693 1929 787 optime
1966 706 2030 760 te
2068 690 2368 760 laudasse
2437 696 2443 706 '

242 803 584 888 videatur,
625 803 739 897 qui
791 804 1161 872 narraverit
1200 801 1638 873 fidelissime?
1681 827 1816 896 quo
1874 801 1984 889 fit,
2027 788 2102 870 ut
2157 824 2368 895 prope

242 915 309 980 in
360 915 766 982 immensum
818 913 1236 983 diffundatur
1296 916 1512 984 oratio
1577 939 1724 983 mea
1765 939 1780 982 :
1829 928 1896 982 et
1952 913 2236 982 necdum
2287 911 2368 980 de

237 1024 518 1092 biennio
573 1023 832 1118 loquor.
872 1025 1095 1114 Quam
1148 1023 1359 1095 multa
1412 1026 1550 1094 dixi
1605 1024 1686 1094 de
1753 1023 2208 1092 moderatione
2229 1075 2250 1105 ‚
2303 1035 2368 1090 et
2405 1029 2436 1083 3

236 1150 495 1228 quanto
539 1134 734 1228 plura
784 1133 1005 1204 adhuc
1061 1131 1351 1204 restant!
1409 1149 1486 1204 ut
1535 1133 1742 1219 illud,
1780 1133 1963 1227 quod
2003 1131 2369 1200 secundum

236 1243 661 1313 consulatum
708 1245 1058 1339 recepisti,
1112 1247 1270 1340 quia
1318 1245 1629 1339 princeps
1667 1258 1730 1312 et
1781 1258 1973 1337 pater
2013 1241 2368 1311 deferebat.

244 1357 328 1422 At
360 1369 721 1448 postquam
762 1352 846 1424 ad
886 1369 953 1424 te
989 1355 1244 1448 imperii
1296 1378 1623 1423 summam
1645 1408 1665 1441 ‚
1703 1368 1772 1422 et
1805 1379 2015 1448 quum
2066 1352 2367 1421 omnium

237 1487 503 1550 rerum,
540 1478 683 1532 tum
718 1466 920 1534 etiam
962 1466 1060 1532 tui
1104 1477 1498 1558 potestatem
1537 1463 1630 1532 dii
1661 1461 2192 1547 transtulerunt,
2229 1476 2370 1528 ter-

238 1576 405 1642 tium
435 1573 857 1643 consulatum
894 1575 1251 1658 recusasti,
1284 1589 1492 1666 quum
1525 1597 1723 1666 agere
1770 1586 1902 1640 tam
1933 1572 2184 1640 bonum
2214 1594 2369 1638 con·

238 1682 453 1752 sulem
502 1707 745 1777 posses.
784 1687 1111 1778 Magnum
1149 1698 1279 1768 est,
1318 1682 1586 1752 differre
1639 1681 2006 1764 honorem;
2043 1679 2322 1776 gloriam
2347 1733 2366 1762 ‚
2404 1711 2437 1768 4

234 1795 473 1886 majus.
514 1796 795 1862 Gestum
856 1793 1275 1862 consulatum
1333 1793 1586 1872 mirer,
1639 1816 1726 1860 an
1791 1817 1928 1860 non
1973 1788 2369 1884 receptum?

236 1917 499 1994 gestum
537 1927 675 1970 non
716 1903 785 1970 in
820 1902 949 1971 hoc
1000 1901 1185 1970 urbis
1220 1903 1382 1984 oti0‚
1424 1915 1494 1968 et
1535 1903 1772 1970 intimo
1807 1904 1956 1968 sinu
1994 1901 2212 1993 pacis;
2255 1899 2363 1968 sed

230 2011 424 2101 juxta
460 2009 775 2080 barbaras
812 2024 1081 2106 gentes:
1114 2025 1189 2080 ut
1218 2008 1313 2079 illi
1354 2008 1694 2094 solebant,
1726 2009 1968 2104 quibus
1997 2023 2142 2077 erat
2165 2011 2368 2076 moris

236 2119 715 2212 paludamento
757 2137 1015 2190 mutare
1054 2134 1441 2216 praetextam
1465 2173 1484 2206 ‚
1531 2122 1923 2214 ignotasque
1981 2135 2189 2188 terras
2227 2121 2365 2187 vic-

238 2231 409 2298 toria
452 2231 659 2324 sequi.
701 2228 1065 2300 Pulchrum
1099 2229 1415 2324 imperio,
1447 2228 1806 2324 gloriosum
1855 2229 1972 2296 tibi
1996 2282 2015 2315 ,
2055 2253 2262 2321 quum
2301 2243 2365 2296 te
2403 2255 2434 2306 5

237 2339 398 2407 socii
440 2356 643 2434 atque
668 2341 897 2428 amici,
924 2364 1039 2410 sua
1068 2341 1138 2409 in
1168 2341 1382 2435 patria
1402 2394 1421 2425 ‚
1460 2342 1595 2409 suis
1631 2341 1700 2407 in
1730 2338 1996 2408 sedibus
2027 2338 2358 2407 adierunt.

239 2452 500 2518 Decora
535 2450 733 2519 facies
782 2450 1109 2520 consulis:
1144 2450 1348 2519 multa
1382 2450 1804 2545 postesaecula
1847 2448 2138 2519 tribunal
2169 2450 2364 2519 viridi
2401 2481 2434 2531 6

304 2680 931 2734 —Nonneomnae'a-Arntz.
954 2700 1053 2732 non
1068 2683 1255 2734 omnia.
1349 2698 1609 2733 recusare.
1637 2682 1750 2733 Hoc
1769 2682 1940 2735 statim
1965 2681 2168 2735 Plinius
2185 2681 2360 2734 addit:

236 2754 339 2809 sed
377 2778 443 2807 ne
483 2770 609 2811 ante
642 2760 883 2813 vocalem
933 2759 1085 2813 facile
1124 2762 1262 2813 inter
1350 2766 1712 2828 Magnum-esc,
1741 2764 1921 2815 etc.E.

236 2836 519 2890 dictantem
563 2850 617 2891 et
650 2840 959 2892 scribentem
991 2839 1165 2911 periit.
1194 2840 1258 2892 G.
1419 2846 1471 2902 4.
1501 2844 1698 2891 Gestum
1723 2860 1821 2893 non
1851 2847 1902 2891 in
1930 2844 2038 2892 hoc.
2068 2842 2152 2893 Sic
2169 2839 2367 2892 invenit

304 2946 375 2957 —-
400 2922 477 2967 De
512 2920 723 2969 biennio.
747 2920 983 2991 Tempus
1008 2922 1094 2972 vel
1134 2918 1258 2971 hinc
1345 2917 1401 2967 in
1428 2919 1586 2971 bonis
1618 2919 1760 2973 libris
1802 2921 1963 2973 celeb.
1995 2918 2319 2972 Schwarzius
2348 2938 2360 2971 :

244 2996 403 3067 liquet
454 2996 765 3049 consulatus
808 2996 963 3050 Plinii
1013 3010 1065 3050 et
1110 2998 1258 3051 editae
1344 2996 1435 3047 alii
1458 3012 1638 3065 gestus.
1660 2998 1730 3049 G.

236 3074 505 3127 orationis.
526 3074 627 3127 En.
1412 3080 1848 3127 —aPaeudameneo
1859 3090 2360 3143 mutareproeeexcam.

306 3154 356 3207 3.
376 3156 669 3207 secundum.
704 3156 840 3209 Nam
870 3155 1102 3228 primum
1130 3174 1257 3210 con-

238 3232 463 3287 sulatum
479 3236 579 3287 sub
590 3236 893 3289 Domitiano
912 3238 1088 3308 gessit,
1105 3237 1261 3289 colle-

234 3331 299 3383 ga
316 3314 395 3366 M.
414 3314 587 3366 Acilio
609 3314 919 3380 Glabrione,
943 3334 1086 3369 anno
1112 3316 1257 3369 urbis

238 3394 369 3456 8433
395 3405 447 3445 et
464 3392 613 3447 hunc
634 3393 923 3448 secundnm
941 3435 956 3460 ,
978 3396 1255 3469 adoptatus

238 3490 266 3524 a
284 3472 459 3525 Nerva
478 3510 493 3535 ,
515 3474 638 3527 850.
662 3474 761 3526 En.

300 3580 369 3591 -·
390 3554 551 3617 Quum
570 3572 739 3621 agere.
760 3590 775 3603 .
796 3590 809 3603 .
832 3590 845 3603 .
852 3572 1031 3613 posses.
1050 3556 1255 3607 Nervus

240 3630 503 3683 sententia
522 3668 539 3693 ,
575 3650 691 3702 quae
728 3632 837 3685 sine
863 3652 927 3685 eo
952 3632 1107 3686 valde
1145 3634 1254 3687 lan-

234 3720 413 3779 gnenet
436 3746 453 3771 ,
484 3721 562 3763 cst
594 3710 651 3762 in
682 3710 772 3762 illo
784 3732 955 3780 posses
970 3750 987 3775 ,
1007 3712 1111 3767 hoc
1137 3724 1215 3765 est
1232 3750 1247 3777 ,

232 3807 395 3857 quum
402 3788 519 3861 jam
528 3788 583 3840 in
598 3800 689 3842 tua
702 3786 959 3863 potestate
972 3804 1023 3844 et
1036 3792 1251 3845 arbitrio

234 3880 363 3921 esset
392 3907 409 3933 ,
462 3868 615 3921 tertio
660 3870 937 3923 consulatu
980 3872 1249 3924 consulem

234 3966 416 4017 agere,
442 3960 623 4001 tamen
660 3950 931 4003 recusasti.
962 3950 1079 4003 Hoc
1110 3952 1251 4003 enim

234 4044 447 4080 zummoe
466 4040 547 4079 est
566 4026 939 4083 moderationis
958 4068 973 4092 ,
992 4030 1247 4084 honorem

234 4116 279 4155 et
310 4106 535 4175 gloriam
559 4143 578 4170 ,
614 4124 719 4178 qua
749 4106 851 4159 frui
882 4109 1079 4180 possis,
1114 4110 1250 4161 ultro

1340 3154 1524 3209 Statim
1555 3167 1673 3227 post
1702 3170 2001 3225 pra-textam
2035 3154 2362 3208 consularem

1342 3246 1603 3306 sumptam
1642 3236 1857 3289 induere
1903 3238 2312 3305 paludamentum
2344 3270 2360 3296 ‚

1341 3318 1740 3387 Imperatoriam
1763 3329 1974 3369 vestem.
1996 3314 2064 3365 G.

1410 3403 1683 3465 —Ignotas
1707 3400 1878 3447 ten-²15.
1900 3391 2240 3445 Germaniam
2261 3390 2364 3443 Ita·

1339 3476 1419 3527 lia
1447 3476 1746 3547 contiguam
1766 3513 1781 3537 ,
1810 3472 1902 3525 diu
1929 3473 2178 3543 ignotam.
2201 3470 2304 3521 En.

1410 3560 1464 3608 6.
1489 3562 1682 3607 Decora
1695 3553 1861 3623 facies
1874 3591 1890 3611 ,
1925 3563 2020 3602 etc.
2054 3550 2138 3600 Al.
2167 3554 2360 3599 Decora

1322 3636 1492 3703 facies
1512 3640 1534 3684 !
1559 3635 1775 3683 Consulis
1791 3634 1944 3680 ,melea
1961 3668 1976 3692 ,
1999 3640 2095 3681 etc.
2116 3628 2360 3679 Placebat

1338 3712 1393 3764 id
1420 3711 1678 3764 Ernestio.
1711 3736 1732 3755 ·
1748 3710 1826 3761 Ita
1851 3728 1958 3761 non
1985 3707 2253 3770 dubitavi,
2283 3707 2359 3758 in-

1338 3794 1456 3863 quit
1485 3830 1500 3855 ,
1539 3808 1662 3843 cum
1703 3789 1996 3844 Schwmio
2039 3801 2091 3841 et
2127 3786 2358 3857 Gierigio

1336 3872 1599 3943 refingere
1637 3870 1900 3939 vulgatam
1935 3868 2210 3921 lectionem
2239 3884 2356 3937 quae

1336 3950 1686 4023 conjungebat
1705 3948 1846 4001 haec:
1871 3952 2223 4017 Decorafacies
2245 3964 2358 3996 con-

1337 4034 1488 4081 sulis!
1507 4028 1730 4081 Canssas
1762 4028 1904 4079 illius
1929 4026 2230 4079 mutationis
2258 4024 2352 4075 ad-

1338 4112 1510 4161 ferunt
1537 4106 1668 4160 (luas
1693 4127 1704 4159 :
1745 4108 1794 4158 ι’
1824 4109 1944 4181 quia
1965 4111 2156 4175 facies,
2187 4106 2354 4157 forma
