2857 4690
548 345 688 428 204
1172 344 1253 414 C.
1308 346 1656 418 PLINII
1714 347 1906 417 LIB.
1953 348 2040 416 X.

1463 705 1742 797 CIII.

542 912 713 971 Diem
738 911 967 990 imperii
986 912 1239 991 suscepti
1260 915 1654 974 anniversario
1681 915 1798 973 ritu
1821 911 2178 974 celebramm
2199 933 2324 974 esse
2347 916 2676 974 annuntiat.

982 1104 1046 1152 C·
1100 1105 1454 1154 PLINIUS
1500 1105 1891 1153 TRAIANO
1939 1105 2120 1152 IMP.
2175 1103 2230 1152 S.

634 1266 868 1353 Dum,
904 1265 974 1332 in
1012 1289 1213 1359 quem
1250 1263 1454 1336 tutela
1495 1267 1760 1362 generis
1801 1265 2080 1335 humani
2117 1263 2498 1335 felicissima
2527 1288 2678 1334 suc-

534 1377 835 1445 cessione
896 1375 1215 1446 translata
1270 1392 1371 1446 est
1391 1431 1411 1464 ,
1481 1377 1707 1447 debita
1765 1377 2088 1473 religione
2149 1374 2632 1447 celebravimus
2658 1428 2678 1461 ,

538 1483 1080 1557 commendantes
1119 1486 1283 1577 diis,
1332 1490 1597 1584 imperii
1637 1488 1736 1557 tui
1789 1487 2208 1575 auctoribus,
2244 1501 2314 1556 et
2347 1501 2510 1556 vota
2547 1509 2674 1581 pu·-

534 1595 709 1666 blica
742 1609 810 1665 et
838 1597 1103 1692 gaudia.

609 1777 758 1832 cm.
790 1784 955 1842 Diem,
986 1784 1039 1834 in
1071 1800 1231 1850 quem.
1250 1780 1421 1835 Valde
1455 1783 1548 1835 ob-
1644 1795 1841 1856 quntus
1885 1793 1980 1836 est.
2023 1779 2331 1834 Gronovius
2357 1779 2675 1852 cupiantur,

540 1875 690 1912 scure
710 1858 962 1944 loquutus
974 1872 1052 1914 est
1070 1861 1269 1915 Plinius
1282 1900 1299 1927 ,
1320 1863 1364 1914 si
1376 1863 1452 1915 ita
1471 1863 1549 1915 lo-
1647 1866 1816 1923 Diem,
1849 1864 2026 1933 quoin
2048 1877 2109 1912 te.
2129 1859 2198 1912 G.

2215 2041 2676 2062 mm

994 2045 1205 2066 m

1474 2204 1742 2294 CIV.

1163 2440 1604 2487 TRAIANUS
1651 2440 1953 2487 PLINIO
2004 2440 2056 2486 S·

642 2602 839 2670 Dum
882 2602 1143 2696 imperii
1182 2603 1311 2672 mei
1350 2601 1575 2671 debita
1610 2600 1837 2671 laetitia
1875 2616 1943 2671 et
1981 2600 2303 2697 religione
2333 2626 2376 2671 a
2403 2601 2676 2671 commi·

547 2711 865 2781 litonibus
918 2726 986 2780 et
1050 2712 1568 2807 provincialibus
1586 2766 1606 2799 ,
1659 2727 2000 2807 praeeunte
2056 2726 2156 2797 te,
2210 2710 2620 2781 celebratum
2653 2762 2670 2795 ‚

546 2822 828 2893 libenter
846 2876 865 2910 ,
894 2824 985 2892 mi
1016 2824 1318 2894 Secunde
1346 2825 1682 2894 carissime
1702 2877 1722 2913 ‚
1750 2824 2034 2919 cognovi
2077 2820 2288 2890 literis
2319 2822 2480 2891 tuis.

546 3028 2676 3055 mmmm-”mmmmm

1517 3188 1712 3282 CV.

986 3410 1017 3465 J
1024 3423 1089 3463 us
1118 3404 1436 3478 Quiritium
1468 3422 1580 3481 pro
1609 3400 1795 3461 tribus
1822 3398 2045 3461 libertis
2075 3400 2238 3479 petit.

1170 3497 1188 3521 .

980 3596 1043 3643 C.
1100 3591 1458 3643 PLINIUS
1507 3593 1900 3640 TRAJARO
1949 3592 2132 3638 IMP-
2185 3592 2238 3638 S.

646 3762 1032 3844 VALERIUS,
1070 3758 1395 3846 Domine,
1432 3754 1804 3841 paullinus,
1851 3768 2129 3850 excepto
2168 3775 2336 3838 un0,
2363 3750 2478 3845 jus
2501 3752 2676 3821 Lati-

556 3892 801 3939 norum
832 3892 1103 3938 suorum
1127 3867 1290 3936 mihi
1314 3865 1616 3961 reliquit:
1639 3889 1720 3935 ex
1734 3865 1977 3960 quibus
1995 3888 2160 3958 rogo
2175 3862 2394 3932 tribus
2411 3862 2678 3930 interim

618 4052 735 4106 CV.
754 4052 833 4105 De
866 4053 1060 4102 Valerio
1095 4052 1326 4103 Paullino
1359 4047 1563 4102 dictum
1657 4068 1781 4101 rum.
1797 4047 2357 4121 Uber-torum‚quijus
2369 4045 2509 4099 Latii
2519 4042 2677 4099 modo

551 4128 621 4185 ad
638 4132 721 4197 11,
749 4150 834 4215 ep3
868 4150 916 4183 2.
938 4128 1037 4183 En.
1054 4132 1427 4183 -Laee'norum
1451 4148 1562 4181 sno·-
1659 4126 1968 4201 consequuti
2005 4129 2250 4193 fuerant,
2289 4146 2321 4181 a
2353 4144 2464 4199 qno
2485 4123 2678 4199 gradus
