2857 4690
770 376 1305 446 EPISTOLA
1351 337 1794 444 xxxvi-1(
2203 395 2328 466 107

211 513 479 593 sperant
530 522 724 592 posse
779 496 1106 591 persolvi3
1154 498 1430 590 rapiunt
1481 497 1680 562 etiam
1700 549 1720 580 ‚
1759 508 2333 589 consumuntque,

206 609 383 703 quod
435 624 670 677 natum
712 622 845 693 est,
878 622 955 674 ut
986 609 1103 701 qui
1133 607 1273 699 jam
1315 619 1557 700 putent
1586 629 1654 672 se
1701 627 1837 670 non
1879 603 2005 672 sibi
2041 628 2332 698 parcere.
2433 599 2448 614 '

206 718 711 789 Occurrendum
772 741 930 811 ergo
994 716 1500 811 augescentibus
1551 715 1758 798 vitiis,
1811 727 1878 782 et
1933 713 2334 782 medendum
2369 729 2402 782 3

204 844 315 898 est.
340 827 667 896 Medendi
690 853 825 895 una
846 829 1052 914 ratio,
1078 829 1289 896 sinon
1308 849 1614 911 numm0‚
1636 824 1750 892 sed
1769 825 2068 920 partibus
2086 824 2334 906 locem,

202 964 271 1008 ac
302 937 549 1006 deinde
589 962 672 1005 ex
710 938 873 1005 meis
913 937 1171 1031 aliquos
1207 953 1548 1016 exactores
1580 937 1811 1028 operi,
1850 933 2156 1004 custodes
2190 933 2333 1002 fru-

202 1048 415 1116 ctibus
449 1071 742 1141 ponam:
774 1062 841 1115 et
876 1047 1127 1140 alioqui
1186 1047 1448 1116 nullum
1485 1046 1733 1140 justius
1787 1071 1996 1140 genus
2045 1045 2332 1133 redituS‚

202 1183 403 1252 quam
430 1157 611 1251 quod
643 1171 854 1240 terra,
882 1157 1151 1244 caelum,
1181 1183 1400 1227 annus
1431 1156 1653 1226 refert.
1685 1154 1789 1224 Ad
1828 1155 1956 1224 hoc
1976 1209 1994 1243 ‚
2024 1179 2332 1249 magnam
2368 1173 2401 1228 4

204 1267 433 1351 fidem,
462 1290 647 1335 acres
683 1265 943 1353 oculOS,
982 1292 1369 1338 numerosas
1410 1291 1650 1336 manus
1689 1267 1904 1362 poscit
1941 1292 1956 1333 :
1989 1265 2332 1359 experien-

204 1377 359 1444 dum
420 1391 684 1463 tamen,
722 1392 821 1465 et,
870 1381 1057 1472 quasi
1098 1381 1163 1446 in
1204 1380 1409 1448 veteri
1459 1379 1728 1464 morbo,
1764 1375 2078 1472 quaelibet
2118 1391 2333 1445 muta·

202 1489 397 1556 tionis
434 1486 681 1556 auxilia
724 1488 1041 1558 tentanda
1094 1504 1273 1558 sunt.
1316 1488 1562 1576 Vides,
1601 1513 1802 1582 quam
1854 1512 1990 1557 non
2051 1485 2332 1588 delicata
2367 1493 2396 1548 5

201 1623 299 1666 me
339 1623 575 1668 caussa
612 1599 799 1667 obire
838 1601 1129 1694 primum
1174 1599 1556 1670 consulatus
1593 1602 1690 1668 tui
1723 1598 1898 1668 diem
1938 1623 2074 1668 non
2119 1600 2328 1666 sinat:

202 1733 393 1801 quem
434 1723 661 1777 tamen
698 1709 809 1778 hic
863 1725 939 1779 ut
987 1735 1273 1804 praesens
1314 1710 1527 1797 votis,
1565 1695 1850 1803 gaudio,
1888 1706 2332 1803 gratulatione

206 1817 570 1888 celebrabo.
612 1817 795 1890 Vale.

206 1989 599 2087 mannos,quo
608 2015 987 2078 consideratius
998 2015 1219 2088 diligen·
1314 2016 1381 2072 ad
1404 2015 1594 2071 Caton.
1609 2017 1746 2070 R.R.
1765 2017 1862 2069 136
1879 2053 1896 2078 ,
1918 2027 1972 2068 et
1999 2017 2114 2086 137.
2136 2016 2334 2068 Contra

207 2093 404 2168 tiaeque
430 2093 721 2165 cogitanda
744 2095 1002 2168 primum,
1024 2096 1217 2150 deinde
1311 2118 1509 2148 nummo
1545 2101 1701 2158 locat,
1735 2095 1830 2167 qui
1862 2107 2060 2148 certam
2097 2095 2334 2166 pecunia

210 2173 471 2227 scribenda
494 2185 622 2227 erat.
644 2174 713 2226 G.
1312 2195 1576 2231 summam
1597 2177 1774 2247 exigit,
1797 2175 2100 2246 quicunque
2113 2193 2337 2246 proven-

274 2273 321 2305 2.
342 2257 455 2305 Non
486 2257 584 2304 sibi
600 2272 825 2321 parcere.
851 2251 1007 2306 Plura
1032 2273 1089 2308 se
1099 2253 1215 2326 'jam
1312 2268 1396 2310 tus
1415 2255 1593 2310 fuerit.
1614 2256 1682 2308 G.
1699 2288 1769 2297 —
1785 2261 2056 2306 Est-actores
2076 2257 2226 2322 operi.
2248 2253 2332 2305 Al.

209 2329 417 2397 debere,
450 2351 617 2404 quam
641 2331 841 2385 solvere
868 2333 1092 2403 possint,
1124 2334 1217 2386 ita·

210 2428 305 2481 que
336 2424 577 2464 exactum
607 2412 673 2464 iri
700 2411 767 2464 de
792 2412 997 2483 praediiu
1024 2431 1038 2464 ε
1064 2412 1219 2485 quid·

210 2490 334 2559 quid
344 2490 512 2563 igitur
532 2491 769 2545 efficiant
784 2530 801 2557 ,
816 2505 991 2545 tamen
1013 2494 1216 2547 nullam

213 2566 275 2621 ad
283 2570 463 2622 scinde
472 2570 751 2623 utilitatem
764 2572 1213 2641 perventuram&

276 2648 326 2700 3.
346 2653 573 2701 Partibus
608 2654 777 2703 locem.
810 2650 1049 2705 Partibus
1085 2652 1218 2705 redi-

212 2736 288 2779 tus
306 2765 321 2791 ,
350 2740 403 2779 ut
432 2748 488 2781 v.
526 2749 577 2800 g.
610 2729 868 2796 semissis,
909 2732 1213 2802 quincunx,

212 2806 381 2869 triens,
394 2807 669 2880 quadrans
681 2809 823 2864 illius
837 2810 989 2865 cedat
1003 2812 1211 2863 colono:

214 2886 296 2955 qui
332 2900 527 2959 quanto
570 2888 955 2960 diligentiorem
998 2908 1216 2962 operam

213 2962 424 3029 dederit,
438 2978 587 3019 tanto
600 2968 675 3021 sic
685 2968 817 3021 feret
828 2970 1054 3022 fructum
1078 2970 1218 3023 labo-

212 3044 278 3115 ris
292 3046 367 3097 sui
382 3048 703 3102 uberiorem.
724 3050 937 3121 Egimus
954 3048 1057 3105 hac
1075 3046 1143 3102 de
1160 3066 1219 3103 re

1312 2340 1474 2406 operis
1518 2352 1786 2389 exactores.
1829 2335 2081 2389 Nostrum
2107 2332 2336 2387 ‘concin-

1314 2416 1449 2469 nius.
1475 2416 1528 2471 S.

1384 2503 1437 2561 4.
1460 2497 1546 2547 Ad
1583 2498 1692 2548 hoc.
1739 2494 1929 2547 Melius
1970 2492 2234 2566 Gierigius
2271 2512 2336 2547 ex

1316 2575 1516 2646 aliquot
1539 2574 1682 2627 libris
1705 2592 1718 2626 ε
1741 2582 1810 2627 At
1829 2578 1938 2625 hoc.
1960 2573 2014 2626 S.

1384 2658 1434 2707 5.
1467 2658 1580 2705 Non
1612 2656 1827 2705 delicata
1871 2673 1947 2705 me
1990 2672 2166 2704 caussa
2203 2656 2338 2704 obire

1301 2736 1522 2801 primum
1572 2738 1849 2786 consulatus
1893 2735 1968 2783 tui
2009 2735 2157 2783 diem.
2197 2732 2336 2798 Otii,

1315 2826 1403 2866 aut
1433 2810 1740 2866 deliciarum
1761 2832 1777 2876 ;
1800 2811 1891 2865 sed
1921 2810 2186 2883 negotium
2223 2827 2336 2867 mo-

1313 2893 1503 2945 lestum
1525 2894 1692 2963 magis
1708 2930 1724 2955 ,
1754 2912 1862 2963 quo
1885 2892 2004 2963 quis
2032 2903 2106 2944 est
2133 2902 2335 2943 natura

1315 2971 1626 3024 liberalioris
1645 3010 1658 3032 ‚
1674 2972 1885 3043 qualem
1904 2970 2129 3047 Plinium
2145 2969 2303 3023 fuisse
2317 3006 2336 3045 ².

1314 3048 1610 3122 loquuntur
1635 3050 1715 3103 hoe
1735 3048 1982 3122 epistolae.
2004 3049 2071 3102 G.
