2857 4690
876 361 1397 430 PANEGYR.
1453 361 1672 431 CAP.
1705 363 1789 429 V.

2269 355 2408 444 245

251 497 375 552 aut
400 481 633 576 largus
653 505 857 552 cruor
874 483 1247 553 hostiarum
1261 535 1281 570 ‚
1306 499 1425 553 aut
1443 483 1712 554 sinister
1731 469 1988 552 volatus
2005 483 2229 552 avium
2253 508 2410 553 con-

248 594 637 664 sulentibus
666 595 1041 664 nuntiavit:
1066 595 1191 663 tibi
1217 595 1598 664 ascendenti
1629 595 1712 662 de
1741 619 1928 664 more
1965 592 2409 688 Capitolium,

249 735 672 805 quamquam
708 735 846 778 non
883 709 953 778 id
980 711 1321 806 agentium
1348 711 1596 780 civium
1627 709 1915 797 clamor,
1956 723 2035 777 ut
2054 708 2194 804 jam
2222 710 2410 778 Prin-

248 821 425 914 cipi,
464 820 789 890 obcurrit.
827 820 1173 915 Siquidem
1206 823 1427 892 omnis
1468 823 1702 905 turba,
1739 845 1888 917 quae
1926 821 2128 890 limen
2170 820 2410 890 inside-
2446 847 2478 903 4

250 945 393 1017 rat,
426 931 516 1000 ad
552 933 921 1027 ingressum
968 945 1162 1000 tuum
1200 931 1460 1002 foribus
1494 931 1804 1020 reclusis»,
1845 929 1958 1000 illa
1999 930 2309 1025 quidem,
2333 945 2413 999 ut

250 1054 421 1110 tunc
450 1041 940 1127 arbitrabatur,
975 1040 1216 1130 deum3
1248 1056 1594 1127 caeterum,
1636 1056 1714 1111 ut
1740 1041 1974 1110 docuit
2001 1055 2313 1129 eventus,
2343 1055 2412 1110 te

250 1149 707 1220 consalutavit
736 1152 1235 1248 imperatorem.
1272 1154 1417 1222 Nec
1454 1151 1648 1222 aliter
1685 1178 1724 1222 a
1768 1154 2028 1224 cunctis
2055 1178 2252 1222 omen
2297 1177 2410 1222 ac·
2449 1175 2476 1221 ,ς

250 1277 529 1384 ceptum
566 1277 682 1332 est.
713 1264 946 1333 Nam
928 1287 1069 1357 ipse
1096 1261 1472 1358 intelligere
1501 1263 1826 1334 nolebas:
1857 1263 2206 1334 recusabas
2227 1265 2408 1333 enim

256 1374 628 1467 imperare3
660 1375 1051 1461 recusabas,
1094 1373 1280 1467 quod
1324 1373 1498 1442 bene
1543 1389 1689 1443 erat
1729 1371 2148 1470 imperaturi.
2195 1375 2411 1469 Igitur
2445 1402 2479 1450 5

254 1483 597 1578 cogendus
634 1483 842 1554 fuisti.
864 1485 1038 1580 Cogi
1060 1509 1267 1580 porro
1294 1508 1434 1553 nou
1473 1498 1775 1578 poteras,
1806 1485 1932 1554 nisi
1963 1482 2264 1586 periculo
2286 1509 2408 1579 pa-

258 1595 433 1676 trias,
462 1607 534 1662 et
586 1595 937 1666 nutatione
982 1592 1390 1689 reipublicae.
1431 1594 1868 1666 obstinatum
1905 1597 2086 1666 enim
2115 1595 2238 1664 tibi
2269 1621 2406 1666 non

256 1705 595 1799 suscipere
634 1705 993 1800 imperium
1014 1758 1033 1793 ,
1075 1705 1204 1773 nisi
1256 1705 1653 1775 servandum
1703 1705 1957 1775 fuisset.
2003 1707 2236 1795 Quare
2281 1729 2408 1801 ego
2443 1744 2476 1795 7

326 1922 381 1974 3.
404 1927 597 1990 Lamus
618 1941 781 1974 eruor.
806 1921 911 1975 Pro
930 1921 1063 1976 Caio
1080 1921 1286 1974 Caesare

258 2003 425 2056 tribus
443 2040 460 2067 ,
502 2022 565 2057 ac
598 2021 667 2056 ne
690 2003 813 2056 totis
837 2003 1053 2076 quidem
1085 2002 1283 2055 mensi-

256 2083 356 2136 bus
372 2120 389 2148 ,
408 2101 568 2156 supra
590 2096 801 2140 centum
822 2082 1094 2154 sexaginta
1118 2081 1282 2134 millia

258 2161 591 2217 victimarum
608 2181 761 2218 cesa.
778 2165 881 2217 ΕΙ).
892 2165 1173 2215 -Sim‘seer
1190 2183 1287 2214 νο·

257 2245 401 2294 laem.
428 2243 546 2297 Cic.
578 2242 647 2296 de
666 2243 845 2298 Divin.
873 2243 961 2307 II,
990 2244 1058 2311 39
1082 2260 1097 2296 :
1126 2247 1283 2295 Nobis

256 2323 455 2375 sinisera
477 2325 729 2387 videntur,
770 2325 937 2377 Graiis
964 2338 1019 2375 ee
1046 2327 1282 2377 Bar-baris

255 2405 435 2455 dez-em
456 2408 677 2457 meliora.
687 2403 817 2457 Vid.
828 2404 1007 2459 Duris.
1020 2404 1281 2458 G.—Non

255 2484 315 2533 id
342 2487 613 2552 agentium.
648 2484 731 2538 Ea
762 2484 909 2538 enim
940 2487 1119 2537 ontim’s
1144 2486 1283 2539 ratio

254 2576 331 2615 cst
342 2600 359 2626 ,
378 2566 425 2615 si
440 2566 551 2632 quis
567 2568 763 2633 aliquid
776 2585 842 2617 ea:
859 2584 951 2619 sua
972 2585 1027 2617 re
1046 2580 1199 2633 atque
1214 2585 1281 2618 ex

252 2662 341 2695 sno
366 2662 589 2695 sermone
610 2646 825 2707 dixerit,
869 2661 919 2697 et
948 2650 1052 2715 ejus
1076 2650 1281 2698 ‘verbm

253 2726 467 2791 aln'quod
500 2740 615 2792 apte
650 2728 879 2777 ceciderit
908 2729 985 2777 ad
1016 2728 1073 2777 id
1083 2764 1100 2787 ‚
1146 2730 1285 2795 quod

252 2822 369 2873 agee
402 2818 497 2856 aue
524 2809 785 2874 cogitabit,
824 2816 885 2859 ut
914 2804 1127 2873 ridens,
1154 2824 1281 2859 vere

254 2894 431 2936 tamen
450 2920 468 2947 ,
512 2884 657 2957 quod
691 2884 933 2958 exempla
967 2884 1242 2939 declarant
1260 2922 1279 2951 ,

252 2962 485 3017 ostendit
510 2965 626 3020 Cic.
656 2965 726 3019 de
749 2966 928 3020 Divin-
955 2965 1045 3031 11,
1069 2972 1157 3031 4⁰·
1186 2965 1279 3018 Est

252 3044 471 3099 omniuo
486 3044 715 3099 stultitia
732 3046 983 3099 humanu
1000 3045 1091 3098 hic
1110 3062 1281 3099 exem-

252 3124 423 3195 plum.
465 3125 565 3179 Ille
598 3124 745 3198 apud
778 3124 1097 3190 Phaedrum,
1116 3124 1191 3189 V,
1220 3142 1275 3195 7,

252 3203 474 3269 tibicen,
494 3205 589 3279 qui
600 3209 837 3275 Princeps
854 3224 953 3259 suo
968 3206 1183 3259 nomine
1200 3203 1279 3257 di-

251 3296 479 3348 ceretur,
500 3286 685 3340 irrism
704 3298 817 3350 est,
840 3304 1009 3360 quum
1031 3287 1273 3355 Pn'neipi,

253 3362 307 3417 id
338 3377 417 3419 est
432 3402 451 3430 ,
487 3366 801 3439 Imperatori
830 3366 1033 3420 dictum
1062 3382 1278 3419 carmen

252 3442 319 3497 ad
346 3464 405 3499 se
436 3458 680 3518 raperet:
712 3458 765 3501 et
796 3446 1071 3501 consulem
1096 3464 1275 3499 roma·

253 3542 377 3577 num
394 3524 453 3577 in
472 3525 701 3581 concilio
718 3537 981 3581 terrarum
998 3526 1142 3579 orbis
1158 3544 1277 3597 gra·

254 3603 461 3657 vissimo
474 3624 585 3659 non
595 3605 787 3679 pudet,
806 3604 1125 3679 persuadere
1141 3605 1278 3659 velle

250 3682 481 3755 Trajano
494 3684 751 3757 adipsum
768 3686 1079 3761 pertinuisse
1092 3686 1273 3750 verba,

250 3762 437 3833 quibus
452 3770 619 3817 Iovem
636 3770 991 3834 Imperatorem
1013 3765 1277 3819 salutabat

250 3844 489 3913 populus.
538 3848 671 3897 lovis
716 3848 1035 3915 Imperatoris
1076 3844 1276 3899 mentio

250 3922 357 3975 Cic.
378 3924 437 3975 in
450 3925 609 3977 Verr.
639 3924 742 3992 IV,
766 3924 865 3989 583
888 3924 1034 3998 origo
1051 3926 1167 3979 Liv.
1172 3927 1273 3991 vl,

254 4020 331 4071 ²9·
356 4004 665 4058 Dissensum
683 4004 971 4079 quemdam
1000 4007 1273 4079 utriusque

250 4084 425 4139 tollere
450 4085 541 4139 hic
564 4084 742 4139 studet
760 4088 990 4160 Lipsius.
1018 4088 1089 4141 G.

317 4163 367 4216 5.
394 4172 566 4219 Omen.
592 4163 657 4220 ld
680 4178 787 4231 est,
814 4167 1095 4239 augurium
1122 4166 1269 4240 quod

1383 1919 1446 1972 fit
1479 1939 1574 1976 ore
1595 1959 1612 1985 ,
1658 1923 1810 1994 quasi
1841 1940 2060 1977 oremeu
2101 1917 2194 1976 a'ut
2233 1924 2410 1996 potius

1381 2019 1588 2072 osmen.
1611 2003 1716 2056 En.

1451 2112 1523 2122 —
1546 2085 1694 2149 Quod
1711 2087 1829 2136 bene
1846 2098 1958 2135 erae
1977 2084 2278 2151 inperetur-i.
2298 2082 2408 2146 Qui

1378 2159 1714 2234 intelligeret,
1730 2173 1992 2235 quantum
2009 2181 2144 2218 onus
2161 2172 2297 2215 esset
2313 2161 2410 2213 im-

1377 2242 1608 2313 perium,
1626 2243 1720 2314 qui
1735 2243 1868 2296 illud
1885 2261 1996 2296 non
2014 2241 2283 2316 negligere
2299 2239 2409 2294 vel—

1378 2321 1474 2387 let,
1495 2321 1590 2376 sed
1615 2341 1680 2376 ex
1695 2322 1951 2396 dignitate
1973 2340 2179 2397 gerere.
2201 2319 2407 2377 similia
2511 2372 2524 2397 ¹

1378 2400 1448 2455 de
1467 2402 1770 2457 Theodosio
1796 2404 2020 2459 Pacatus
2034 2441 2052 2469 ‚
2085 2422 2206 2475 cap.
2235 2420 2300 2455 ιο
2321 2420 2404 2473 sq.

1378 2481 1508 2538 Vid.
1537 2482 1846 2549 LXXXVI,
1873 2504 1924 2537 ιι.
1953 2484 2024 2537 G.

1440 2567 1772 2619 &Nannieno
1783 2567 2075 2635 respublica.
2084 2562 2171 2618 Sic
2181 2560 2406 2615 omnino

1376 2638 1661 2717 legendum
1693 2664 1759 2699 ex
1789 2644 1940 2699 libris
1965 2644 2198 2698 Gruter-o
2224 2641 2404 2714 iuspe-

1374 2724 1494 2777 ctis.
1513 2728 1794 2777 Mantiane
1804 2744 1914 2778 non
1931 2721 2182 2780 convenit
2199 2742 2212 2775 :
2230 2740 2405 2793 neque

1376 2803 1522 2856 enim
1561 2816 1766 2861 mutata
1807 2817 1888 2859 est
1929 2803 2229 2876 respublica
2247 2840 2264 2867 ,
2310 2800 2404 2855 sed

1374 2886 1569 2936 nutavit
1597 2885 1656 2938 iu
1689 2896 1992 2957 contempta
2013 2885 2198 2937 Nerva
2220 2894 2404 2935 aucto·-

1372 2962 1532 3017 ritate
1549 3000 1566 3029 ,
1595 2964 1806 3019 ruinam
1833 2965 2038 3018 minata
2071 2974 2150 3017 cst
2167 3000 2184 3027 ,
2207 2968 2282 3015 'ut
2308 2982 2403 3013 nu-

1374 3046 1540 3095 tantia
1563 3048 1769 3112 templa,
1797 3044 1938 3097 infra
1957 3044 2055 3106 LI,
2075 3060 2119 3095 1.
2133 3040 2400 3105 conavl,

1374 3122 1407 3175 3
1439 3138 1456 3173 :
1492 3126 1652 3175 fluens
1685 3144 1832 3193 snper
1867 3128 2210 3193 imperatorem
2249 3124 2402 3188 impe-

1372 3204 1518 3257 rium.
1539 3202 1609 3258 G.

1443 3314 1516 3326 -—
1531 3289 1643 3337 Nisi
1653 3285 2140 3355 smwdumfidssee.
2161 3280 2276 3335 Nisi
2293 3298 2400 3333 ser·-

1372 3362 1612 3418 vandum
1630 3365 1932 3429 habuissem
1953 3363 2054 3417 nisi
2076 3360 2282 3415 natatio
2298 3360 2400 3414 rei-

1372 3443 1600 3516 publicae
1615 3456 1937 3499 servatorem
1951 3440 2291 3515 poposcisset.
2297 3440 2400 3493 Ne-

1372 3524 1514 3589 scio,
1549 3542 1646 3577 cur
1663 3527 1866 3594 [πίεσαι
1875 3524 1926 3576 J.
1960 3524 2024 3575 A.
2063 3520 2308 3575 Ernestio
2346 3530 2402 3573 et

1372 3562 1606 3679 Gierigio
1632 3601 1978 3676 displicuerit.
2006 3602 2061 3656 S.
2075 3632 2148 3643 --
2171 3604 2399 3653 Obseina·

1372 3700 1478 3735 eum
1489 3687 1600 3744 cibi,
1625 3704 1724 3735 non
1741 3685 1983 3751 suscipere
1999 3682 2402 3750 imperium,u125i

1370 3766 1662 3817 ser-vandum
1679 3764 1876 3831 sitisset.
1906 3763 1970 3815 In
1995 3759 2333 3814 obsn‘namm'
2317 3778 2400 3813 m·

1372 3840 1712 3915 telligeudum
1739 3857 1864 3895 erat.
1899 3842 2090 3915 Itaque
2124 3840 2277 3913 sequi
2301 3839 2398 3893 de-

1371 3924 1462 3977 bet
1489 3938 1636 3983 essee,
1670 3923 1753 3976 vel
1763 3924 1940 3993 [οι-οε,-
1974 3922 2293 3977 alterutrum„
2318 3938 2399 3975 se-

1370 4001 1663 4076 quendum.
1706 4004 1832 4058 Mox
1867 4006 2162 4073 proesoeviue
2209 3999 2400 4055 melius

1370 4096 1451 4140 est
1462 4121 1480 4148 ,
1506 4102 1668 4155 quam
1679 4089 1998 4153 preeccsu'ue.
2025 4084 2222 4137 Utrum
2241 4078 2397 4132 Plinii

1368 4164 1592 4221 verbum
1623 4164 1690 4217 sit
1707 4202 1724 4229 ,
1761 4184 1831 4219 an
1859 4166 2050 4237 aliquis
2075 4165 2132 4217 in
2159 4159 2398 4233 margine
