2857 4690
542 325 673 373 110
888 339 903 352 =
1137 304 1213 370 C.
1264 300 1614 373 PLINII
1659 293 1856 369 LIB.
1911 295 2038 367 IX.

822 509 1127 530 mmm-n
1132 511 1462 530 mmm*
1465 509 2284 532 mmmm
2287 505 2611 528 mmm

1476 699 1688 786 XL.

522 925 631 984 Cui
653 925 787 983 vitae
810 925 1250 1003 studiorumque
1278 925 1562 983 rationem
1593 926 1844 982 aestivam
1861 969 1877 998 ,
1898 944 2070 1003 quam
2091 926 2154 984 in
2183 945 2402 983 secessu
2423 936 2616 994 teneat,

600 1022 765 1100 epist.
818 1025 1079 1080 XXXVI
1133 1023 1584 1101 perscripseram
1638 1021 1828 1080 eidem
1889 1035 2126 1098 rogatus
2159 1024 2414 1102 exponit
2466 1021 2614 1079 etiam

602 1117 922 1177 hibernam.

1041 1248 1101 1294 C.
1154 1248 1511 1296 PLINIUS
1561 1249 1828 1296 FUSCO
1878 1249 2032 1296 SUO
2075 1250 2129 1295 S.

618 1428 981 1510 SCRIBIS,
1035 1441 1379 1520 pergratas
1431 1428 1550 1495 tibi
1611 1427 1810 1496 fuisse
1859 1426 2077 1496 literas
2126 1451 2354 1508 meas,
2403 1426 2621 1522 quibus

520 1535 929 1628 cognovisti,
972 1534 1539 1629 quemadmodum
1593 1539 1659 1604 in
1703 1539 1934 1606 Tuscis
1977 1540 2186 1605 otium
2224 1539 2462 1607 aestatis
2499 1537 2623 1605 exi-

522 1669 743 1738 gerem
776 1671 792 1712 :
834 1646 1153 1738 requiris,
1189 1645 1351 1740 quid
1394 1671 1474 1714 ex
1509 1646 1638 1715 hoc
1681 1647 1751 1714 in
1783 1649 2197 1716 Laurentino
2235 1649 2450 1716 hieme
2485 1669 2622 1741 per-

454 1789 481 1822 2
519 1771 790 1825 mutem.
836 1755 1059 1843 Nihil,
1110 1758 1236 1825 nisi
1288 1756 1470 1852 quod
1522 1756 1926 1826 meridianus
1971 1781 2243 1825 somnus
2293 1758 2622 1840 eximitur,

516 1865 940 1961 multumque
982 1865 1063 1935 de
1100 1866 1434 1956 nocte-vel
1474 1883 1630 1936 ante
1663 1866 1760 1935 vel
1797 1881 1948 1961 post
1980 1866 2152 1935 diem
2189 1868 2513 1934 sumitur:
2543 1879 2625 1951 et,

516 1978 569 2044 si
602 1977 843 2072 agendi
880 1979 1229 2046 necessitas
1266 1979 1499 2066 instat,
1534 2002 1682 2071 quae
1719 1977 2024 2071 frequens
2050 1976 2305 2062 hieme,
2337 2001 2469 2044 non
2499 1977 2626 2068 jam

514 2087 814 2156 comoedo
850 2087 955 2158 vel
997 2083 1419 2182 lyris'tae'post
1461 2111 1715 2156 coenam
1761 2085 1976 2175 locus3
2021 2085 2134 2154 s'ed
2171 2084 2317 2169 illa,
2356 2110 2499 2180 quae
2533 2084 2626 2152 di·-

516 2201 719 2282 ctavi,
738 2198 1097 2267 identidem
1129 2213 1608 2282 retractantur,
1629 2221 1707 2265 ac
1733 2195 1929 2265 simul
1957 2197 2288 2264 memoriae
2311 2194 2628 2289 frequenti

447 2321 478 2374 3
514 2309 977 2378 emendatione
1014 2307 1385 2403 proficitur.
1426 2308 1647 2377 Habes
1686 2322 1936 2391 aestate,
1968 2306 2184 2375 hieme
2219 2305 2626 2375 consuetudi-

516 2443 706 2503 nem;
736 2417 939 2487 addas
971 2417 1133 2505 huc,
1158 2416 1338 2506 licet,
1358 2434 1793 2487 auctumnum
1809 2471 1828 2501 ‚
1851 2442 2130 2511 quaeque
2157 2417 2329 2483 inter
2352 2414 2626 2484 hiemem

513 2541 936 2619 aestatemque
971 2525 1229 2613 media,
1268 2541 1343 2595 ut
1383 2527 1550 2596 nihil
1587 2527 1670 2595 de
1705 2527 1812 2595 die
1842 2526 2163 2621 perdunt,
2201 2527 2292 2594 ita
2323 2526 2407 2596 de
2443 2539 2628 2595 nocte

512 2634 871 2728 parvulum
916 2634 1301 2730 adquirunt.
1346 2636 1535 2706 Vale.

582 2835 699 2887 XL.
739 2853 785 2889 1.
818 2840 1009 2889 Lirem-5
1036 2857 1183 2890 meas.
1226 2838 1395 2911 Supra
1414 2838 1524 2902 lx,
1621 2842 1749 2890 nihil
1785 2842 1846 2889 de
1877 2842 1957 2889 die
1987 2842 2233 2907 perdunt,
2276 2841 2349 2889 ita
2378 2854 2470 2892 etc.
2504 2841 2624 2911 Leg.

514 2914 601 2969 36.
629 2916 707 2969 G..
1622 2936 1744 2971 eum
1779 2918 1958 2972 Cot-xio
1985 2932 2036 2971 et
2061 2919 2289 2990 Gierigio
2329 2920 2624 2973 auctoritate

586 3016 635 3049 a.
666 2998 861 3065 Agendi
892 2999 1166 3048 necessitas.
1206 2996 1432 3064 Dicendi
1470 2997 1524 3049 in
1619 2997 2148 3051 bonorumlibrorum
2166 3016 2180 3051 τ
2195 3002 2356 3051 addas
2367 3002 2486 3061 huc,
2501 3004 2620 3061 licet,

502 3075 730 3149 judicio,
744 3076 799 3129 in
815 3086 999 3129 senatu
1018 3094 1031 3127 :
1049 3075 1166 3128 ideo
1178 3078 1335 3129 etiam
1350 3076 1524 3129 hieme
1619 3098 1711 3129 ver
1729 3094 1780 3130 et
1797 3094 2132 3139 meorumnam,
2154 3099 2264 3148 quoe
2287 3081 2414 3131 inter
2431 3082 2622 3131 hiemem

508 3156 565 3207 in
586 3156 901 3209 Laurentino
924 3168 1183 3219 versatur,
1206 3155 1351 3228 quod
1376 3174 1524 3228 poene
1618 3172 1934 3226 oestaeemque
1969 3160 2150 3210 media.
2189 3159 2378 3211 Nostra
2418 3158 2563 3211 lectio
2591 3177 2620 3211 a

510 3236 869 3290 suburbanum
889 3246 985 3288 est.
1007 3235 1075 3288 G.
1617 3236 1868 3290 facilitate
1893 3236 2145 3290 Pliniana
2170 3238 2420 3291 orationis
2440 3238 2619 3291 mirum

580 3312 633 3367 3.
673 3320 849 3369 Addas
882 3320 978 3370 luae
988 3351 1210 3367 .......
1222 3318 1384 3366 media
1402 3353 1419 3375 ‚
1471 3327 1528 3366 ut
1618 3328 1874 3387 quantum
1895 3315 2160 3369 abhorret.
2188 3318 2242 3371 S.
