2857 4690
740 350 1247 423 PANEGYR.
1300 354 1522 423 CAP.
1558 358 1779 453 LIV,
2190 364 2316 435 321

186 479 627 569 permitteret
646 530 665 564 ,
692 476 926 563 crede,
963 477 1207 546 famam
1238 480 1572 573 vitamque
1597 481 1737 573 ejus
1768 484 1985 575 carpi,
2016 486 2129 577 qui
2152 510 2330 555 mor-

186 602 337 655 tem
386 586 875 671 ulciscebatur,
916 610 1037 655 nec
1100 602 1175 655 ut
1242 587 1313 655 in
1379 612 1448 656 se
1503 589 1678 658 dicta
1731 580 2288 683 interpretaretur
2313 649 2331 679 ‚

188 722 353 793 quae
394 698 479 767 de
519 695 857 766 simillimo
893 696 1290 766 dicerentur.
1332 698 1562 785 Quare
1595 722 1758 791 eg0,
1793 702 2048 785 Caesar,
2093 726 2331 772 mune·
2369 720 2400 773 5

191 810 395 877 ribus
446 810 577 876 tuis
640 808 951 876 omnibus
1001 832 1368 902 comparo,
1433 807 1658 877 multis
1723 823 2058 902 antepono
2085 864 2105 895 ,
2153 813 2334 907 quod

191 918 366 987 licet
403 918 597 986 nobis
623 932 688 986 et
728 920 794 985 in
835 918 1244 1011 praeteritum
1278 917 1361 986 de
1396 918 1588 986 malis
1623 916 2146 1012 Imperatoribus
2173 948 2336 1017 quo-

196 1029 377 1096 tidie
418 1026 764 1113 vindi'cari,
805 1042 871 1096 et
902 1027 1162 1095 futuros
1198 1028 1321 1095 suh
1360 1027 1668 1121 exemplo
1703 1052 2145 1123 praemonere,
2183 1032 2338 1101 nul-

198 1139 351 1207 lum
401 1137 651 1223 locum,
686 1136 942 1206 nullum
994 1162 1133 1206 esse
1170 1153 1467 1232 tempuS,
1513 1164 1648 1231 quo
1689 1138 2102 1210 funestorum
2149 1144 2340 1237 prin-

201 1252 443 1343 cipum
472 1272 699 1318 manes
726 1272 767 1316 a
802 1261 1222 1343 posterorum
1248 1250 1809 1318 exsecrationibus
1844 1254 2338 1346 conquiescant.

202 1362 377 1447 Quo
404 1357 848 1440 constantim,
874 1362 946 1427 P.
980 1360 1057 1427 C.
1078 1412 1097 1445 ‚
1133 1372 1199 1427 et
1228 1356 1488 1428 dolores
1525 1372 1784 1427 nostros
1819 1373 1884 1428 et
1921 1362 2161 1455 gaudia
2191 1389 2345 1457 pro-
2378 1390 2412 1441 6

202 1469 509 1537 feramus
548 1493 563 1535 :
606 1468 903 1536 laetemur
968 1468 1071 1537 his
1103 1522 1121 1553 ,
1178 1466 1423 1561 quibus
1469 1469 1786 1555 fruimur3
1836 1473 2346 1565 ingemiscamus

210 1578 349 1647 illis
367 1632 387 1665 ,
416 1602 563 1671 quae
588 1578 1041 1672 patiebamur:
1075 1578 1270 1647 simul
1300 1594 1660 1673 utrumque
1689 1580 2065 1650 faciendum
2098 1597 2198 1652 est
2222 1585 2346 1653 sub

212 1691 403 1757 bono
454 1688 775 1781 principe.
832 1690 977 1755 Hoc
1026 1702 1275 1756 secreta
1317 1703 1544 1757 nostra
1564 1742 1582 1774 ,
1625 1689 1754 1757 hoc
1791 1713 2124 1761 sermones
2156 1747 2173 1779 ,
2216 1694 2347 1763 hoc

216 1800 381 1891 ipsae
402 1797 765 1889 gratiarum
786 1798 1077 1864 actiones
1098 1812 1325 1890 agant3
1340 1798 1922 1893 meminerintque,
1946 1802 2040 1869 sic
2060 1804 2347 1872 maxime

218 1906 481 1975 laudari
518 1906 915 1975 incolumem
956 1912 1476 1999 Imperatorem,
1516 1907 1568 1975 si
1606 1908 1862 2001 priores
1908 1934 2093 1979 secus
2129 1904 2351 1981 meriti

222 2002 844 2109 reprehendantur-3
876 2042 1029 2085 nam
1069 2040 1281 2110 quum
1315 2016 1397 2085 de
1427 2015 1605 2084 malo
1639 2020 1940 2113 principe
1979 2022 2227 2113 posteri
2255 2038 2350 2090 ta-

220 2143 417 2205 cent,
454 2126 878 2195 manifestum
907 2140 1037 2209 est,
1074 2126 1302 2194 eadem
1344 2126 1558 2193 facere
1594 2142 2010 2220 praesentem.

326 2242 507 2308 LIV.
550 2241 635 2307 Et
685 2239 833 2331 quis
866 2238 1007 2330 jam
1060 2236 1243 2305 locus
1293 2237 1550 2305 miserae
1595 2234 1999 2306 adulationis
2043 2240 2356 2309 manebat

230 2354 534 2446 ignaruS,
570 2371 775 2442 quum
820 2347 1046 2416 laudes
1080 2351 1568 2442 Imperatorum
1614 2344 1786 2414 ludis
1815 2349 2016 2416 etiam
2065 2365 2133 2416 et
2179 2375 2358 2418 com·

228 2534 404 2585 tianus
432 2529 685 2584 Suetonio
706 2540 833 2581 teste
852 2548 901 2581 c.
920 2529 1068 2581 XIV.
1085 2554 1106 2573 ·
1120 2529 1252 2599 Epa-

234 2609 545 2683 phroditum
587 2627 616 2660 a
650 2607 840 2660 libellis
872 2607 1079 2678 capitali
1105 2625 1253 2679 poena

234 2688 697 2753 condemnaverit,
726 2686 871 2759 quod
896 2725 910 2749 ‚
952 2699 1069 2758 post
1104 2686 1257 2739 desti-

236 2770 495 2822 tutionem
504 2769 661 2828 ,Nero
670 2767 727 2818 in
738 2765 1075 2837 adipiscenda
1085 2778 1257 2818 morte

238 2867 401 2900 manu
434 2849 547 2918 ejus
576 2845 787 2918 adjutus
814 2844 1215 2898 existimabatur.
1234 2869 1255 2889 υ

236 2927 722 2980 G.—-Ulciscuntur
735 2941 1058 2976 successores
1068 2923 1263 2995 praede-

240 3007 467 3059 cessoris
498 3015 721 3057 mortem
757 3009 805 3056 in
832 3008 935 3062 stef,
964 3015 1024 3054 ut
1046 3004 1261 3055 Tacitus

250 3085 495 3158 loquitur
512 3123 527 3148 ,
552 3087 918 3135 naunimentum.
946 3087 1046 3134 Eu.

317 3169 367 3220 5.
394 3169 501 3233 Ego
518 3204 534 3226 ,
570 3167 752 3215 Coesar.
774 3163 1143 3234 Importunum
1183 3175 1231 3212 ee
1248 3198 1263 3225 ,

242 3243 389 3318 quod
419 3243 673 3297 editiones
698 3242 874 3295 adhuc
902 3255 1083 3292 omnes
1105 3257 1267 3310 prope

246 3323 461 3377 sedavit
487 3362 501 3385 ,
546 3322 732 3374 moniti
786 3339 817 3373 a
870 3319 935 3372 cl.
978 3317 1268 3370 Schwarzio

246 3405 500 3478 ejicimus.
535 3402 806 3472 originem
858 3401 972 3472 ejus
1011 3415 1271 3450 arcessen-

246 3483 373 3536 dam
416 3499 537 3534 cum
566 3481 747 3551 Lipsio
782 3490 1027 3550 putamus
1052 3495 1081 3530 e
1110 3475 1271 3528 literis

258 3569 339 3614 Tr.
372 3563 479 3614 hoc
502 3573 578 3613 cst
596 3601 611 3626 ‚
642 3561 878 3628 Trojano.
909 3557 1144 3609 Alterum
1170 3574 1270 3604 om·

184 3669 195 3678 ·
248 3645 390 3692 nibus
409 3643 429 3708 (
448 3641 633 3710 legunt
663 3639 799 3690 euim
828 3675 843 3700 ,
867 3639 1139 3686 muneribus
1167 3653 1271 3683 om-

254 3725 393 3770 nibus
435 3725 529 3770 tuis
569 3721 787 3770 omnibus
814 3717 1084 3782 comparo)
1107 3711 1275 3764 omitti

250 3796 655 3851 Schwarzianus
670 3807 824 3867 atque
842 3793 1115 3846 Guelferb.
1132 3791 1223 3842 libr
1238 3791 1275 3858 i,

254 3879 475 3948 ipsaque
489 3874 621 3927 adeo
634 3874 914 3936 sententia,
931 3873 1138 3946 jubent.
1150 3871 1282 3923 Vul-

256 3969 435 4028 gatam
458 3956 531 4008 sic
558 3955 940 4025 interpretabar
963 3990 977 4016 ,
1008 3959 1072 4002 Te
1098 3951 1151 4003 in
1181 3969 1283 4000 mu·

256 4039 451 4085 neribus
480 4037 701 4085 omnibus
738 4035 829 4082 tuis
864 4035 1158 4099 principibus
1182 4049 1285 4080 om-

254 4117 395 4164 uibus
438 4131 698 4180 comparo,
732 4115 891 4161 multis
938 4113 1031 4160 tuis
1069 4111 1283 4159 muneri·-

562 4213 665 4277 11.

1341 2531 1426 2578 bus
1447 2517 1695 2596 antepono
1711 2567 1726 2592 ,
1746 2533 1910 2596 qnod,
1933 2543 2033 2584 etc.
2055 2529 2159 2583 Sed
2191 2533 2358 2586 altera

1338 2606 1497 2660 lectio
1514 2606 1658 2659 haud
1696 2607 1855 2661 dubie
1879 2609 2087 2663 melior.
2117 2611 2183 2663 G.

1378 2689 1432 2738 6.
1444 2688 1988 2754 Incolumaem.Vivum,
2004 2709 2126 2742 mox
2140 2712 2361 2758 pra-sen-

1344 2781 1456 2818 tem.
1483 2767 1536 2818 S.

1414 2844 1559 2895 LIV.
1600 2863 1643 2896 ι.
1673 2849 1912 2897 Manebat
1935 2851 2150 2916 ignarus.
2177 2841 2261 2903 Sic
2283 2851 2365 2903 le-

1345 2923 1515 2994 gimus
1537 2923 1680 2975 hanc
1704 2928 1836 2997 ῥῆσιν
1864 2927 2164 2979 auctoribus
2189 2966 2204 2993 ,
2232 2949 2366 3000 quos

1344 3001 1528 3054 laudat
1547 3001 1870 3054 Schwarzius
1889 3042 1903 3066 ,
1935 3005 2036 3056 nisi
2063 3006 2208 3076 quod
2233 3029 2368 3058 com·

1350 3083 1652 3132 missionibus
1695 3079 2029 3135 retinendum
2073 3097 2322 3156 putamus
2347 3126 2363 3148 ‚

1350 3177 1412 3212 ea
1435 3159 1640 3212 ratione
1665 3197 1680 3224 ,
1707 3159 1850 3232 quod
1879 3163 2064 3215 melius
2084 3183 2206 3214 cum
2232 3163 2372 3216 ludis

1344 3241 1644 3312 iunguntur
1670 3279 1684 3301 ‚
1714 3251 1764 3293 et
1801 3241 1946 3314 quod
1973 3243 2144 3294 rarior
2173 3242 2372 3295 intelle-

1354 3329 1469 3370 ctus
1485 3316 1623 3371 illius
1641 3317 2130 3372 induxisse-videtur
2143 3319 2372 3392 aliquem

1355 3408 1702 3449 correctorem
1720 3437 1733 3460 ,
1747 3412 1806 3451 ut
1818 3401 2240 3451 comessationibus
2255 3403 2375 3452 sub-

1356 3477 1589 3528 stitutum
1612 3477 1726 3529 iret.
1749 3477 1933 3530 Eidem
1961 3478 2095 3530 forte
2116 3477 2377 3532 debentur

1350 3557 1566 3622 pocula,
1597 3543 1889 3627 dequibus
1925 3559 2119 3608 statim.
2155 3557 2378 3611 Utrum-

1360 3651 1485 3706 que,
1495 3639 1920 3686 comessationibus
1931 3641 2167 3704 etpocula
2183 3637 2377 3702 acrius,

1361 3729 1523 3784 quam
1564 3712 1694 3764 solet
1725 3751 1740 3776 ,
1789 3724 1964 3766 tuetur
2011 3715 2339 3771 Schwarzius
2362 3737 2375 3771 ε

1363 3809 1460 3863 pro
1479 3792 1581 3844 hac
1599 3791 1821 3844 lectione
1840 3793 2012 3844 facere
2027 3794 2232 3848 videtur
2247 3797 2352 3850 hoc
2365 3837 2382 3862 ,

1366 3871 1510 3943 quod
1538 3870 1714 3922 statim
1742 3870 1955 3924 additur
1980 3876 2031 3924 in
2061 3889 2234 3926 senatu
2256 3892 2306 3927 et
2333 3880 2384 3927 in

1366 3971 1511 4000 scena
1532 3987 1547 4012 ,
1569 3953 1633 3998 ab
1648 3951 1877 4001 leislre'one
1887 3966 1936 4002 ec
1948 3973 1981 4002 a
1995 3957 2188 4004 consule
2207 3995 2222 4019 ,
2239 3953 2386 4006 nulla

1370 4029 1728 4081 conviviorum
1761 4030 2024 4083 mentione
2070 4033 2226 4084 sacta.
2261 4031 2386 4084 add.

1370 4107 1551 4160 XXIII
1574 4145 1586 4160 .
1635 4109 1703 4171 6,,
1731 4107 1798 4160 G.
1845 4141 1911 4150 —
1953 4115 2390 4162 commissionibus.

2017 4233 2092 4275 21
