2857 4690
2132 251 2161 278 S

443 326 580 411 264
994 326 1072 394 C.
1125 325 1483 394 PLINII·
1514 325 1991 395 SECUNDI

441 445 850 544 Capitolium
883 472 1018 516 non
1059 447 1364 518 mimicos
1393 472 1671 536 currus,
1707 469 1834 517 nec
1860 445 2037 515 falsae
2062 445 2417 515 simulacra
2448 446 2601 516 vic-

440 563 629 629 toriae
645 611 666 647 ,
701 558 816 628 sed
849 559 1322 653 imperatorem
1343 583 1571 628 veram
1606 583 1684 628 ac
1716 555 1992 627 solidam
2033 555 2313 652 gloriam
2352 581 2595 652 repor-

439 685 727 757 tantem,
763 693 1034 765 pacem,
1070 667 1651 764 tranquillitatem,
1686 683 1754 738 et
1784 683 1919 737 tam
1952 667 2249 737 confessa
2278 667 2589 736 hostium

369 791 404 848 4
429 780 792 874 obsequia,
814 795 892 849 ut
916 779 1284 850 vincendus
1325 804 1523 848 nemo
1553 778 1775 848 fuerit.
1814 776 2169 848 Pulchrius
2194 777 2325 846 hoc
2352 777 2585 846 omni-

437 890 564 960 bus
604 889 1004 986 triumphis:
1043 913 1264 985 neque
1289 891 1469 958 enim
1508 913 1848 982 unquam,
1888 889 2017 956 nisi
2058 913 2141 956 ex
2178 899 2585 979 contemptu

370 1009 402 1063 ὅ
439 999 704 1095 imperii
747 1000 960 1068 nostri
999 997 1250 1069 factum
1291 1014 1424 1086 est,
1464 1012 1543 1067 ut
1576 999 2013 1068 vinceremus,
2072 995 2275 1087 Quod
2316 997 2371 1064 si
2413 997 2583 1090 quis

437 1109 764 1180 barbarus
789 1135 904 1178 rex
935 1135 1017 1178 eo
1046 1109 1411 1179 insolentiae
1430 1107 1813 1203 furorisque
1840 1109 2272 1204 processerit,
2301 1120 2377 1175 ut
2403 1106 2583 1174 iram

443 1233 628 1288 tuam
664 1217 1327 1314 indignationemque
1361 1233 1699 1288 mereatur
1726 1271 1747 1304 ‚
1781 1243 1885 1288 nae
1912 1217 2055 1306 ille,
2080 1219 2218 1288 sive
2246 1217 2587 1286 interfuso

441 1331 649 1417 mari,
685 1353 802 1398 seu
843 1329 1232 1400 fluminibus
1273 1330 1647 1414 immensiS‚
1674 1353 1791 1399 seu
1833 1329 2155 1424 praecipiti
2189 1342 2418 1397 monte
2453 1327 2583 1396 de-

439 1436 774 1526 fenditur,
813 1438 1039 1507 omnia
1073 1438 1216 1510 haec
1250 1455 1388 1508 tam
1431 1463 1680 1533 prona,
1711 1455 1981 1535 tamque
2022 1437 2328 1508 cedentia
2366 1438 2583 1505 virtu-

439 1549 619 1619 tibus
642 1551 782 1621 tuis
803 1548 1075 1637 sentiet,
1098 1565 1176 1620 ut
1202 1549 1571 1620 subsedisse
1588 1565 1879 1640 montes,
1898 1551 2177 1620 flumina
2206 1549 2583 1630 exaruisse,

439 1661 886 1756 interceptum
915 1685 1101 1731 mare
1117 1715 1138 1749 ‚
1166 1660 1512 1756 illatasque
1536 1661 1666 1732 sibi
1694 1687 1834 1748 non
1861 1685 2003 1732 esse
2027 1659 2262 1730 classes
2290 1673 2581 1740 nostras,

439 1771 556 1841 sed
596 1786 807 1842 terras
845 1774 1022 1866 ipsas
1060 1773 1443 1842 arbitretur.

535 1885 756 1954 XVII.
783 1881 1036 1952 Videor
1053 1883 1194 1977 jam
1217 1907 1493 1953 cernere
1526 1907 1664 1951 non
1693 1883 1921 1978 spoliis
1950 1881 2475 1978 provinciarum,
2504 1893 2582 1946 et

441 2008 704 2063 extorto
759 1995 954 2063 sociis
1003 2019 1208 2082 auro,
1242 1993 1359 2064 sed
1409 1991 1767 2063 hostilibus
1816 1994 2054 2081 armis,
2086 2007 2581 2088 captorumque

441 2129 674 2202 regum
698 2105 952 2174 catenis
978 2105 1394 2200 triumphum
1418 2125 1689 2197 gravem
1710 2129 1726 2173 :
1747 2103 1975 2173 videor
2002 2103 2299 2197 ingentia
2322 2101 2575 2170 ducum

514 2293 568 2340 3.
587 2290 811 2339 Me'mt‘cos
827 2306 1010 2339 currus.
1024 2285 1199 2340 Fictos
1215 2324 1230 2351 ,
1250 2283 1465 2338 simula·
1560 2285 1711 2340 dium
1725 2305 1756 2339 a
1768 2285 1918 2339 libris
1931 2327 1947 2354 ,
1962 2285 2055 2361 qui
2068 2284 2265 2338 habent
2272 2289 2580 2353 Imperatore

441 2376 525 2420 tos
543 2406 559 2431 ,
577 2384 744 2439 quum
779 2366 958 2420 fabula
975 2378 1182 2419 tantum
1211 2363 1463 2437 triumphi
1564 2407 1578 2421 .
1592 2407 1605 2422 .
1627 2406 1641 2421 .
1662 2382 1989 2436 deportante,
2008 2366 2216 2418 nullum
2238 2376 2335 2417 est.
2357 2362 2575 2433 Capito-

439 2448 616 2517 agitur
640 2483 656 2509 ‚
703 2458 758 2499 et
801 2445 956 2517 quasi
1006 2444 1260 2498 comoedia
1282 2482 1296 2507 ,
1346 2464 1459 2499 nou
1555 2446 1687 2501 lium
1708 2442 1817 2500 non
1836 2446 2027 2518 accipit
2044 2462 2229 2517 pacem
2250 2454 2302 2496 et
2319 2443 2579 2514 nanquil·

437 2525 738 2597 triumphus
757 2542 936 2577 verus.
951 2525 1108 2578 Cous.
1124 2542 1208 2595 ep.
1221 2524 1351 2587 vll,
1369 2542 1458 2593 29,

442 2606 476 2657 3
499 2639 518 2664 ,
545 2615 597 2656 et
624 2604 828 2675 Symm.
847 2602 926 2655 Vl
948 2642 963 2667 ,
995 2622 1093 2674 79,
1119 2606 1313 2654 mimica
1347 2624 1459 2655 mres

437 2698 513 2733 est
531 2685 724 2733 techna.
747 2682 826 2734 De
845 2700 905 2734 re
927 2681 1044 2753 ipsa
1061 2680 1262 2734 dietum
1286 2693 1364 2734 est
1388 2681 1459 2734 ad

436 2760 521 2814 xl
539 2798 556 2825 ,
589 2768 642 2826 4.
677 2760 882 2832 Nempe
903 2760 1206 2833 recipienda
1233 2759 1451 2814 tandem

437 2842 536 2895 fuit
553 2841 672 2893 felix
683 2840 906 2893 Livineii
920 2852 972 2895 et
984 2840 1314 2893 Rittershusii
1327 2858 1453 2893 cou-

431 2924 638 2996 Jectura
657 2958 673 2983 ,
696 2921 790 2993 qui
816 2923 1037 2973 inimicos
1051 2958 1068 2981 ,
1091 2918 1236 2993 quod
1259 2929 1372 2972 erat
1394 2920 1451 2971 in

435 2999 756 3073 quibusdam
779 2998 937 3054 Mstis
954 3038 970 3065 ‚
993 2998 1185 3052 rectius
1209 2996 1455 3051 emenda-

437 3092 563 3133 runt
579 3118 596 3143 ,
626 3096 784 3151 quam
814 3078 886 3141 ii,
923 3078 1027 3151 qui.
1049 3082 1222 3131 inanes
1257 3078 1453 3133 substi-

437 3172 604 3213 tuere.
617 3160 778 3212 Favet
789 3158 1288 3230 insuperSchwsrzii
1300 3158 1453 3222 liber,

437 3240 528 3311 qui
551 3242 746 3307 iniquos
768 3256 874 3309 prae
899 3256 954 3291 se
975 3238 1094 3291 fert.
1115 3237 1185 3290 G.
1213 3268 1280 3279 —
1301 3240 1457 3289 Simu·

437 3322 594 3371 Iaera.
621 3318 888 3391 Imagines
913 3328 967 3385 et
987 3318 1232 3371 iconismi
1249 3334 1453 3389 pugna-

437 3416 556 3451 rum
575 3439 592 3466 ‚
619 3398 716 3471 qui
741 3398 794 3451 iu
823 3395 1057 3452 ferculis.
1076 3396 1179 3451 En.
1200 3428 1275 3438 —
1297 3402 1455 3465 Inpe-

439 3493 671 3532 ratorem.
693 3478 920 3531 Pulchre
946 3476 1166 3549 quidam
1188 3475 1312 3529 libri
1330 3512 1346 3539 ‚
1367 3479 1455 3527 ἰηι-

428 3574 688 3627 peratore.
709 3592 722 3607 .
745 3596 756 3608 .
769 3572 1048 3627 reportante
1070 3578 1090 3609 .·
1116 3574 1226 3629 qua
1249 3556 1455 3609 ratione

439 3636 654 3710 longum
664 3637 980 3711 Polyptoton
988 3635 1370 3707 interpellatur.
1381 3634 1453 3688 G.

437 3746 510 3757 -
526 3718 731 3769 Tuetur
755 3730 988 3770 nostram
1013 3716 1290 3769 lectionem
1309 3714 1361 3768 J.
1390 3718 1453 3767 A.

437 3796 726 3849 Ernestius.
755 3794 810 3850 S.
833 3826 904 3837 --
941 3800 1041 3849 Sed
1069 3802 1420 3863 Imperatorem
1436 3833 1452 3856 ,

437 3894 612 3927 νει-ατη
644 3896 708 3927 ac
733 3879 944 3927 solidam
963 3878 1178 3944 gloriam
1204 3888 1457 3944 reportan-

439 3970 535 4006 tem
559 3994 577 4018 ,
625 3974 800 4024 pacem
819 3994 836 4017 ,
881 3958 1300 4023 tranquillitatem.
1346 3955 1452 4007 Ista

439 4046 588 4089 tanta
615 4034 900 4089 multitudo
927 4034 1345 4087 accusativos-um
1373 4050 1455 4085 sa-

441 4134 509 4167 ne
533 4134 722 4187 parum
753 4114 964 4185 elegans
996 4124 1091 4165 est.
1127 4114 1264 4165 Nam
1291 4130 1453 4166 reme-

1557 2526 1757 2579 litatem
1781 2564 1797 2590 ,
1824 2524 1919 2578 sed
1936 2525 2303 2607 imperatorem
2320 2558 2337 2585 ,
2358 2522 2453 2593 qui
2478 2540 2574 2574 ve·

1553 2624 1669 2660 ram
1690 2624 1876 2677 pacem
1901 2612 2152 2675 reportet.
2176 2602 2313 2653 Eu.

1625 2692 1677 2749 4.
1701 2690 1875 2753 Neque
1892 2688 2045 2735 enim.
2066 2720 2079 2732 .
2100 2684 2440 2735 ‚vincere-mus.
2462 2678 2577 2731 Nisi

1545 2768 1725 2821 hostes
1734 2762 2165 2833 contempsissent
2184 2758 2463 2831 imperium
2477 2775 2578 2809 no·

1547 2860 1714 2901 strum
1734 2881 1750 2907 ,
1776 2860 1983 2913 semper
2014 2840 2329 2895 mansissent
2353 2836 2573 2909 pacati,

1548 2944 1647 2979 nec
1662 2940 1763 2977 nos
1780 2938 2019 2995 unquam
2036 2918 2403 2972 habuissemus
2424 2934 2577 2969 caus-

1549 3022 1661 3058 sam
1670 3020 1761 3057 eos
1772 2998 2198 3055 vincendfflunc
2208 3015 2415 3051 sensum
2430 3008 2579 3050 reete

1552 3082 1705 3137 dedit
1722 3074 2005 3152 Gierigius.
2024 3080 2089 3132 E.

1624 3162 1677 3217 5.
1707 3165 2005 3228 Illam-tque.
2029 3196 2043 3209 .
2065 3174 2249 3210 serras
2270 3160 2417 3225 ipsas.
2446 3154 2579 3211 Hoec

1552 3242 1596 3296 si
1622 3239 1880 3295 omisisset
1900 3237 2102 3291 Plinius
2119 3276 2136 3301 ,
2157 3236 2376 3291 tumoris
2393 3246 2445 3289 et
2462 3236 2579 3289 ine-

1548 3323 1625 3395 pti
1641 3320 1860 3393 ‚frigoris
1885 3320 2043 3391 culpa
2071 3317 2339 3371 caruisset.
2358 3316 2539 3369 Verba
2556 3352 2575 3378 ‚

1550 3402 1593 3457 si
1638 3399 1859 3474 propius
1892 3396 2180 3471 inspexeris
2197 3434 2214 3461 ,
2251 3415 2319 3449 ne
2359 3412 2573 3448 sensum

1550 3478 1766 3555 quidem
1788 3479 2002 3532 habent.
2030 3478 2095 3530 E.
2116 3508 2191 3518 —
2214 3476 2300 3531 Sic
2326 3486 2377 3528 et
2402 3473 2577 3527 Gieri-

1550 3560 1669 3632 gius
1706 3576 1721 3613 τ
1762 3574 1951 3611 vereor
1973 3597 1989 3624 ,
2026 3575 2097 3609 ne
2126 3556 2272 3629 justo
2312 3553 2570 3609 severius.

1552 3640 1707 3695 Certe
1730 3638 1843 3691 hoc
1864 3656 1893 3690 e
1915 3634 2331 3711 praecedentibus
2355 3632 2430 3686 sic
2448 3644 2575 3705 apta

1551 3736 1794 3791 nexaque
1820 3728 1944 3770 sunt
1961 3754 1977 3780 ,
2010 3727 2071 3769 ut
2090 3752 2106 3778 ‚
2139 3712 2180 3766 si
2209 3730 2271 3767 ea
2296 3710 2534 3764 omiseris
2553 3750 2572 3774 ‚

1550 3796 1752 3871 aliquid
1776 3796 1843 3851 ad
1872 3814 2083 3849 sensum
2117 3794 2221 3846 loci
2250 3789 2573 3863 explendum

1549 3876 1731 3931 deesse
1750 3876 2011 3930 videatur.
2032 3876 2086 3929 S.

1620 3956 1723 4008 XV
1724 3956 1797 4008 11.
1826 3974 1847 4009 1
1860 3995 1873 4007 .
1900 3958 2114 4006 Extorto
2134 3956 2279 4005 sociis
2298 3970 2439 4004 aar-o.
2460 3951 2573 4002 Au-

1550 4052 1670 4090 rum
1684 4038 1993 4085 coronarium
2010 4028 2425 4103 intelligit,quod
2440 4046 2575 4101 prte-

1552 4124 1693 4168 textu
1706 4112 1936 4167 victorine
1946 4112 2135 4165 acerbe
2148 4110 2443 4182 exigebant.
2460 4110 2546 4160 En
