2857 4690
961 382 1102 449 DE
1155 382 1234 449 C.
1288 382 1681 451 PLINIO.
2220 388 2360 478 407

211 496 620 579 obscurum
657 534 918 579 nomen.
959 514 1282 606 Septima:
1319 512 1513 581 etiam
1547 512 1883 607 cujusdam
1915 515 2159 582 mentio
2192 510 2371 609 ap‘ud

213 618 693 696 Ciceronem,
738 618 828 683 Iv
777 644 875 702 ι,
929 640 952 685 1
971 640 1059 703 o,
1106 616 1188 685 ad
1235 615 1435 685 famil.
1482 618 1566 686 ad
1608 642 1803 711 quem
1843 618 2059 687 locum
2104 618 2369 691 Paullus

211 722 604 790 Manutius
637 736 942 808 annotat,
969 720 1133 791 filias
1163 721 1340 791 haud
1366 747 1519 791 raro
1544 723 1629 791 ab
1661 723 1891 793 ordine
1922 724 2227 793 nascendi
2252 748 2367 820 ap-

213 826 570 921 pellens,
595 831 927 913 Primam,
961 827 1374 914 δεοιιηᾱαιη,
1420 831 1755 914 Tertiam,
1803 830 2208 916 Tertullam,
2238 845 2364 900 etc.

215 936 370 1001 De
409 936 644 1001 Tertia
675 935 978 1024 Quartus
1013 949 1336 1004 memorat
1358 926 1588 1003 Paullo
1612 933 1929 1029 Apostolo
1951 936 2141 1003 Rom.
2165 937 2371 1020 XVI,

221 1064 276 1105 2
294 1036 382 1107 3.
410 1040 700 1129 Quintus
720 1040 1082 1133 Septimius
1106 1039 1558 1135 philosophus,
1582 1039 1666 1108 ad
1681 1041 1867 1133 cujus
1892 1054 2131 1109 sectam
2158 1054 2368 1110 trans·

213 1146 406 1213 iisse
457 1146 532 1211 L.
582 1144 967 1213 Crassitium
1009 1144 1211 1215 refert
1244 1146 1595 1215 Suetonius
1636 1143 1717 1219 de
1768 1146 2229 1215 Grammaticis
2248 1199 2269 1233 ‚
2306 1171 2365 1215 c.

236 1273 264 1316 1
295 1248 382 1317 8.
432 1252 704 1339 Quat-ta
715 1302 736 1334 ,
787 1251 1120 1335 Tertulla,
1163 1253 1420 1342 Qus‘nta
1438 1304 1461 1337 ‚
1504 1253 1788 1320 Decima
1815 1248 2117 1320 Ezechiel
2151 1252 2367 1345 Span—

217 1354 516 1423 hemius
546 1353 628 1422 de
662 1365 784 1423 usu
811 1357 1316 1439 numismatum,
1349 1356 1424 1423 T.
1462 1380 1540 1443 α,
1568 1380 1632 1451 p.
1668 1359 1768 1441 40
1802 1380 1895 1449 sq.
1929 1354 2366 1425 Tertullianus

219 1482 524 1553 quoque
557 1458 663 1528 lib.
702 1459 785 1528 de
820 1462 1070 1545 anima,
1115 1486 1169 1531 c.
1215 1459 1336 1557 37,
1377 1462 1549 1531 inter
1574 1464 1752 1530 Deas
1779 1462 2119 1555 puerperis
2157 1461 2365 1533 cultas

225 1568 542 1635 Nonam
579 1580 646 1634 et
674 1568 1022 1635 Decimam
1062 1591 1214 1636 cum
1248 1564 1564 1636 Alemona
1598 1580 1665 1635 et
1690 1566 1941 1635 Lucina
1969 1590 2371 1647 commemo-

227 1684 378 1741 rat.
408 1673 514 1739 De
531 1674 741 1740 Nono
764 1672 1024 1741 medico
1049 1670 1294 1741 dictum
1319 1669 1490 1751 libro
1505 1673 1603 1741 VI
1617 1722 1638 1757 ‚
1666 1670 2076 1741 Bibliothecae
2092 1674 2363 1743 Graecae.

223 1780 526 1847 Decimi
549 1779 756 1871 magis
787 1778 984 1847 etiam
1017 1776 1194 1845 obvii
1210 1830 1230 1863 ‚
1267 1790 1336 1845 et
1365 1801 1489 1869 pro
1524 1774 1835 1844 undecies
1860 1774 2037 1845 mille
2068 1778 2370 1871 Martyri-

225 1883 382 1951 bus
423 1881 477 1968 ⁸,
506 1905 668 1976 quas
701 1881 961 1951 Ursulae
997 1884 1207 1951 socias
1237 1881 1491 1969 ferunt,
1528 1878 1825 1949 nonnulli
1856 1895 2098 1950 eruunt
2137 1882 2365 1951 Unde-

230 1988 577 2058 cimillam
618 2002 972 2082 martyrem
988 2040 1009 2074 ‚
1045 2012 1170 2080 pro
1197 2010 1329 2081 qua
1358 1986 1708 2063 Ximillam
1748 1987 1969 2054 nescio
2000 1985 2236 2081 quibus
2270 2012 2369 2057 ra-

229 2092 548 2162 tionibus
583 2092 940 2186 praeferunt
965 2090 1284 2161 nonnulli.
1324 2082 1692 2179 Δωδεκᾶτης
1720 2092 2078 2160 meretricis
2097 2079 2366 2161 nomine

233 2198 669 2269 Comoediam
707 2201 1057 2293 scripserat
1095 2193 1428 2290 Philyllius
1452 2248 1473 2282 ‚
1512 2209 1675 2264 teste
1719 2192 1935 2265 Suida.
1985 2196 2115 2265 Sed
2149 2200 2365 2267 missis

235 2306 471 2393 hisce,
511 2305 878 2376 institutum
923 2316 1222 2376 nostrum
1251 2324 1737 2397 persequamur.

367 2503 660 2557 .Simi1em
703 2513 780 2556 tra
781 2503 952 2560 ditino
917 2521 1038 2557 nem
1077 2503 1144 2555 de
1185 2503 1265 2554 his
1351 2498 1945 2572 prmipitesdedere,ex
1916 2500 2365 2557 xz-chariaenhe-

239 2583 400 2636 mille
369 2582 606 2653 eiyrgim
551 2583 705 2635 nibus
721 2583 900 2646 ‚osCh
843 2579 1266 2652 osi-rotperseon
1407 2577 1707 2632 mhistoria
1724 2579 1889 2632 cocles
1910 2579 2362 2636 nucu-esenh-

239 2663 525 2724 tionemv
492 2661 668 2716 veritis
681 2659 1270 2733 ,queinflumense
1355 2677 1569 2713 semma
1570 2659 2364 2732 mtmumhlnrmpga

819 2931 1694 2968 ...w-
1709 2947 1811 2959 ··-—
