2857 4690
771 367 1292 437 PANEGYR.
1347 369 1571 437 GAP.
1625 369 1849 436 VIII.
2246 369 2389 461 249

231 511 422 582 quem
455 469 830 584 optimum,
853 513 1057 582 quem
1086 465 1216 558 di'i‘s.
1241 488 1661 560 simillimum
1682 489 2061 560 inveneris?
2084 492 2385 584 Impera-

232 613 420 668 turus
456 599 780 670 omnibus
797 651 816 687 ‚
845 597 1002 694 eligi
1034 598 1234 670 debet
1265 625 1348 670 ex
1375 601 1715 672 omnibus.
1748 604 1911 674 Non
1938 600 2120 670 enim
2149 625 2387 670 servu·
2422 617 2457 668 6

227 707 304 778 lis
334 710 476 780 tuis
503 709 856 781 dominum
874 761 896 797 ‚
915 723 993 780 ut
1019 711 1234 805 possis
1251 735 1392 782 esse
1410 725 1769 784 contentus
1795 712 1989 807 quasi
2014 711 2389 780 necessario

225 819 474 890 herede
491 875 514 910 ,
557 822 676 892 sed
703 821 1082 918 principem
1113 822 1376 892 civibus
1411 823 1693 893 daturus
1724 847 1793 893 es
1831 822 2221 919 imperator.
2260 824 2390 892 Su·

221 930 516 1025 perbum
549 931 731 1001 istud
762 946 834 1001 et
861 931 1152 1027 regium,
1181 933 1312 1002 nisi
1353 933 1635 1030 adoptes
1670 960 1860 1021 eum,
1892 957 2095 1029 quem
2130 945 2389 1002 constet
2406 977 2426 984 -
2486 985 2517 1038 j

221 1041 720 1136 imperaturum
777 1041 1012 1131 fuisse,
1061 1044 1321 1114 etiamsi
1374 1069 1515 1114 non
1566 1045 1967 1141 adoptasses.
2020 1043 2207 1113 Fecit
2256 1041 2389 1114 hoc
2424 1082 2459 1135 7

219 1153 479 1238 Nerva,
509 1151 680 1221 nihil
717 1153 1036 1224 interesse
1067 1153 1473 1244 arbitratuS,
1502 1156 1813 1250 genueris
1852 1180 1941 1224 an
1976 1153 2257 1250 elegeris
2274 1206 2294 1241 ‚
2332 1153 2388 1222 si

221 1261 514 1355 perinde
550 1263 696 1334 sine
716 1263 977 1358 judicio
1003 1263 1414 1360 adoptentur
1441 1263 1671 1355 liberi,
1702 1289 1781 1336 ac
1807 1279 2181 1336 nascuntur
2208 1292 2223 1333 :
2258 1264 2389 1334 nisi

221 1383 454 1440 tamen
497 1371 682 1467 quod
718 1373 1014 1469 aequiore
1051 1376 1280 1447 animo
1316 1375 1543 1446 ferunt
1587 1376 1927 1466 homineS‚
1962 1401 2167 1472 quem
2202 1376 2390 1471 prin-

221 1508 382 1578 ceps
427 1509 670 1578 parum
707 1485 992 1557 feliciter
1023 1488 1258 1582 genuit
1279 1541 1299 1574 ‚
1328 1511 1535 1581 quam
1576 1513 1777 1582 quem
1808 1487 1982 1557 male
2018 1486 2245 1582 elegit.

319 1597 522 1668 VIII.
564 1595 812 1668 Sedulo
853 1623 1018 1694 ergo
1047 1597 1288 1668 vitavit
1311 1597 1499 1669 hunc
1533 1623 1763 1670 casum
1784 1653 1804 1686 ,
1832 1624 1957 1670 nec
1978 1597 2235 1693 judicia
2260 1599 2389 1666 ho-

223 1705 490 1775 minum
510 1760 531 1794 ,
567 1707 684 1777 sed
713 1708 993 1778 deorum
1022 1710 1225 1778 etiam
1250 1709 1324 1777 in
1356 1708 1715 1778 consilium
1736 1709 2117 1804 assumpsit.
2149 1711 2387 1801 Itaque

215 1841 354 1888 non
407 1832 530 1888 tua
576 1819 650 1888 in
701 1820 1052 1907 cubiculo,
1091 1819 1210 1890 sed
1257 1820 1328 1888 in
1371 1819 1661 1915 templo;
1695 1843 1821 1890 nec
1857 1833 2017 1889 ante
2055 1815 2387 1913 genialem

217 1941 450 1996 torum
471 1981 494 2016 ‚
531 1928 646 1998 sed
685 1945 842 2000 ante
889 1927 1208 2026 pulvinar
1229 1931 1414 2000 Jovis
1456 1931 1722 2025 Optimi
1762 1929 2075 2016 Maximi,
2109 1929 2387 2023 adoptio

215 2055 496 2134 peracta
527 2055 629 2111 est
663 2065 681 2111 ε
722 2067 856 2137 qua
890 2041 1158 2112 tandem
1191 2065 1330 2112 non
1349 2042 1636 2110 servitus
1654 2039 2056 2130 nostra,sed
2079 2039 2387 2126 libertaS,

217 2163 283 2218 et
329 2149 550 2240 salus,
590 2167 660 2221 et
708 2154 1030 2224 securitas
1079 2153 1515 2224 fundabatur.
1561 2154 1675 2223 Sic
1726 2154 1908 2222 enim
1958 2151 2050 2221 dii
2098 2150 2384 2246 gloriam
2426 2183 2453 2215 α

223 2258 403 2330 illam
434 2262 992 2334 vindicaverunt:
1013 2265 1258 2334 horum
1288 2289 1495 2360 opus,
1524 2264 1769 2333 horum
1798 2261 1966 2357 illud
1989 2263 2384 2358 imperium;

221 2374 445 2445 Nerva
471 2389 737 2445 tantum
765 2376 1074 2446 minister
1105 2376 1255 2448 fuit.
1295 2378 1548 2472 Utique
1576 2378 1693 2472 qui
1724 2376 2077 2473 adoptaret
2106 2392 2243 2447 tam
2274 2402 2388 2471 pa-

287 2573 342 2623 6.
359 2574 906 2642 Imperaeurmnsuisse.
931 2572 1252 2644 Eligendum
1349 2576 1611 2635 tectorum,
1637 2572 1731 2644 qui
1750 2572 1909 2627 etiam
1931 2576 2227 2627 tricliniares
2242 2590 2385 2637 sune,

221 2668 410 2723 tie-pe
438 2662 656 2724 propter
681 2651 932 2705 virtutem
967 2653 1040 2705 ab
1073 2654 1252 2707 omni-
1340 2656 1645 2720 pulvinaria.
1682 2652 1823 2707 Hinc
1854 2656 2178 2715 lecakumia,
2216 2654 2389 2725 epulo

221 2730 340 2795 bus,
361 2732 460 2803 qui
479 2732 682 2785 salvam
705 2750 818 2785 esse
836 2740 1092 2804 cuperent
1117 2752 1254 2788 rem-
1349 2734 1501 2801 quasi
1514 2733 1841 2789 solenniores
1855 2733 2079 2787 deornm
2094 2772 2111 2799 ,
2131 2746 2232 2787 etc.
2244 2734 2390 2787 G.—

219 2811 512 2883 publieam.
540 2810 610 2865 G.
1353 2816 1578 2866 Liber-tas
1604 2824 1657 2867 et
1680 2814 2008 2885 principatus
2027 2833 2112 2867 res
2129 2814 2259 2867 olim
2282 2814 2389 2869 dis-

291 2912 348 2963 7.
387 2895 508 2943 Nisi
545 2907 714 2944 minen
749 2896 904 2963 quod.
947 2892 1122 2947 Immo
1162 2897 1260 2947 mlvi

221 2976 358 3040 qnod
370 2988 568 3033 emen,
593 2982 652 3025 ut
667 2970 996 3027 Schwsrzius
1021 2986 1074 3027 et
1088 2972 1260 3027 Gieri·

219 3050 338 3123 gius
361 3050 666 3106 edida-unt.
693 3050 825 3106 Vid.
855 3051 926 3106 ad
953 3052 1125 3125 Epist.
1140 3054 1255 3119 vl,

223 3150 312 3196 ει,
341 3136 400 3187 6.
417 3136 808 3185 -Nascuntun
843 3132 930 3185 Al.
965 3148 1252 3205 teaseanmr,

222 3212 368 3282 quod
395 3210 811 3281 prusa-endum.
839 3211 898 3265 S.

288 3290 448 3345 vm.
475 3310 524 3346 1.
539 3295 866 3361 Necjudiet'a.
883 3292 1022 3347 Huic
1043 3293 1258 3349 lectioni

221 3390 326 3423 non
365 3372 516 3427 favet
554 3370 718 3425 modo
737 3410 754 3435 ‚
789 3372 936 3427 Gud.
974 3374 1030 3427 11
1049 3410 1066 3437 ,
1108 3373 1254 3445 apud

221 3450 482 3505 Schwarz.
509 3450 607 3505 sed
640 3452 800 3507 etiam
823 3454 919 3527 qui
945 3456 1142 3524 judicio
1177 3454 1254 3507 le·

221 3542 352 3600 gunt
375 3544 650 3603 ωιτιιμο.
678 3531 766 3586 ΑΙ.
782 3536 1046 3603 judicium.
1074 3534 1144 3587 G.

287 3642 362 3653 -
377 3617 502 3663 Tua.
521 3613 776 3667 Annaea.
797 3617 888 3675 eui,
909 3613 1060 3688 quod
1081 3614 1254 3687 placet

217 3690 266 3742 J.
282 3691 350 3743 A.
365 3691 632 3745 Ernesti).
645 3691 902 3747 Protei-ea
921 3693 1102 3747 malim
1117 3710 1132 3745 :
1147 3700 1255 3747 Ita-

221 3790 312 3837 que
345 3775 424 3823 eui
453 3790 556 3823 non
589 3775 642 3822 in
671 3776 922 3835 cubiculo,
962 3786 1066 3829 etc.
1101 3775 1158 3829 S.
1181 3806 1256 3817 -

223 3852 482 3903 Genialem
506 3866 686 3904 torum.
722 3852 975 3925 Apposite
997 3852 1070 3907 ad
1085 3857 1252 3922 palvi-

221 3948 314 3981 mr
335 3929 488 3984 Iovis
520 3948 534 3981 :
575 3942 636 3983 ut
667 3930 810 3984 enim
830 3934 982 4002 fheus
1015 3932 1252 4006 privatus

223 4008 588 4081 unusquisque
623 4030 720 4062 ara
740 4014 902 4080 genii,
943 4013 1014 4066 ita
1047 4013 1249 4077 lectus,

221 4088 518 4161 oenjugnlis
533 4090 846 4160 presertim,
859 4095 998 4160 genii
1001 4096 1250 4161 pulvinar.

243 4173 340 4219 dm.-
383 4188 667 4221 musarum
713 4172 974 4226 rationem
1019 4174 1250 4239 habent3

1355 2892 1635 2947 sociabiles
1658 2892 1907 2964 aequitste
1925 2892 2145 2965 Trajani
2168 2896 2385 2967 junctae.

1354 2974 1459 3027 En.

1432 3072 1483 3105 a.
1504 3056 1701 3121 Utique.
1724 3052 1811 3109 Sic
1830 3052 2051 3106 omnino
2076 3050 2387 3123 legendum,

1353 3132 1489 3188 vidit
1514 3132 1839 3188 schwmius
1863 3151 1877 3187 :
1913 3137 2067 3207 eujus
2098 3130 2298 3195 codex,
2328 3142 2390 3186 ut

1353 3227 1407 3269 et
1423 3232 1609 3285 margo
1623 3213 1885 3279 Gadium,
1902 3228 2053 3282 utque
2062 3212 2151 3265 hic
2164 3210 2386 3265 habent.

1352 3297 1538 3361 Quum
1566 3293 1743 3349 literas
1771 3315 1825 3347 er
1852 3293 1928 3347 sic
1950 3292 2157 3361 signare
2182 3291 2389 3343 soleant

1351 3373 1577 3439 librarii,
1592 3385 1653 3426 ut
1670 3374 1877 3447 apicem
1895 3370 2201 3444 apum-ophi
2219 3370 2387 3423 instar

1351 3452 1424 3507 ad
1448 3452 1659 3506 literam
1682 3452 2068 3527 precedentem
2094 3449 2386 3523 adjiciant3

1352 3544 1575 3607 apparet
1590 3572 1609 3600 ,
1636 3532 1908 3605 quomodo
1935 3536 1957 3584 ι’
1980 3530 2133 3583 litera
2158 3530 2386 3585 obscure

1351 3613 1581 3686 scripta,
1604 3613 1689 3667 vel
1723 3612 1881 3685 plane
1910 3610 2111 3679 omitti,
2140 3612 2223 3665 vel
2247 3611 2301 3663 in
2330 3632 2387 3663 er

1351 3694 1549 3747 mutari
1568 3694 1818 3765 potuerit.
1847 3694 2109 3747 Caeternm
2132 3690 2283 3745 malit
2302 3692 2384 3745 vir

1350 3774 1685 3829 doctissimus
1700 3812 1717 3837 ‚
1753 3778 1841 3844 qui
1874 3775 2153 3843 adoptabat
2158 3796 2181 3835 ‚·
2214 3790 2385 3845 quum

1350 3866 1605 3927 sequntur
1618 3894 1635 3919 ,
1671 3858 1761 3923 qm·
1790 3858 2129 3923 adoptabat-is.
2168 3852 2383 3925 Cogita-

1348 3934 1499 4002 bam,
1520 3953 1587 3988 an
1607 3934 1743 3987 forte
1759 3934 1919 3989 fuerit
1930 3933 2381 4004 quum.Vocsbula

1350 4016 1719 4087 monosyllaba
1736 4052 1753 4079 ,
1794 4034 2027 4087 quorum
2062 4013 2379 4087 principium

1349 4108 1428 4149 est
1446 4117 1496 4165 q,
1514 4095 1763 4149 omnibus
1779 4094 1950 4150 modis
1969 4095 2176 4149 misceri
2192 4104 2243 4147 ct
2256 4112 2381 4147 con-

1353 4174 1507 4228 fundi
1539 4176 1595 4228 in
1622 4176 1765 4231 libris
1790 4178 2054 4251 antiquis,
2092 4196 2203 4229 non
2230 4172 2379 4245 igno-
