2857 4690
634 371 1151 444 PANEGYR.
1206 373 1329 440 CA
1350 374 1419 440 P.
1469 375 1733 442 Lxxl
1751 377 1834 442 X.

2141 375 2278 448 365

157 509 335 576 natui
378 505 606 576 debes.
649 507 751 576 Ut
798 507 975 577 enim
1026 519 1415 575 caeterorum
1459 505 1804 576 hominum
1823 560 1844 594 ‚
1891 510 1980 576 ita
2033 509 2280 604 princi-
2319 561 2347 595 2

158 639 349 708 pum,
392 610 661 682 illorum
710 613 943 698 etiam,
983 612 1097 705 qui
1132 609 1221 678 dii
1267 610 1391 680 sibi
1431 611 1738 682 videntur
1759 665 1781 698 ‚
1823 637 2038 683 aevum
2081 641 2281 685 omne

158 736 221 788 et
255 721 462 788 breve
506 732 575 788 et
614 715 845 812 fragile
888 730 1011 786 est.
1051 720 1287 811 Itaque
1324 718 1648 812 optimum
1693 743 2022 815 quemque
2055 723 2172 790 niti
2215 735 2283 791 et

159 823 561 897 contendere
607 823 798 894 decet
816 875 836 907 ‚
878 837 957 897 ut
1002 837 1155 918 post
1196 847 1267 892 se
1307 847 1572 918 quoque
1614 824 1992 919 reipublicae
2035 830 2244 922 prosit
2261 881 2282 914 ‚

160 931 629 1002 moderationis
677 928 925 1000 scilicet
971 930 1371 1024 j'ustitiaeque
1418 933 1894 1015 monumentis,
1939 957 2090 1028 quoe
2135 932 2282 1028 plu·

158 1040 324 1106 rima
366 1051 661 1107 statuere
698 1034 931 1106 consul
970 1048 1205 1130 potest.
1245 1039 1403 1105 Haee
1447 1060 1686 1131 nempe
1715 1037 1994 1108 intentio
2027 1055 2142 1108 tua
2157 1093 2176 1126 ‚
2207 1054 2285 1110 ut
2320 1071 2350 1123 3

158 1141 531 1214 libertatem
556 1165 827 1212 revoces
852 1165 933 1212 ac
958 1141 1235 1216 reducas
1264 1167 1279 1212 ε
1310 1165 1509 1236 quem
1539 1168 1702 1238 ergo
1727 1143 2048 1214 honorem
2077 1147 2286 1240 magis

161 1273 420 1336 amare,
451 1248 635 1344 quod
674 1271 921 1318 nomen
960 1270 1283 1342 usurpare
1332 1249 1568 1343 saepius
1603 1248 1834 1337 debeS‚
1867 1276 2069 1347 quam
2103 1251 2318 1347 quod,

162 1358 451 1450 primum
482 1357 736 1445 inyenit
764 1367 1153 1450 recuperata
1176 1352 1484 1424 libertas?
1512 1356 1669 1425 Non
1691 1359 2036 1426 estminus
2065 1357 2286 1441 civile,
2322 1396 2354 1454 4

164 1478 227 1532 et
278 1462 655 1556 principem
700 1485 841 1532 esse
890 1461 1171 1556 pariter,
1226 1475 1295 1530 et
1348 1459 1686 1532 consulem
1707 1513 1728 1548 ‚
1776 1487 1975 1558 quam
2027 1479 2286 1533 tantum

165 1567 529 1638 consulem.
580 1568 771 1638 Habe
809 1569 1009 1637 etiam
1058 1567 1383 1639 rationem
1426 1567 1844 1638 verecundiae
1887 1569 2286 1666 collegarum
2324 1602 2356 1654 5

168 1691 475 1763 tuorum3
516 1672 917 1770 collegarum
958 1674 1227 1767 inquam
1270 1699 1289 1742 ε
1334 1675 1425 1742 ita
1465 1675 1642 1744 enim
1687 1689 1756 1743 et
1797 1679 1938 1769 ipse
1974 1674 2289 1770 loqueris,

168 1795 233 1850 et
264 1807 391 1850 nos
418 1779 605 1874 loqui
634 1781 750 1850 vis.
782 1781 1083 1850 Onerosa
1109 1779 1237 1848 erit
1264 1777 1598 1848 modestiae
1623 1778 1882 1850 illorum
1919 1784 2096 1851 tertii
2129 1805 2288 1850 con·
2323 1815 2358 1864 6

166 1885 419 1958 sulatus
452 1887 557 1957 sui
589 1885 959 1964 recordatio
972 1937 995 1973 ‚
1024 1883 1239 1954 donec
1273 1898 1339 1954 te
1366 1882 1707 1954 consulem
1739 1886 2038 1956 videant:
2074 1911 2290 1980 neque

166 1995 341 2064 enim
369 2006 591 2088 potest
625 2017 760 2062 non
790 1992 1064 2062 nimium
1091 2014 1231 2060 esse
1266 1992 1544 2085 privatis
1559 2043 1580 2076 ‚
1614 1991 1794 2085 quod
1824 1994 2104 2087 principi
2135 1995 2290 2062 satis

166 2115 287 2168 est.
336 2101 613 2184 Annuas
627 2151 649 2184 ‚
702 2101 924 2170 Caesar
941 2150 964 2184 ,
1014 2097 1397 2192 optantibus
1412 2149 1434 2184 ,
1481 2097 1850 2192 quibusque
1900 2099 2080 2194 apud
2132 2099 2291 2168 deos

166 2203 397 2276 adesse
437 2205 771 2276 consuesti
786 2257 809 2294 ‚
849 2227 1135 2299 quorum
1176 2217 1413 2298 potens
1445 2227 1518 2273 es
1557 2206 1696 2298 ipse
1711 2257 1732 2291 ‚
1773 2221 2084 2276 votorum
2121 2229 2294 2276 com·

168 2325 360 2407 potes
386 2310 607 2385 facias.

264 2420 583 2487 LXXIX.
620 2418 922 2487 Fortasse
960 2414 1247 2485 sufficiat
1278 2414 1399 2485 tibi
1437 2418 1670 2486 tertius
1703 2416 2082 2488 consulatus
2118 2444 2138 2503 ς
2180 2418 2298 2489 sed

170 2523 365 2594 nobis
386 2537 581 2601 ‚tanto
620 2525 837 2607 minus
870 2520 1147 2593 sufficit:
1177 2519 1442 2591 illenos
1469 2524 1750 2593 instituit
1778 2537 1852 2593 et
1893 2524 2192 2613 induxit,
2221 2538 2300 2594 ut

171 2732 391 2792 propter
418 2718 727 2771 brevitatem
762 2718 933 2770 forma
956 2712 1191 2769 dicendi.

170 2800 497 2861 Sensusest,
521 2796 624 2850 nisi
662 2794 857 2859 fallor:
896 2792 952 2847 id
978 2792 1193 2849 credere

172 2890 257 2942 te,
282 2876 501 2933 munde
521 2875 775 2948 obsequio
798 2886 923 2939 tuo,
948 2873 1194 2929 consula-

172 2970 285 3011 tum
300 2956 575 3031 suscipias.
596 2956 665 3009 Ε.

246 3054 300 3089 2.
332 3038 575 3089 Plurima.
608 3032 840 3101 Quidam
862 3052 947 3102 pre
930 3035 1063 3093 i,ma
1090 3030 1197 3087 hoe

1280 2712 1432 2767 Idem
1451 2717 1609 2769 etium
1627 2718 1872 2773 observat
1896 2760 1911 2785 ,
1931 2738 2042 2774 esse
2069 2721 2126 2775 in
2148 2722 2304 2777 bonis

1281 2793 1430 2847 libris
1460 2814 1559 2868 pro
1586 2812 1764 2864 potens
1803 2818 1853 2849 es
1889 2800 2100 2853 brevius
2122 2818 2300 2869 potes:

1280 2872 1427 2943 quod
1453 2874 1692 2927 eamdem
1715 2876 1804 2928 hic
1821 2876 1926 2928 vim
1949 2876 2128 2931 habet.
2147 2878 2218 2932 G.
2233 2910 2305 2921 --

1281 2950 1518 3006 Adscivit
1553 2952 1658 3005 hoe
1683 2952 1964 3024 Gierigius.
1991 2955 2121 3007 vid.
2153 2958 2208 3011 J.
2235 2960 2302 3011 A.

1282 3030 1576 3083 Emestium
1608 3030 1676 3085 ad
1712 3030 1771 3083 h.
1800 3032 1840 3085 Ι.
1872 3032 1926 3085 S.
1970 3063 2042 3075 —
2089 3038 2226 3100 Quot·
2197 3056 2306 3087 mm

176 3130 290 3180 est,
311 3114 593 3189 pracipua.
610 3116 679 3169 G.
700 3110 1197 3183 —Ptoetulitprima
1278 3124 1451 3177 potem
1474 3128 1525 3160 es
1549 3113 1682 3177 ipse,
1705 3125 1939 3169 votvm-ns
1957 3132 2016 3163 eo
2019 3128 2177 3181 mpoee
2176 3134 2201 3164 s
2209 3118 2306 3183 fa·

174 3194 457 3267 Gierigius.
480 3197 603 3251 Non
624 3194 817 3249 imiter.
835 3185 993 3247 Unde
1012 3204 1199 3248 netum

177 3276 276 3339 sit,
301 3274 458 3328 docet
482 3274 749 3332 Drakenh.
770 3272 841 3330 ad
859 3274 1105 3339 Livium,
1124 3272 1197 3325 V.

216 3372 245 3423 ⁷
272 3440 325 3498 4.
340 3436 509 3484 Minus
522 3435 675 3486 civile.
692 3432 859 3503 AEque
872 3430 1069 3485 indicat
1088 3430 1203 3484 ani-

180 3530 331 3565 mum
366 3510 675 3583 equalitatis
710 3510 852 3565 illins
888 3512 1026 3564 inter
1061 3510 1203 3563 cives

180 3590 477 3643 studiosum
504 3602 559 3642 et
596 3589 869 3645 inimicum
909 3587 1203 3663 tyrannidis

180 3670 293 3722 sive
332 3668 509 3740 regni,
553 3666 596 3721 si
634 3668 678 3721 is
700 3708 716 3734 ,
749 3669 841 3740 qui
876 3670 1109 3741 primum
1144 3669 1201 3722 in

178 3747 449 3820 republica
476 3747 655 3800 locum
679 3741 872 3815 habet,
906 3764 1015 3800 non
1050 3746 1201 3800 dedi-

180 3839 373 3898 gnetur
390 3827 721 3881 consulatum
740 3864 759 3890 ,
790 3844 954 3900 quem
980 3827 1025 3879 si
1048 3826 1202 3879 illum

181 3918 333 3976 gerat
346 3906 523 3977 quivis
538 3905 693 3961 elius.
706 3906 777 3959 G.

252 3989 307 4039 6.
324 3989 482 4055 Apud
510 3988 629 4039 deos
655 3988 840 4037 adesse.
860 3986 947 4038 sic
978 4004 1079 4057 pro
1104 4004 1205 4037 esu

186 4066 410 4119 aliorum
427 4084 460 4118 e
474 4064 619 4119 MSS.
638 4063 865 4119 restituit
882 4102 899 4131 ,
924 4078 978 4118 et
994 4068 1203 4137 conjec—

188 4158 334 4199 tures
354 4144 581 4199 alim-um
604 4143 829 4199 firmavit
854 4143 1199 4199 schwartius.

1284 3191 1405 3240 cias.
1425 3194 1568 3240 Potes
1587 3206 1618 3241 e
1636 3188 1785 3242 libris
1801 3206 1904 3243 scr.
1935 3202 1988 3243 et
2011 3190 2136 3244 edd.
2161 3190 2308 3244 dedit

1284 3267 1628 3323 schwuziua.
1662 3269 1818 3323 Recte
1849 3286 2028 3339 potens
2063 3290 2112 3321 es
2151 3270 2308 3341 plane

1286 3347 1519 3399 alienum
1557 3360 1664 3413 est,
1693 3367 1794 3403 nec
1829 3348 1988 3403 habet
2023 3348 2304 3415 eumdem,

1286 3444 1446 3497 quem
1467 3442 1649 3495 potes,
1689 3446 1920 3481 sensum.
1965 3429 2158 3482 Sensus
2193 3441 2304 3493 est,

1288 3518 1558 3579 compotes
1582 3506 1746 3560 redde
1763 3518 2016 3560 votorum·
2026 3526 2124 3559 nos
2143 3509 2306 3580 ‚quia

1288 3597 1368 3639 est
1389 3586 1443 3639 in
1469 3598 1562 3639 tua
1593 3596 1884 3659 potestate,
1915 3604 2016 3639 nos
2039 3600 2308 3658 compotes

1288 3664 1526 3719 reddere.
1543 3668 2220 3735 Atpotensesipsevosorum,
2241 3668 2310 3721 si-

1288 3744 1506 3817 gnificat
1516 3784 1532 3805 ,
1549 3764 1776 3817 quorum
1784 3756 2028 3798 votorum
2041 3744 2154 3816 ipse
2169 3764 2310 3801 eom·

1289 3842 1389 3896 pos
1418 3826 1590 3879 factus
1621 3842 1696 3877 es.
1731 3824 1868 3877 Nam
1898 3822 2003 3877 hoc
2029 3836 2108 3877 est
2135 3841 2309 3893 potens

1288 3908 1432 3965 voti,
1468 3904 1598 3957 nihi!
1635 3902 1801 3958 eliud.
1821 3902 1952 3957 vid.
1987 3902 2144 3957 Ovid.
2179 3904 2307 3959 Met.

1290 3984 1461 4047 vm,
1485 3986 1584 4047 80,
1629 3996 1747 4053 ⁴09·
1779 3984 1916 4037 Eu.
1949 4014 2018 4025 —-
2049 3984 2310 4038 Ceterum

1288 4065 1444 4115 alicui
1471 4067 1610 4132 apud
1636 4068 1754 4115 deos
1783 4067 1953 4115 adesse
1995 4080 2142 4115 nune
2181 4062 2310 4115 dixit
2422 4122 2428 4129 ,

1292 4162 1409 4215 pro,
1420 4142 1632 4197 alterius
1649 4161 1830 4215 preces
1843 4142 1952 4197 suis
1961 4142 2231 4215 adjuvare.
2245 4142 2309 4193 Ε.
