2857 4690
511 342 604 415 30
1089 346 1168 413 C.
1225 344 1567 414 PLINII
1620 346 1812 412 LIB.
1848 346 2066 414 VIII.

412 480 474 533 23
508 464 782 537 Planius
818 481 1138 559 repetam.
1181 466 1366 555 Nisi,
1408 466 1673 537 dicente
1714 468 2110 537 sententiam
2150 492 2273 555 eo,
2310 470 2427 563 qui
2469 470 2643 541 rele-

509 590 661 671 gat,
705 574 835 660 illi,
869 576 988 669 qui
1029 576 1324 669 puniunt
1363 576 1617 670 capite,
1654 577 1849 647 initio
1888 578 2111 647 statim
2152 578 2223 647 in
2258 578 2387 648 alia
2424 579 2646 651 disce-

461 702 464 705 ’
507 686 710 773 dunt,
755 684 1004 755 frustra
1049 701 1280 780 postea
1325 685 1723 757 dissentient
1768 686 1855 755 ab
1900 710 2019 774 eo,
2066 688 2176 757 cui
2213 686 2441 782 paullo
2482 705 2648 759 ante

403 808 471 865 24
505 797 983 873 consenserint.
1017 795 1148 867 Sed
1185 796 1349 889 quid
1383 820 1509 891 ego
1542 794 1775 865 similis
1808 794 2109 885 docenti,
2140 820 2351 891 quum
2386 797 2645 869 discere

503 906 700 977 velim
715 960 735 991 ‚
763 932 852 977 an
880 905 1241 977 sententias
1265 906 1513 993 dividi,
1538 930 1627 975 an
1656 906 1739 974 iri
1766 906 1837 974 in
1858 904 2155 1001 singulas
2171 957 2191 992 ,
2218 906 2645 1002 oportuerit?

503 1017 790 1087 Obtinui
836 1015 1106 1111 quidem
1125 1069 1146 1102 ,
1181 1016 1370 1110 quod
1407 1014 1836 1112 postulabam
1877 1042 1894 1085 :
1934 1015 2375 1087 nihilominus
2412 1032 2643 1087 tamen

503 1152 764 1223 quaero,
807 1152 896 1197 an
939 1126 1278 1223 postulare
1327 1126 1673 1197 debuerim
1692 1180 1711 1213 ,
1754 1150 1843 1195 an
1887 1126 2239 1196 abstinere.
2285 1126 2639 1216 Quemad-

503 1237 776 1309 modum
816 1236 1128 1308 obtinui?
1159 1240 1262 1322 Is,
1291 1239 1410 1332 qui
1446 1237 1759 1308 ultimum
1794 1235 2202 1331 supplicium
2237 1237 2641 1308 sumendum

500 1372 641 1417 esse
677 1348 1018 1435 censebat,
1053 1348 1277 1417 nescio
1293 1400 1313 1435 ,
1343 1372 1432 1417 an
1461 1348 1652 1442 jure,
1687 1360 1863 1416 certe
1896 1346 2209 1442 aequitate
2239 1345 2640 1442 postulatio-

499 1458 606 1526 nis
645 1482 805 1527 meae
843 1458 1094 1546 victuS,
1133 1458 1376 1529 omissa
1409 1460 1737 1528 sententia
1774 1482 1927 1545 sua,
1962 1459 2239 1529 accessit
2271 1457 2599 1555 relegenti
2622 1474 2675 1529 ε’

497 1568 752 1639 veritus
778 1567 1060 1651 scilicet,
1087 1594 1206 1655 ne,
1240 1570 1296 1637 si
1332 1567 1793 1639 dividerentur
1838 1570 2180 1639 sententiae
2222 1569 2427 1665 (quod
2472 1570 2644 1640 alio—

497 1680 616 1773 qui
651 1678 796 1747 fore
842 1677 1252 1774 videbatur),
1292 1702 1401 1764 ea,
1446 1693 1594 1774 quae
1634 1677 2073 1748 absolvendos
2114 1702 2253 1748 esse
2292 1680 2645 1767 censebat,

495 1814 778 1867 numero
805 1786 1209 1884 praevaleret.
1225 1790 1493 1859 Etenim
1520 1788 1720 1885 longe
1744 1788 1970 1883 plures
1998 1790 2069 1857 in
2091 1788 2220 1858 hac
2245 1814 2411 1876 una,
2430 1813 2643 1883 quam

394 1910 461 1962 25
499 1899 568 1969 in
601 1898 860 1969 duabus
895 1897 1213 1995 singuliS,
1251 1914 1464 1968 erant.
1489 1902 1665 1968 Tum
1710 1898 1805 1968 illi
1844 1924 2145 1993 quoque,
2182 1900 2297 1993 qui
2336 1901 2641 1969 auctori-

495 2024 631 2079 tate
669 2009 811 2104 ejus
856 2009 1332 2094 trahebantur,
1359 2022 1745 2079 transeunte
1783 2006 1933 2095 illo,
1971 2007 2307 2095 destituti,
2342 2006 2639 2102 relique—

495 2134 656 2189 runt
717 2120 1118 2189 sententiam
1175 2118 1259 2189 ab
1318 2120 1467 2213 ipso
1533 2134 1806 2188 auctore
1865 2117 2249 2204 desertam,
2292 2120 2645 2212 secutique

275 2317 290 2331 ⁸
395 2246 461 2297 26
495 2246 654 2301 sunt
677 2231 875 2326 quasi
906 2228 1354 2323 transfugam,
1385 2252 1585 2322 quem
1618 2227 1858 2297 ducem
1895 2227 2366 2322 sequebantur.
2404 2229 2517 2297 Sic
2554 2254 2641 2299 ex

496 2340 711 2413 tribus
747 2340 1088 2412 sententiis
1126 2337 1274 2408 duae
1313 2336 1537 2426 ihctae3
1580 2338 1925 2432 tenuitque
1966 2362 2051 2406 ex
2085 2334 2346 2407 duabus
2388 2336 2639 2428 altera,

495 2454 691 2524 tertia
735 2448 1042 2546 expulsa,
1079 2473 1228 2545 quae
1269 2471 1481 2542 quum
1519 2445 1746 2516 ambas
1782 2471 1919 2516 non
1968 2461 2228 2540 posset,
2272 2445 2506 2541 elegit,
2542 2447 2637 2516 ab

493 2579 646 2634 utra
682 2563 1076 2632 vinceretur.
1102 2557 1293 2628 Vale.

491 2765 592 2822 sihi
604 2772 964 2836 opponuntur.
981 2760 1128 2830 Saepe
1143 2758 1216 2812 ita
1233 2769 1511 2830 peccatum
1608 2761 1725 2809 dum
1744 2761 1979 2812 abstinuit
1996 2762 2063 2820 is,
2089 2762 2180 2827 qm·
2198 2762 2417 2810 ultimum
2426 2795 2623 2812 ......

494 2865 527 2899 a
550 2841 797 2898 librariis.
825 2839 952 2893 Vid.
977 2837 1246 2894 Drakenb.
1285 2835 1358 2890 ad
1385 2836 1509 2891 Liv.
1607 2839 1847 2890 censebat.
1881 2840 2057 2892 Nescio
2090 2857 2159 2890 an
2179 2842 2327 2907 jure,
2361 2849 2461 2893 etc.
2494 2838 2634 2903 Qua

493 2925 606 2991 1x,
632 2941 688 2994 7,
718 2924 770 2976 5.
801 2920 855 2974 S.
1605 2915 1674 2970 ab
1712 2915 1999 2970 editoribus
2037 2917 2111 2970 ita
2146 2917 2429 2974 informata
2461 2929 2633 2989 puto,

567 3010 654 3068 ²4·
693 3007 774 3054 An
805 2999 1066 3052 sententias
1095 2999 1252 3048 dividi
1266 3035 1284 3057 ‚
1327 3015 1394 3047 aa
1427 2997 1506 3047 iri.
1604 3013 1771 3067 quum
1796 2996 1957 3050 semel
1983 3014 2081 3067 pro
2114 3000 2306 3050 obtirmi
2334 2997 2633 3068 irrepsisset

425 3125 442 3141 .
492 3086 632 3139 Cave
658 3092 809 3154 putes
835 3079 948 3131 hoec
979 3095 1090 3131 esse
1125 3075 1363 3130 membra
1396 3073 1509 3128 dis·-
1604 3079 1854 3130 abstinuit.
1878 3075 2175 3133 Plinianum
2202 3088 2279 3130 est
2305 3077 2377 3130 ita
2402 3077 2635 3132 interro-

487 3167 675 3238 juncta
697 3179 711 3212 :
739 3165 802 3222 ἡ,
827 3177 921 3219 an,
947 3175 1045 3229 per
1072 3155 1385 3228 anaphoram
1409 3173 1507 3226 po·
1604 3175 1758 3228 gare,
1788 3167 1841 3210 et
1868 3157 1970 3210 sibi
1989 3154 2309 3230 respondere
2327 3191 2344 3217 ‚
2367 3153 2477 3208 vid.
2503 3157 2591 3208 111
2610 3195 2629 3220 ,

492 3241 723 3298 sitanon
747 3237 902 3294 aliam
927 3234 1253 3299 vimhabet,
1281 3233 1509 3305 quamsi
1604 3255 1673 3302 9,
1712 3236 1918 3304 23V1,
1964 3255 2029 3300 2,
2060 3237 2261 3302 1;V1,
2287 3232 2386 3297 23,
2418 3234 2629 3301 13V1,

491 3323 564 3378 ita
602 3318 829 3376 dedisset
853 3315 1089 3386 Plinius,
1129 3319 1212 3366 An
1245 3297 1507 3366 sentefflias
1607 3336 1671 3386 ²9
1688 3353 1707 3380 ,
1741 3334 1762 3369 1
1787 3354 1804 3379 ,
1830 3335 1912 3386 sq.
1928 3333 1945 3379 3
1974 3315 2050 3366 Ix
2067 3352 2082 3379 ,
2110 3332 2194 3384 17,
2229 3333 2256 3366 2
2276 3351 2293 3377 ,
2320 3313 2407 3366 vel
2434 3331 2633 3384 propo-

491 3404 669 3462 dividi,
701 3403 796 3450 ET
817 3399 880 3450 iri
903 3398 956 3447 in
983 3397 1198 3464 singulas
1223 3397 1504 3462 oportuerit.
1602 3415 1729 3450 nere
1748 3393 1993 3467 quaedam
2011 3391 2205 3448 deinde
2222 3391 2505 3464 repetenda
2520 3432 2536 3458 ‚
2564 3405 2633 3446 ut

492 3483 607 3536 Hoc
641 3477 782 3532 enim
817 3489 894 3530 est
924 3473 1161 3528 dividere
1192 3473 1471 3527 sententias
1490 3511 1507 3538 ,
1604 3493 1725 3528 mox
1738 3473 1875 3526 VIII
1892 3514 1907 3538 ‚
1932 3473 2018 3537 18,
2042 3475 2097 3536 6,
2118 3485 2179 3526 ut
2194 3472 2305 3535 lx,
2333 3473 2420 3534 16,
2448 3489 2499 3534 1,
2518 3481 2627 3526 etc.

489 3563 536 3617 si
555 3578 664 3616 non
689 3559 744 3612 in
766 3555 900 3612 duas
921 3554 1243 3628 conjunctim
1261 3554 1386 3616 itur,
1413 3551 1509 3606 sed
1604 3552 1876 3608 Mediceus
1903 3551 2037 3606 liber
2060 3550 2217 3606 etiam
2236 3551 2397 3604 verba
2422 3569 2491 3604 an
2510 3555 2630 3604 abs·

491 3643 550 3696 in
587 3637 840 3710 singulas.
877 3635 1113 3690 Malebat
1151 3632 1363 3688 conius
1409 3650 1509 3703 pro
1606 3637 1758 3687 cinere
1770 3632 1983 3686 omittit.
2000 3629 2333 3687 servavimus
2350 3649 2435 3694 ea,
2452 3649 2631 3702 quum

493 3717 770 3795 posteriori
794 3735 862 3768 an
886 3714 988 3786 legi
1015 3733 1078 3766 ac
1094 3734 1114 3766 .·
1147 3711 1294 3786 quod
1322 3709 1511 3765 eodem
1606 3711 1752 3785 quod
1800 3730 2015 3766 sensum
2065 3728 2173 3764 non
2222 3707 2630 3764 incommodum

492 3798 648 3855 redit.
675 3795 744 3851 G.
1604 3792 1801 3846 habere
1848 3803 2102 3864 possunt3
2151 3789 2436 3844 subaudire
2480 3789 2629 3844 enim

565 3910 634 3920 -
655 3876 1073 3946 Quemadmodum
1101 3873 1321 3924 obtinui?
1351 3869 1507 3941 Capi·
1604 3871 1724 3925 licet
1742 3909 1757 3933 ‚
1792 3875 2036 3924 abstinere
2070 3890 2105 3920 a
2126 3871 2427 3938 postulando
2454 3889 2473 3920 .·
2506 3879 2629 3922 tum

491 3957 612 4012 talis
625 3952 922 4012 emendatio
937 3949 1222 4005 eMediceo
1235 3949 1372 4002 libro
1387 3967 1508 4020 pro-
1603 3949 1749 4021 quod
1798 3949 1923 4002 inde
1966 3958 2138 4020 potest
2178 3947 2397 4017 intelligi
2418 3983 2433 4010 ,
2478 3947 2629 4000 unde

491 4041 598 4094 lata
620 4056 653 4091 a
673 4033 871 4093 Cortio.
898 4029 1134 4104 Reliqui,
1157 4035 1238 4082 Aa
1251 4033 1507 4099 postulare
1605 4028 1737 4082 illud
1784 4030 1998 4082 abstinui
2036 4047 2131 4098 pro
2172 4027 2363 4079 obtinui
2402 4025 2630 4097 irrepse-

491 4121 736 4174 debum‘m
751 4154 768 4182 ,
802 4135 868 4168 an
896 4113 1159 4174 alenium,
1188 4111 1508 4177 quemadmo-
1604 4107 1689 4162 rit.
1724 4107 1789 4162 G.
