2857 4690
938 389 1498 462 EXCURSUS
1549 395 1604 461 Ι.
2184 428 2319 500 ²²7

220 516 426 587 refert
450 515 578 586 nisi
622 513 1031 585 «clamorem
1087 533 1363 608 vagum,
1410 528 1479 584 et
1518 537 1714 584 voces
1753 517 2017 605 inanes,
2063 533 2131 594 et
2170 545 2328 616 gau-

216 627 401 696 dium
430 625 767 696 volucre».
803 627 891 694 Et
919 648 1067 717 cap.
1118 647 1245 694 10:
1285 623 1628 712 «Quando
1666 627 2134 698 recitationum
2153 631 2328 704 fama

220 739 291 806 in
342 750 551 806 totam
596 735 833 804 urbem
874 733 1218 830 penetrat?
1252 733 1500 803 nedum
1535 747 1613 803 ut
1653 759 1772 828 per
1821 750 1922 804 tot
1956 740 2328 831 provincias

216 847 609 914 innotescat.
636 874 671 910 »
2397 926 2402 934 ⁴

314 956 640 1050 Scriptor,
671 953 788 1023 ubi
808 953 1333 1023 ad-recitandum
1362 953 1725 1048 prodierat,
1751 955 2040 1049 primum
2051 961 2327 1054 praesa·

218 1070 465 1134 tionem
494 1064 759 1134 dicebat
784 1065 885 1160 (1,
916 1067 1043 1157 Ep.
1092 1061 1177 1134 13
1196 1117 1215 1152 ,
1264 1065 1369 1160 2),
1406 1089 1538 1159 qua
1566 1065 1648 1134 de
1678 1065 1956 1137 consilio
1990 1093 2111 1138 suo
2153 1096 2329 1142 non-

216 1173 401 1244 nulla
461 1173 782 1243 disserere
800 1225 819 1260 ,
884 1187 1027 1241 tum
1074 1198 1159 1242 se
1220 1172 1595 1268 librumque
1647 1197 1842 1244 suum
1915 1177 2330 1250 audientium

214 1283 693 1354 benevolentiae
724 1283 1221 1372 commendare,
1257 1298 1376 1353 aut
1418 1282 1579 1371 alia,
1619 1307 1766 1378 quae
1806 1309 1911 1354 res
1952 1301 2022 1355 et
2068 1301 2331 1386 tempus

214 1393 721 1490 suppeditarent
742 1445 761 1478 ,
792 1391 1035 1487 qualia,
1069 1395 1265 1480 VIII,
1294 1398 1423 1487 Ep.
1465 1418 1583 1480 21,
1621 1419 1660 1463 2
1700 1416 2330 1491 commemorantur,

218 1528 551 1600 exponere
602 1501 877 1572 solebat.
927 1505 1101 1571 Tum
1146 1500 1393 1572 librum
1414 1555 1435 1588 ,
1479 1527 1678 1597 quem
1729 1502 2050 1598 plicatum
2103 1533 2330 1580 secum

214 1613 562 1700 attulerat,
596 1611 975 1699 evolvebat,
1013 1611 1401 1708 legebatque
1417 1665 1440 1700 ,
1481 1613 1615 1702 vel,
1659 1629 1733 1683 ut
1767 1613 2023 1686 Plinius
2041 1669 2063 1702 ,
2109 1633 2328 1692 totum

216 1749 385 1819 opus
446 1723 684 1794 ordine
704 1775 725 1810 ,
772 1722 911 1808 vel,
960 1722 1143 1817 quod
1182 1721 1293 1792 alii
1348 1721 1722 1809 malebant,
1771 1722 1978 1796 electa
2036 1742 2330 1818 tantum,

214 1837 351 1904 sive
390 1849 473 1903 ut
505 1832 763 1903 facilius
786 1830 1050 1904 laudem
1098 1834 1460 1918 inveniret,
1495 1833 1634 1902 sive
1659 1857 1745 1901 ne
1771 1835 2039 1906 taedium
2067 1838 2334 1912 afferret

216 1942 587 2032 sodalibuS,
616 1946 819 2030 VIII,
851 1947 975 2038 Ep.
1016 1967 1131 2030 21,
1168 1943 1207 2035 S
1238 1945 1327 2028 [μ
1368 1941 1550 2037 quod
1593 1941 1860 2012 taedium
1891 1945 2148 2018 Plinius
2189 1975 2332 2021 non

215 2053 727 2150 pertimescebat
740 2105 759 2138 ‚
779 2078 989 2147 quum
1011 2054 1379 2127 amicorum
1412 2077 1554 2121 esse
1583 2053 2017 2142 existimaret,
2043 2081 2183 2126 non
2208 2083 2331 2128 vo·

215 2165 493 2262 luptatis
519 2187 747 2235 caussa
776 2165 1149 2250 convenire,
1176 2161 1289 2232 sed
1319 2177 1409 2232 ut.
1426 2161 1674 2232 librum
1709 2163 2048 2234 recitantis
2077 2167 2332 2239 bonum

218 2275 595 2376 redderent.
638 2275 815 2342 Tum
852 2272 1131 2368 quisque
1147 2324 1169 2355 ‚
1214 2286 1540 2367 quantum
1585 2287 1885 2368 poterat,
1917 2285 2329 2371 pronuntia-

218 2393 425 2456 tiomk
448 2383 856 2476 adjumenta
890 2384 1245 2455 adhibebat
1258 2437 1277 2471 ‚
1310 2397 1387 2454 ut
1414 2386 1676 2480 scriptis
1707 2385 1988 2479 gratiam
2023 2388 2296 2461 adderet
2311 2446 2332 2481 ,

216 2496 737 2589 auditorumque
770 2495 1208 2563 intentionem
1252 2496 1453 2563 etiam
1489 2494 1894 2565 extrinsecus
1923 2495 2028 2567 vel
2065 2498 2332 2571 blandi-

218 2607 463 2675 mentis
500 2603 895 2698 quibusdam
924 2617 1189 2698 caperet
1208 2655 1227 2688 ‚
1254 2603 1353 2673 vel
1383 2602 1626 2673 aculeis
1657 2604 1994 2677 excitaret.
2019 2611 2162 2680 Hac
2187 2628 2331 2684 arte

216 2718 419 2786 etiam
458 2738 651 2810 nugoe
692 2712 1170 2809 probabantur.
1215 2716 1451 2782 Horat.
1490 2716 1560 2801 Ι,
1591 2714 1717 2807 Ep.
1769 2738 1886 2810 19,
1914 2719 2042 2801 [με

430 2879 1159 2898 ...................
1188 2838 1381 2916 spissis
1407 2834 1644 2916 in'digna
1669 2838 1907 2899 theatris

422 2936 651 3014 Scripta
678 2935 861 3014 pudet
888 2935 1160 3006 recitare,
1186 2946 1247 2992 et
1268 2932 1434 3011 nugis
1462 2933 1676 2993 addere
1699 2936 1945 3014 pondus.

221 3049 361 3137 Qui
394 3068 571 3139 ergo
630 3044 717 3114 ab
780 3042 1179 3138 adjumentis
1233 3041 1362 3111 illis
1428 3043 1650 3111 minus
1718 3043 1972 3116 validus
2037 3065 2181 3119 erat
2202 3102 2223 3135 ,
2279 3054 2333 3122 is

220 3156 473 3227 librum
525 3154 639 3224 alii
698 3152 1269 3250 pronuntiandum
1326 3151 1664 3238 tradebat,
1697 3168 1775 3223 ut
1804 3153 2058 3226 Plinius
2105 3183 2332 3233 versus

222 3292 383 3337 suos
418 3263 695 3353 liberto,
724 3278 922 3359 atque
952 3266 1095 3360 ipse
1130 3264 1397 3332 interim
1427 3277 1546 3332 aut
1571 3262 1824 3333 defixus
1847 3266 2146 3353 sedebat,
2187 3286 2331 3362 aut,

220 3401 373 3472 quae
410 3374 1037 3471 pronuntiabantur,
1062 3399 1405 3443 murmure
1422 3428 1444 3462 ,
1471 3372 1710 3462 oeulis,
1744 3400 1948 3444 manu
1979 3400 2334 3475 proseque-

218 3488 452 3571 batur,
486 3486 615 3571 IX,
650 3488 773 3578 Ep.
820 3484 934 3569 34.
968 3485 1207 3578 Neque
1238 3506 1432 3553 aures
1465 3496 1727 3552 tantum
1757 3482 1843 3551 ad
1871 3482 2121 3576 judicia
2149 3490 2333 3560 audi-

228 3612 453 3665 torum
504 3608 791 3663 attentas
832 3592 1165 3663 habebant
1212 3593 1560 3662 recitantes
1578 3646 1598 3679 ,
1639 3590 1752 3661 sed
1791 3591 2084 3687 obliquis
2129 3600 2330 3674 etiam

222 3704 443 3776 oculis
485 3703 1145 3798 circumspiciebant,
1180 3717 1264 3771 ut.
1290 3726 1370 3770 ex
1399 3701 1586 3771 vultu
1605 3754 1626 3788 ,
1661 3714 1866 3787 nutu,
1897 3726 2133 3789 manu,
2161 3734 2334 3781 mur.

228 3840 443 3899 mure,
498 3812 763 3883 silentio
788 3866 808 3899 ,
871 3812 1037 3907 quid
1098 3813 1379 3908 quisque
1443 3811 1718 3881 sentiret
1743 3863 1762 3897 ,
1827 3814 2281 3909 perspicerent
2310 3849 2328 3893 :

226 3950 441 4019 eaque
481 3924 645 3993 satis
686 3924 935 4019 apertis
977 3924 1153 3991 notis
1178 3921 1506 4016 judicium
1537 3918 1620 3988 ab
1647 3920 2064 3993 humanitate
2092 3926 2334 4000 discet.

226 4060 391 4104 nere
414 4035 639 4109 bonus
674 4032 929 4103 Plinius
964 4055 1349 4127 persuasum
1380 4030 1509 4099 sibi
1537 4028 1844 4113 habebat,
1869 4033 1954 4117 V,
1979 4035 2103 4128 Ep.
2133 4037 2218 4127 ·3,
2261 4066 2331 4135 9,

228 4142 516 4216 Silentio
545 4166 745 4236 quam
774 4142 909 4211 vim
938 4142 1276 4228 tribuerit,
1303 4142 1403 4225 ΙΙ,
1426 4142 1553 4233 Ep.
1597 4164 1694 4227 ιο,
1725 4164 1765 4236 7
1795 4140 2115 4213 declarat:
2144 4174 2178 4211 τι
2201 4174 2337 4242 quo

1925 4280 1946 4323 ι
1965 4252 2006 4323 5
2023 4308 2038 4325 .
