2857 4690
733 361 1251 468 PANEGYR.
1305 399 1502 468 cAP
1549 399 1876 467 vau.
2216 394 2356 492 347·

212 517 597 588 affirmatio
626 518 695 586 in
724 516 953 589 vultu!
992 518 1343 612 quanta-in
1378 517 1622 607 oculiS,
1657 518 1925 604 habitu,
1959 533 2178 614 gestu,
2213 534 2358 590 toto

214 629 531 722 denique
568 649 851 722 corpore
892 626 1089 698 fides!
1135 629 1417 699 Tenebit
1457 653 1619 724 ergo
1661 653 1952 723 semper,
1985 627 2170 723 quod
2210 653 2360 698 sua·-
2396 665 2428 698 2

212 739 379 808 serit
411 764 431 806 ε
462 738 765 833 scietque
806 761 929 808 nos
948 790 969 825 ,
1002 740 1261 832 quoties
1295 737 1668 810 libertatem
1687 793 1708 828 ,
1749 763 1952 834 quam
1991 739 2211 824 dedit,
2249 763 2360 808 ex-

214 851 607 942 periemur,
664 848 790 920 sibi
842 872 1118 944 parere:
1170 874 1295 918 nec
1330 849 1692 919 verendum
1745 863 1878 934 est,
1924 872 2010 917 ne
2058 849 2360 918 incautos
2395 864 2430 918 3

212 972 455 1052 putet,
506 959 565 1026 si
614 957 931 1028 fidelitate
982 973 1359 1053 temporum
1408 972 1790 1030 constanter
1837 971 2143 1042 utamur,
2191 983 2358 1052 quos

212 1069 547 1137 meminit
594 1067 717 1138 sub
767 1065 946 1137 malo
995 1065 1299 1164 principe
1353 1067 1547 1138 aliter
1593 1069 1886 1138 vixissse.
1949 1069 2360 1162 Nuncupare

215 1193 377 1246 vota
424 1193 505 1248 et
554 1204 679 1274 pro
728 1178 1096 1248 aeternitate
1146 1179 1448 1274 imperii,
1503 1194 1573 1248 et
1619 1203 1744 1274 pro
1798 1176 2012 1250 salute
2063 1177 2360 1247 civium?

214 1289 432 1358 immo
480 1315 611 1385 pro
658 1288 867 1360 salute
915 1289 1331 1384 principum,
1372 1315 1452 1360 ac
1492 1304 1768 1386 propter
1809 1288 1955 1360 illos
2000 1313 2126 1384 pro
2171 1303 2358 1358 aeter·

212 1399 433 1468 nitate
490 1401 761 1494 imperii
808 1397 1205 1470 solebamus.
1259 1405 1419 1471 Haec
1467 1425 1592 1497 pro
1641 1401 1922 1497 imperio
1969 1415 2235 1485 nostro,
2287 1400 2356 1468 in
2395 1417 2427 1476 4

214 1532 363 1602 quae
408 1507 557 1579 sint
606 1509 809 1580 verba
853 1526 1161 1606 suscepta
1175 1565 1197 1600 ,
1241 1537 1462 1607 operae
1505 1511 1796 1605 pretium
1840 1525 1942 1580 est
1981 1525 2304 1582 annotare
2335 1535 2354 1580 ε

216 1641 277 1687 st
304 1642 495 1688 mum
526 1631 1037 1691 umrnnuc‘AM
1066 1645 1151 1691 m·
1180 1647 1273 1692 Ex
1301 1647 1672 1694 utrarum
1699 1645 1995 1693 omnum
2028 1645 2353 1692 nemius:

216 1727 425 1822 digna
470 1743 631 1800 vota
659 1783 679 1818 ,
732 1755 879 1825 quae
926 1755 1191 1826 semper
1236 1734 1730 1828 suscipiantur,
1778 1757 2169 1828 semperque
2223 1731 2356 1802 sol-

218 1854 493 1908 vantur.
522 1841 682 1936 Egit
712 1863 864 1910 cum
892 1841 1051 1930 diis,
1078 1843 1225 1937 ipso
1254 1857 1321 1912 te
1347 1856 1649 1931 auctore,
1675 1845 1917 1922 Caesar,
1945 1842 2316 1938 respublica
2333 1895 2354 1924 .,
2392 1847 2426 1901 5

220 1962 298 2015 ut
343 1962 415 2018 te
466 1949 785 2044 sospitem
832 1949 1367 2046 incolumemque
1408 1965 1831 2046 praestarent,
1866 1952 1923 2020 si
1968 1967 2042 2021 tu
2083 1967 2355 2022 caeteros

218 2061 645 2152 praestitisses
681 2085 697 2128 ε
740 2061 799 2130 si
835 2076 1114 2148 contra,
1143 2061 1239 2130 illi
1272 2087 1544 2157 quoque
1575 2086 1614 2131 a
1650 2061 1952 2131 custodia
1985 2063 2082 2130 tui
2119 2063 2355 2157 capitis

224 2168 451 2239 oculos
509 2169 959 2257 dimoverent,
1014 2186 1209 2266 teque
1259 2170 1712 2266 relinquerent
1761 2172 1965 2260 votis,
2015 2195 2162 2266 quse
2215 2196 2353 2240 non

222 2277 999 2376 palamsusciperentur.
1037 2281 1169 2353 Alii
1210 2307 1281 2353 se
1314 2284 1700 2379 superstites
1741 2280 2123 2378 reipublicae
2154 2279 2355 2377 opta-'
2387 2289 2423 2340 6

222 2385 419 2473 bant,
458 2390 925 2486 faciebantque
970 2420 987 2462 τ
1034 2393 1157 2463 tibi
1198 2394 1374 2464 salus
1416 2408 1534 2465 tua
1571 2396 1781 2465 invisa
1825 2410 1958 2482 est,
1995 2395 2051 2464 si
2087 2421 2226 2465 non
2266 2397 2352 2467 sit

222 2522 373 2567 cum
430 2500 822 2595 reipublicae
870 2499 1085 2573 salute
1137 2505 1542 2599 conjuncta:
1595 2502 1764 2574 nihil
1818 2529 1943 2599 pro
1986 2519 2054 2573 te
2103 2506 2350 2601 pateris

223 2610 476 2701 optari,
526 2612 656 2681 nisi
704 2611 1013 2708 expediat
1057 2614 1450 2709 optantibus
1494 2642 1510 2684 z
1553 2614 1996 2710 omnibusque
2040 2616 2234 2685 annis
2279 2618 2350 2685 in

293 2822 341 2856 2.
364 2810 519 2875 Quod
531 2810 755 2859 suaserit.
783 2806 1107 2863 schwartius
1125 2808 1237 2863 edi·-
1324 2812 1498 2865 civium
1515 2811 1700 2883 reponi
1721 2812 1908 2865 volunt
1919 2816 2221 2881 principum.
2241 2816 2348 2869 Im·

222 2878 297 2932 dit
318 2920 335 2946 ,
362 2890 491 2952 quid
505 2890 747 2948 suaserit,
774 2904 804 2939 e
822 2888 973 2940 MSS.
998 2889 1139 2941 Tum
1171 2904 1239 2939 te·
1323 2908 1415 2943 mo
1442 2890 1594 2943 aliter
1622 2910 1678 2945 se
1705 2910 1790 2944 res
1821 2891 1984 2943 babet
2015 2910 2030 2943 ε
2059 2912 2158 2961 pro
2188 2899 2348 2947 salute

224 2966 347 3013 neb-'e
381 2975 461 3017 est
480 3004 497 3029 ,
548 2964 802 3019 memoria
840 2967 1039 3020 tenebit
1062 3005 1079 3031 ,
1125 2984 1235 3020 non
1312 2973 1596 3037 principum
1611 3008 1629 3031 ‚
1670 2986 1720 3023 ee
1743 2986 1950 3039 propter
1986 2974 2096 3023 illos
2132 2971 2351 3027 demum

224 3040 571 3098 obliviscetur.
589 3044 655 3098 E.
1310 3068 1411 3115 pro
1453 3052 1728 3101 aeternitate
1769 3052 1962 3117 imperii
1984 3088 2001 3111 ,
2047 3052 2197 3123 quasi
2242 3072 2352 3107 nou

290 3121 341 3173 3.
361 3128 665 3192 Nuneupare
678 3140 823 3177 vota.
852 3124 977 3177 Dies
1004 3124 1233 3179 solennis
1328 3127 1430 3199 ipsi
1459 3140 1673 3198 propter
1710 3128 1991 3199 imperium
2021 3142 2193 3184 essent
2209 3168 2226 3193 ,
2257 3130 2350 3184 ted

224 3195 344 3252 hnic
376 3202 609 3273 pnblicae
636 3204 933 3256 cerimonia
959 3203 1129 3257 dictus
1156 3204 1239 3256 111
1326 3206 1606 3278 imperium
1623 3220 1838 3281 propter
1855 3209 2014 3279 ipsos.
2050 3208 2119 3262 G.

224 3274 593 3335 Nomsanuar.
609 3282 733 3335 vid.
758 3282 825 3335 de
835 3294 943 3337 tota
960 3302 1019 3337 re
1032 3282 1241 3357 copiose
1400 3294 1454 3351 4.
1475 3292 1572 3337 Pm
1592 3290 1791 3356 imper-nb
1808 3303 1992 3341 nostro.
2012 3290 2112 3341 Pm
2131 3288 2350 3361 Traiani

226 3353 455 3427 Lipsinm
476 3360 546 3415 ad
572 3362 702 3414 Tac.
724 3362 863 3417 Ann.
890 3364 991 3415 XV
992 3364 1050 3427 1,
1082 3382 1167 3416 υ.
1194 3382 1237 3417 s.
1328 3368 1498 3419 nostri
1523 3366 1760 3439 irnperio.
1789 3368 1972 3439 Neque
2000 3380 2176 3421 temen
2203 3368 2350 3423 dissi-

227 3432 347 3490 Exc.
374 3440 417 3491 B
438 3458 455 3505 3
487 3452 543 3494 et
566 3442 959 3495 Camubonium
996 3440 1067 3495 ad
1091 3443 1245 3515 Sper·
1330 3446 1478 3498 mulo
1501 3486 1516 3512 ,
1554 3464 1637 3498 me
1659 3446 1828 3498 multo
1850 3445 2007 3497 malle
2024 3484 2040 3510 ,
2059 3466 2158 3513 pro
2183 3452 2348 3515 Impe-

230 3512 353 3569 ῐὶιιι.
384 3520 515 3573 Adr.
552 3540 670 3594 cap.
708 3522 909 3576 XXIV.
940 3540 1062 3596 pag.
1108 3522 1241 3585 2053
1330 3540 1498 3576 ratore
1513 3540 1706 3576 nostro:
1724 3522 1948 3577 adhunc
1963 3526 2102 3577 enim
2122 3528 2348 3598 pertinet

226 3590 381 3649 Hack.
398 3599 467 3653 de
481 3601 733 3654 memoria
750 3620 932 3655 eorum
944 3602 1000 3655 in
1014 3601 1242 3655 nummis
1327 3603 1576 3669 formula,
1593 3606 1650 3655 Si
1667 3607 1800 3655 bene.
1816 3640 1828 3654 .
1851 3640 1864 3653 .
1875 3605 2074 3656 rexeris.
2099 3604 2165 3656 Et
2183 3624 2344 3677 quam

226 3670 415 3742 Spunh.
440 3680 567 3735 dies.
590 3680 741 3733 1111.
767 3701 822 3753 p.
851 3682 972 3735 525.
992 3681 1061 3735 G.
1083 3712 1155 3722 ·—
1175 3686 1243 3735 Ee
1329 3682 1497 3735 facilis
1523 3682 1610 3735 hic
1642 3681 1826 3735 error?
1847 3682 2051 3754 Aliquis
2081 3702 2182 3755 per
2197 3704 2345 3737 com·

220 3770 307 3815 pm
324 3763 479 3811 salmo
492 3763 841 3815 σίνίωηθΡυῑο
849 3778 943 3833 per
955 3762 1240 3833 interroga·
1326 3762 1574 3833 pendium
1585 3762 1790 3833 scripsit
1801 3767 1928 3829 Imp.
1943 3762 2156 3817 ultimas
2169 3764 2346 3819 literae

226 3831 410 3889 tionem
432 3842 639 3911 prolata
656 3840 769 3894 haec
786 3842 947 3895 verba
960 3878 977 3904 ‚
995 3840 1145 3913 quasi
1162 3838 1240 3893 di·
1322 3840 1599 3895 infeliciter
1607 3842 1739 3893 alter
1748 3841 2148 3912 supplevitNid.
2161 3842 2230 3897 de
2245 3846 2344 3899 ista

228 3922 305 3961 cat
326 3920 605 3970 solebamus
622 3935 749 3971 vota
769 3940 1050 3989 nuncupare
1066 3918 1235 3991 primo
1322 3921 1634 3975 confusione
1649 3958 1665 3983 ‚
1685 3938 1818 3993 quoe
1835 3920 2018 3975 laudat
2030 3923 2342 3977 Arntzenius

224 4008 309 4053 pro
332 4001 603 4049 oeeeme'taee
621 4002 833 4067 imperii,
850 4018 915 4053 an
936 4012 1201 4071 exspectas
1216 4040 1235 4068 ,
1324 3998 1393 4054 ad
1407 3998 1658 4053 Lxxxn
1681 4038 1698 4063 ,
1722 4002 1774 4054 3.
1801 3999 1872 4053 G.

228 4070 313 4135 qni
338 4073 461 4145 legis
481 4092 573 4139 ,·ee
598 4098 693 4146 pm
717 4084 875 4130 salute
909 4082 1083 4131 civium
1097 4088 1125 4130 Ρ
1144 4079 1233 4132 Sic
1392 4080 1444 4132 5.
1491 4083 1583 4129 Tui
1619 4083 1812 4148 eapitis.
1852 4080 1936 4134 Sic
1979 4100 2080 4153 pro
2125 4086 2340 4150 corporis

228 4162 325 4200 non
338 4170 469 4225 opus
480 4159 785 4229 conjectura
794 4176 975 4213 eorum
990 4158 1111 4231 ,qui
1130 4178 1227 4231 pro
1316 4158 1462 4215 MSS.
1484 4159 1660 4230 plures
1677 4158 1820 4233 apud
1839 4160 2104 4214 Schwarz.
2125 4162 2193 4214 G.
