2857 4690
462 375 602 448 272
1021 349 1102 420 C.
1155 347 1500 420 PLINII
1550 347 2033 419 SECUNDI

457 474 613 544 dem
657 469 954 566 vestigiis
1003 469 1342 557 institisti,
1381 469 1629 565 quibus
1669 494 1915 565 parens
1958 486 2115 542 tuus
2154 472 2392 570 ingens
2430 471 2601 547 illud

405 647 412 654 .
459 585 742 656 deorum
771 581 1158 679 prolaturus
1180 605 1501 652 arcanum
1518 633 1537 670 ,
1557 607 1707 676 quae
1726 581 2305 654 circumstantium
2326 579 2601 679 gaudia!

457 721 662 791 quam
701 717 934 764 recens
969 687 1253 763 clamor!
1277 715 1485 785 quam
1518 688 1752 761 similis
1789 690 1884 761 illi
1924 689 2093 778 dies,
2122 693 2239 788 qui
2274 693 2463 764 hunc
2496 717 2607 790 ge-

457 809 613 877 nuit
652 801 866 876 diem!
911 817 990 873 ut
1029 802 1230 898 plena
1265 800 1627 886 altaribus,
1658 816 1957 898 augusta
1992 803 2285 873 victimis
2324 801 2601 875 cuncta!

456 920 634 988 utin
661 917 864 986 unius
889 914 1174 986 salutem
1199 910 1445 984 collata
1473 913 1781 982 omnium
1808 910 1997 986 vota!
2026 938 2240 1008 quum
2268 913 2394 984 sibi
2420 939 2493 985 se
2520 939 2601 988 ac

458 1026 684 1099 liberis
718 1028 856 1098 suis
893 1023 1346 1120 intelligerent
1380 1023 1677 1118 precari,
1707 1049 1855 1118 quae
1883 1049 2007 1119 pro
2040 1039 2109 1095 te
2132 1041 2597 1120 precarentur.

385 1155 422 1206 6
458 1139 627 1209 Inde
669 1153 744 1208 tu
781 1139 852 1208 in
889 1134 1216 1207 Palatium
1254 1129 1557 1228 quidem,
1590 1131 1707 1202 sed
1739 1157 1819 1202 eo
1854 1132 2079 1224 vultu,
2111 1133 2227 1204 sed
2256 1159 2339 1204 ea
2366 1133 2601 1205 mode-

459 1251 751 1335 ratione,
789 1262 868 1316 ut
895 1249 952 1316 si
977 1244 1306 1340 privatam
1323 1241 1605 1314 domum
1626 1257 1889 1338 peteres
1924 1269 1939 1312 ε
1976 1245 2195 1314 caeteri
2214 1244 2303 1314 ad
2320 1259 2601 1342 penates

455 1383 616 1428 suos
651 1358 973 1453 quisque,
1011 1357 1377 1424 iteraturus
1423 1351 1653 1448 gaudii
1691 1352 1893 1424 fidem
1912 1405 1933 1442 ,
1970 1353 2087 1424 ubi
2140 1353 2327 1426 nulla
2374 1379 2601 1426 neces·-

456 1471 620 1539 sitas
659 1464 994 1563 gaudendi
1027 1477 1149 1534 est.

554 1583 807 1650 XXIV.
838 1581 1198 1648 Onerasset
1226 1573 1435 1645 alium
1462 1573 1791 1669 ejusmodi
1821 1575 2171 1662 introitus;
2194 1589 2271 1644 tu
2297 1573 2602 1670 quotidie

459 1689 916 1762 admirabilior
955 1701 1024 1757 et
1063 1685 1339 1774 melior,
1373 1685 1525 1754 talis
1562 1683 1885 1781 denique,
1919 1685 2148 1781 quales
2186 1685 2303 1756 alii
2344 1687 2601 1782 princi·

459 1827 576 1897 pes
595 1800 858 1871 futuros
885 1825 956 1870 se
985 1811 1248 1868 tantum
1278 1794 1703 1892 pollicentur.
1724 1794 1957 1866 Solum
1978 1819 2142 1890 ergo
2170 1811 2235 1866 te
2252 1821 2598 1867 commen-

459 1912 576 1982 dat
596 1926 932 2008 augetque
949 1906 1270 2003 temporis
1297 1907 1624 2001 spatium:
1648 1906 1933 2000 junxisti
1962 1908 2143 1976 enim
2171 1931 2252 1976 ae
2274 1907 2605 1976 miscuisti

461 2047 566 2092 res
609 2021 1124 2106 diversissimas,
1167 2018 1597 2088 securitatem
1640 2014 1801 2086 olim
1844 2017 2276 2112 imperantiS,
2318 2031 2387 2086 et
2424 2017 2605 2086 inci-

387 2167 418 2202 α
460 2133 703 2227 pientis
733 2131 1084 2226 pudorem.
1127 2129 1283 2198 Non
1323 2141 1400 2194 tu
1432 2126 1681 2194 civium
1718 2125 2065 2221 amplexus
2094 2127 2179 2196 ad
2215 2126 2419 2222 pedes
2448 2141 2607 2196 tuos

455 2243 773 2338 deprimis
815 2266 942 2310 nec
973 2236 1278 2308 osculum
1329 2259 1537 2305 manu
1575 2235 1839 2306 reddis:
1884 2253 2113 2308 manet
2155 2236 2603 2332 Imperatori,

455 2466 535 2521 VI
553 2508 570 2535 ,
586 2489 618 2542 7
635 2508 652 2535 ,
677 2489 720 2523 1.
737 2470 806 2523 G.
827 2498 898 2510 --
911 2471 1200 2519 Probum-us
1219 2482 1479 2515 arcanum.

454 2550 628 2603 Nerva
647 2548 842 2602 dicitur
859 2587 874 2612 ,
895 2544 1258 2599 declaraturus
1283 2541 1482 2615 populo

452 2648 704 2682 arcanam
715 2627 937 2681 deorum
952 2624 1275 2677 voluntatem
1290 2663 1305 2691 ,
1317 2640 1479 2695 quam

453 2708 814 2780 sequutusTra
815 2708 1005 2779 janum
1023 2703 1370 2776 adoptaverit.
1389 2702 1475 2757 Cf.

451 2792 583 2859 Cap.
617 2788 646 2839 1
668 2826 686 2853 ,
721 2788 772 2841 5.
805 2786 868 2837 E.
901 2814 972 2823 —
999 2790 1226 2853 Augusta
1258 2785 1479 2837 vicennis

451 2883 648 2920 cuncta.
683 2863 994 2919 Amtzenim
1030 2878 1241 2931 migres-ta
1261 2865 1479 2914 victimis

451 2962 632 3001 cuncta
657 2966 688 2999 e
708 2946 821 3000 MS.
842 2942 1000 2999 Guel.
1027 2954 1082 2996 et
1099 2954 1214 2996 not.
1235 2941 1438 2995 Heinsii
1456 2959 1474 3006 3

451 3046 550 3080 nec
559 3026 814 3079 damnare
828 3020 1264 3076 ausimLaudare
1271 3033 1477 3093 poterat

449 3108 589 3161 infra
623 3110 688 3161 52
711 3142 729 3170 ‚
753 3123 803 3175 7.
831 3104 1006 3157 Etiam
1031 3102 1362 3157 schwarzius
1385 3120 1475 3159 re·

450 3188 606 3260 cepit.
621 3186 690 3239 G.

511 3298 582 3309 —-
593 3265 674 3318 Ad
685 3282 862 3319 meum
871 3280 1082 3316 sensum
1093 3275 1304 3329 angusta
1318 3261 1475 3332 longe

449 3358 656 3418 preeunt
671 3383 688 3410 ,
701 3341 958 3417 imprimis
971 3360 1136 3413 quum
1143 3345 1293 3409 plena
1305 3344 1482 3393 altari-

450 3434 536 3481 hm
560 3423 898 3501 praecesserit.
934 3422 1164 3477 Ferrem:
1189 3436 1246 3473 ut
1267 3436 1481 3489 angusta

449 3512 710 3569 altaribus,
723 3510 876 3573 plena
892 3505 1109 3555 victimis
1135 3507 1338 3553 cuncta!
1355 3501 1482 3553 S.—

453 3586 897 3656 Auguscaviceimis
906 3580 1483 3635 cuneta.Arntzeniuset

449 3665 772 3723 schwartius
789 3662 1001 3718 edidere
1016 3652 1225 3715 eMMs.
1239 3674 1479 3729 αρσια,

449 3766 586 3819 quos
607 3746 728 3797 etin
746 3743 834 3797 ed.
847 3744 976 3797 min.
997 3740 1232 3795 imitatus
1253 3751 1330 3793 est
1347 3738 1475 3791 Ges-

451 3845 629 3879 nerns.
641 3824 776 3877 Mihi
786 3822 964 3878 adhuc
979 3822 1226 3891 ambigua
1235 3838 1318 3873 res
1333 3816 1477 3872 vide·

451 3917 536 3959 tur
560 3942 577 3969 ,
598 3924 696 3958 nec
713 3902 886 3957 audeo
907 3901 1212 3955 decernere.
1233 3899 1475 3951 Verbum

449 4000 661 4055 magnum
669 3983 739 4037 ad
751 3980 1143 4035 multitudinem
1151 3978 1483 4033 victimarum

451 4061 850 4135 intelligendam
865 4061 1040 4131 aptius
1053 4100 1070 4127 ,
1081 4075 1296 4129 augurem
1305 4060 1483 4132 majus

451 4142 656 4219 aliquid
678 4153 850 4196 sonant.
869 4141 1006 4194 Elui.

1650 2470 1703 2520 6.
1723 2468 2089 2539 Gaudiifidem.
2106 2458 2169 2523 ἐν
2188 2469 2280 2523 δια
2294 2465 2427 2523 δυοῖν
2442 2502 2460 2531 ,
2472 2485 2609 2540 guu-

1576 2546 1727 2601 dium
1774 2545 1933 2599 fidele
1967 2584 1983 2609 ,
2019 2547 2287 2601 sincerum
2318 2584 2335 2609 ,
2380 2548 2609 2601 minime

1577 2627 1763 2681 fictum
1786 2644 1800 2678 ε
1834 2638 1892 2679 ut
1916 2626 2105 2681 Horat.
2126 2626 2231 2681 od.
2252 2626 2366 2689 111,
2392 2630 2455 2679 ιδ
2470 2658 2487 2689 ,
2512 2626 2605 2679 3ο.

1576 2710 1757 2775 Segnis
1768 2710 2045 2778 cercafides
2062 2726 2184 2758 mete
2206 2742 2222 2769 ,
2246 2724 2393 2777 sege·
2420 2717 2567 2759 certa
2584 2742 2607 2769 ,

1576 2804 1697 2858 quo
1724 2796 1869 2857 spem
1894 2804 2003 2839 non
2026 2784 2179 2839 fallit.
2205 2784 2275 2839 G.

1645 2896 1717 2907 --
1734 2866 1928 2920 Sensus
1947 2882 1961 2918 ε
1984 2866 2177 2918 iterum
2196 2863 2475 2937 gavisurus
2494 2862 2568 2915 ibi
2582 2900 2604 2927 ,

1578 2945 1671 2997 ubi
1702 2964 1861 2997 nemo
1890 2942 2148 3015 gauderet
2167 2980 2185 3007 ,
2210 2943 2313 2997 nisi
2339 2942 2603 3015 gaudium

1571 3024 1836 3079 sincerum
1856 3036 2010 3079 esset.
2031 3024 2086 3077 S.

1642 3103 1823 3157 XXIV
1837 3140 1854 3167 ,
1890 3124 1909 3155 ι
1924 3144 1938 3157 .
1978 3108 2253 3155 Ona-asset.
2288 3101 2519 3155 Difficile
2552 3101 2606 3155 ei

1572 3182 1757 3236 suisset
1774 3182 1847 3235 ita
1862 3200 1920 3237 se
1938 3200 2119 3254 gerere
2140 3216 2158 3243 ,
2183 3191 2244 3232 ut
2266 3179 2475 3252 reliqua
2493 3178 2608 3235 vita

1570 3263 1665 3316 tali
1702 3262 1853 3315 initio
1888 3259 2253 3332 responderet.
2281 3258 2367 3313 Sic
2386 3259 2503 3313 Cio.
2530 3256 2605 3311 ad

1576 3343 1857 3410 Curionem
1874 3380 1891 3405 ,
1909 3342 1995 3404 11,
2018 3347 2084 3405 4:
2126 3366 2149 3387 ι
2174 3338 2267 3393 Est
2301 3338 2397 3390 tibi
2426 3337 2607 3409 gravia

1577 3421 1873 3475 adversaria
1890 3416 2563 3489 constituta...exspectatio
2582 3454 2604 3481 ‚

1580 3518 1737 3573 quam
1761 3513 1885 3554 tu...
1899 3500 2131 3554 vinces.»
2156 3498 2313 3552 Conf.
2334 3496 2403 3567 73
2423 3535 2440 3560 ,
2460 3501 2513 3549 6.
2530 3496 2602 3549 G.

1652 3600 1703 3635 a.
1718 3584 1807 3632 Ad
1806 3583 1957 3648 pedes
1972 3578 2229 3633 tuos.Vid.
2240 3578 2311 3632 ad
2322 3577 2535 3640 XXIII,
2550 3594 2601 3629 ε.

1578 3661 1641 3714 C.
1662 3690 1731 3701 —
1744 3660 1883 3730 Papa
1901 3659 2042 3713 hanc
2061 3676 2277 3730 quoque
2296 3657 2603 3711 servitutem

1572 3740 1673 3793 sibi
1697 3738 1931 3793 vindicat
1954 3775 1969 3801 ,
1994 3749 2053 3790 ut
2074 3738 2283 3791 calcare
2317 3734 2479 3806 ponit
2496 3734 2607 3786 Cn-

1574 3836 1749 3871 sarum
1770 3818 1995 3872 cervices
2016 3852 2032 3879 ,
2052 3828 2101 3869 et
2116 3833 2302 3885 regum
2322 3812 2505 3867 oscula
2514 3810 2605 3865 de-

1574 3898 1802 3969 primere
1842 3896 1983 3950 infra
2020 3895 2193 3948 solum
2238 3890 2601 3963 crepidarum.

1580 3978 1681 4029 En.
1698 3979 2001 4027 —Oseulum
2014 3992 2187 4025 mareu.
2208 3971 2417 4036 Malim,
2440 3974 2605 4023 osculo

1580 4076 1799 4109 manum.
1826 4058 2077 4115 Osculum,
2096 4052 2200 4106 hoc
2218 4064 2295 4105 est
2315 4092 2332 4117 ,
2362 4050 2431 4105 ad
2456 4050 2609 4105 hlau-

1578 4136 1737 4193 ditias
1782 4134 2171 4189 conformatum
2203 4132 2411 4202 offertur
2428 4152 2450 4193 ,-
2494 4132 2607 4184 huie
