2857 4690
502 375 643 464 314
1067 385 1139 451 C.
1195 383 1544 452 PLINII
1595 381 2068 452 SECUNDI

498 539 683 586 mur:
715 516 961 612 quibus
1004 516 1189 588 nulla
1230 519 1502 590 satietas
1531 519 1751 604 adest,
1787 518 2060 612 quando
2083 518 2338 589 sincera
2365 522 2596 589 omnia
2621 575 2642 602 ‚

430 643 465 694 8
499 639 566 695 et
600 651 788 714 vera,
829 642 895 696 et
930 643 1167 697 ornata
1206 629 1550 722 gravitate.
1599 631 1838 722 Neque
1883 629 2063 697 enim
2113 644 2229 698 aut
2270 633 2644 725 peregrinae

495 739 983 832 superstitionis
1024 740 1334 834 mysteria
1359 795 1379 827 ‚
1426 751 1544 811 aut
1585 741 1870 810 obscena
1917 740 2286 834 petulantia
2308 796 2327 829 ‚
2389 744 2642 812 mensis

498 850 820 944 principis
848 851 1157 921 oberrat:
1189 851 1307 920 sed
1342 851 1634 947 benigna
1667 851 2008 936 invitatio,
2045 863 2112 920 et
2145 851 2448 922 liberales
2467 853 2639 946 joci,

498 975 567 1028 et
603 959 977 1030 studiorum
1028 959 1265 1033 honor.
1302 961 1472 1032 Inde
1507 962 1630 1032 tibi
1674 985 1914 1056 parcus
1951 978 2022 1032 et
2056 963 2276 1032 brevis
2313 985 2590 1034 somnus
2619 1019 2640 1051 ,

499 1069 892 1166 nullumque
933 1095 1163 1140 amore
1213 1073 1423 1141 nostri
1463 1073 1809 1166 angustius
1854 1089 2160 1166 tempuS,
2203 1097 2406 1167 quam
2454 1073 2640 1167 quod

498 1181 641 1251 sine
680 1181 877 1251 nobis
912 1184 1080 1277 agis.

595 1293 674 1360 L.
716 1291 848 1360 Sed
896 1316 1107 1387 quum
1158 1291 1356 1362 rebus
1418 1294 1553 1362 tuis
1609 1309 1687 1362 ut
1749 1293 2106 1388 participes
2159 1293 2589 1388 perfruamur
2615 1349 2634 1381 ‚

499 1421 647 1494 quae
698 1400 1022 1471 habemus
1071 1400 1248 1497 ipsi,
1295 1422 1501 1497 quam
1545 1403 1818 1498 propria
1846 1456 1866 1490 ‚
1905 1425 2108 1500 quam
2155 1419 2384 1473 nostra
2430 1401 2636 1474 sunt!

502 1535 637 1580 non
686 1513 865 1580 enim
906 1514 1275 1584 exturbatis
1306 1513 1646 1608 prioribus
1675 1513 1966 1582 dominis
1993 1569 2014 1600 ‚
2055 1536 2256 1583 omne
2287 1529 2642 1610 stagnum,

500 1645 767 1691 omnem
823 1623 1041 1695 lacum
1066 1679 1086 1713 ‚
1134 1649 1401 1694 omnem
1445 1625 1646 1693 etiam
1689 1623 1963 1706 saltum,
2010 1625 2332 1694 immensa
2377 1635 2636 1720 posses-

501 1734 688 1802 sione
736 1735 1177 1804 circumvenis
1218 1761 1234 1803 :
1289 1760 1414 1804 nec
1472 1735 1674 1803 unius
1730 1733 1942 1804 oculis
1997 1734 2275 1804 flumina
2303 1789 2324 1824 ,
2369 1735 2592 1804 fontes
2622 1790 2641 1823 ,

437 1875 465 1908 2
505 1844 716 1913 maria
755 1843 1165 1915 deserviunt.
1208 1849 1329 1915 Est
1354 1899 1373 1931 ‚
1414 1845 1596 1940 quod
1641 1849 1870 1916 Caesar
1919 1869 2060 1914 non
2123 1868 2318 1915 suum
2367 1845 2640 1932 videat3

501 1954 907 2050 tandemque
970 1957 1325 2051 imperium
1392 1955 1716 2050 principis
1749 2009 1768 2043 ,
1846 1976 2047 2050 quam
2109 1957 2592 2048 patrimonium
2621 2007 2639 2041 ‚

503 2065 728 2159 majus·
768 2081 919 2136 est:
972 2067 1180 2137 multa
1232 2067 1411 2135 enim
1456 2086 1537 2134 ex
1575 2065 1982 2162 patrimonio
2041 2065 2242 2134 refert
2296 2066 2366 2133 in
2427 2067 2639 2160 impe·

503 2175 675 2244 rium
709 2231 729 2263 ‚
781 2198 929 2270 quae
977 2178 1235 2272 priores
1284 2177 1621 2271 principes
1673 2177 2134 2272 occupabant,
2182 2199 2321 2245 non
2375 2190 2454 2245 ut
2513 2177 2634 2271 ipsi

435 2301 464 2352 3
503 2286 914 2373 fruerentur,
955 2287 1071 2359 sed
1114 2311 1199 2357 ne
1238 2287 1387 2382 quis
1428 2286 1620 2357 alius.
1663 2289 1848 2382 Ergo
1883 2289 1951 2356 in
1999 2287 2275 2382 vestigia
2322 2284 2640 2381 sedesque

503 2506 553 2547 et
571 2504 684 2547 arte
706 2505 918 2565 paratas
944 2511 1117 2546 coenas
1136 2533 1151 2559 ‚
1184 2503 1242 2544 ut
1259 2490 1437 2559 XXV,
1462 2494 1492 2547 5
1513 2510 1527 2543 :

1619 2504 1784 2545 meret
1807 2492 2148 2565 rapacitatem
2174 2492 2320 2546 illam
2339 2530 2357 2557 ,
2380 2510 2498 2567 quae
2515 2510 2638 2565 par-

504 2577 758 2642 Ingem'um
784 2576 1146 2644 munificentiae.
1162 2570 1231 2625 G.

1619 2572 1756 2626 tibus
1777 2593 1883 2625 non
1904 2584 2148 2626 contenta
2169 2610 2185 2636 ,
2205 2586 2339 2625 totas
2355 2573 2638 2643 possessio·

575 2659 626 2704 8.
656 2656 908 2717 Mysten'a.
932 2650 1127 2717 Qualia
1147 2652 1267 2705 Deae
1285 2650 1524 2725 Phrygia

504 2744 555 2785 et
592 2730 821 2784 Bellonae
864 2728 1197 2787 sacerdotum
1243 2730 1524 2784 Gallorum

503 2810 873 2865 describuntur
908 2812 977 2864 ab
1002 2810 1223 2882 Apuleio
1258 2809 1399 2864 libro
1430 2830 1523 2865 oc·
1565 2820 1576 2833 ‘

503 2905 628 2945 tnvo
664 2904 716 2945 et
746 2891 873 2944 noni
906 2890 1188 2963 principio·
1222 2892 1361 2945 Nam
1396 2890 1523 2944 talia

504 2972 687 3026 inalim
724 2970 1017 3043 intelligere
1042 3008 1059 3035 ,
1097 2990 1259 3042 quam
1296 2982 1482 3043 putare
1505 3008 1522 3034 ‚

504 3054 591 3108 hic
619 3055 755 3106 forte
775 3052 940 3125 pungi
954 3051 1375 3107 Christianorum
1392 3054 1525 3121 Aga-

504 3154 622 3207 pas.
666 3138 885 3185 Obscena
921 3134 1203 3200 petulantia
1244 3130 1526 3185 oberrabat

505 3214 560 3267 in
596 3212 755 3267 coenis
797 3212 997 3265 Tiberii
1021 3246 1039 3276 ,
1065 3212 1117 3264 in
1143 3210 1335 3284 quibus
1378 3214 1524 3261 nudoe

496 3294 680 3362 puella·
704 3296 1051 3345 ministrabam
1068 3330 1085 3353 ,
1110 3292 1327 3346 Sueton.
1348 3290 1520 3345 XLII.

502 3372 925 3427 G.—lnvitatio.
960 3372 1041 3426 Ad
1071 3370 1403 3446 loquendum
1421 3409 1437 3436 ,
1467 3384 1517 3425 et

504 3451 770 3507 edendum
788 3494 803 3519 ,
824 3452 1114 3507 bibendum
1130 3451 1417 3525 prasertim
1433 3469 1450 3515 ς
1469 3450 1526 3503 in

504 3552 613 3605 quo
648 3534 761 3587 solo
794 3532 1251 3605 intemperantiam
1290 3528 1526 3602 aliquam

503 3612 718 3689 Traiani
730 3624 1149 3667 commemorant
1162 3609 1419 3672 historici,
1433 3609 1526 3664 sed

506 3692 749 3747 eamdem
775 3691 972 3746 nemini
996 3687 1229 3745 noxiam.
1252 3692 1321 3744 G.

580 3806 647 3815 -
677 3776 840 3825 Brevis
879 3792 1092 3825 somnus.
1124 3772 1203 3825 Ex
1256 3770 1528 3823 homerico

506 3867 767 3926 precepto
799 3868 811 3903 :
849 3856 921 3907 Οὐ
950 3854 1041 3925 χρὴ
1086 3854 1345 3921 παννύχιον
1367 3846 1524 3905 εὕδειν

510 3937 795 4005 βουληφόρον
822 3930 999 4003 ἄνδρα..
1017 3929 1253 3985 Dedecus
1266 3942 1346 3983 est
1361 3940 1526 3983 totam

508 4023 763 4067 rectorem
793 4023 1007 4066 stertere
1031 4022 1261 4065 noctem.
1281 4010 1382 4062 En.

579 4087 643 4141 L.
670 4108 715 4141 1.
750 4094 1087 4141 Circumvemk.
1113 4090 1389 4161 occupas,
1415 4091 1528 4143 vin-

510 4166 654 4220 dicas
668 4169 759 4221 tibi
778 4168 1174 4240 possessionem.
1185 4169 1423 4221 Verbum
1439 4173 1532 4221 cir-

508 4245 778 4301 'cumveetire
785 4246 991 4309 videtur
1000 4245 1251 4316 delegisse
1268 4284 1285 4311 ,
1296 4260 1353 4301 ut
1368 4250 1532 4319 expri-

1611 2671 1706 2705 nes
1724 2690 1739 2715 ,
1760 2670 1920 2723 quam
1941 2652 2045 2705 late
2063 2663 2242 2722 patent
2257 2688 2274 2715 ,
2297 2664 2545 2722 occupat.
2571 2652 2636 2703 E.

1686 2752 1734 2784 τι.
1756 2735 2037 2799 Imperium.
2052 2768 2067 2781 .
2088 2770 2100 2782 .
2113 2734 2292 2799 majus.
2311 2730 2438 2783 Hoec
2459 2731 2536 2785 ita
2559 2730 2638 2783 in·

1611 2810 1818 2881 telligo:
1852 2810 2084 2882 Trajano
2124 2814 2296 2883 majus
2339 2820 2392 2862 et
2425 2810 2642 2881 gravius

1612 2902 1688 2943 est
1707 2926 1725 2953 ,
1743 2890 2112 2959 imperatorem
2140 2908 2279 2952 esse,
2311 2890 2406 2961 qui
2433 2890 2641 2961 imperii

1610 2968 1693 3023 sui
1732 2968 1932 3021 viribus
1983 2970 2124 3022 cives
2167 2968 2383 3041 adjuvet
2413 3005 2430 3033 ‚
2477 2988 2642 3041 quam

1607 3048 1782 3121 ipsum
1807 3042 2020 3101 divitem
2036 3085 2053 3113 ‚
2073 3058 2126 3101 et
2151 3048 2528 3119 patrimonium
2551 3048 2644 3102 ha-

1609 3125 1822 3180 bentem
1843 3166 1858 3191 ‚
1881 3146 1990 3200 quo
2010 3126 2152 3181 solus
2180 3126 2446 3179 frueretur
2469 3164 2486 3191 ‚
2506 3126 2640 3181 nihil

1610 3204 1734 3260 inde
1762 3202 1968 3261 civibus
1999 3205 2321 3279 impertiens.
2347 3208 2552 3279 Nempe
2587 3206 2642 3259 iu

1611 3290 1811 3355 imperio
1839 3298 1918 3341 est
1945 3286 2093 3339 notio
2117 3286 2278 3357 patris
2305 3286 2488 3357 patriae
2505 3324 2522 3349 ,
2549 3286 2642 3357 qui

1611 3386 1724 3420 non
1741 3366 1874 3431 sibi,
1901 3366 1995 3419 sed
2023 3366 2228 3421 civibus
2247 3366 2378 3418 vivit
2403 3378 2456 3418 et
2484 3366 2644 3436 impe-

1611 3460 1726 3499 rat:
1751 3446 1805 3499 in
1816 3451 2122 3516 patrimonio
2137 3446 2284 3500 notio
2303 3445 2496 3518 privati
2515 3484 2531 3509 ‚
2549 3444 2640 3517 qui

1613 3546 1735 3580 suas
1761 3546 1847 3581 res
1885 3538 2042 3599 auget
2065 3565 2082 3591 ,
2117 3526 2252 3579 nihil
2287 3522 2516 3579 aliorum
2552 3544 2642 3576 cu-

1611 3626 1755 3661 rans.
1779 3607 1988 3661 Vellem
2008 3605 2169 3679 igitur
2184 3647 2199 3673 ,
2221 3606 2276 3658 in
2297 3604 2480 3677 aliquo
2507 3603 2642 3657 libro

1613 3690 1873 3759 legeretur
1896 3690 2116 3757 Principi
2133 3723 2149 3750 ,
2171 3684 2316 3767 quod
2343 3684 2494 3737 illum
2523 3702 2643 3737 sen-

1614 3786 1729 3821 sum
1743 3766 1957 3841 adjuvat
1966 3807 1977 3819 .
1990 3767 2054 3819 E.
2067 3799 2136 3808 -
2151 3765 2377 3819 Ernestii
2393 3766 2645 3835 interpre-

1613 3847 1864 3901 tationem
1881 3868 1950 3901 an
1965 3846 2118 3900 multi
2135 3845 2406 3917 probaturi
2419 3843 2544 3907 sint,
2563 3862 2646 3895 ve-

1613 3928 1884 3983 hementer
1898 3925 2104 4001 dubito.
2127 3924 2260 3977 Mihi
2280 3962 2296 3987 ,
2313 3935 2372 3976 ut
2384 3922 2642 3993 Gierigi0‚

1615 4008 1767 4061 unice
1795 4008 1965 4078 placet
1990 4004 2127 4059 ratio
2155 4004 2352 4077 Lipsii,
2391 4006 2642 4071 imperium

1617 4086 2028 4159 intelligentisde
2044 4086 2197 4139 terris
2213 4122 2228 4148 ,
2245 4102 2361 4157 quae
2377 4080 2642 4137 faciebant

1619 4165 1898 4239 imperium
1917 4169 2232 4219 Romanum.
2253 4164 2310 4217 S.

1705 4274 1772 4287 --
1808 4250 2146 4312 Occeepabam.
2187 4242 2238 4295 J.
2271 4244 2335 4295 A.
2371 4240 2642 4297 Ernestius
