2857 4690
506 367 637 438 116
1120 366 1196 432 C.
1248 361 1590 431 PLINII
1639 358 1832 424 LIB.
1885 357 1972 422 X.

489 571 915 594 §mmmm
918 562 1858 596 §mmmmm
1863 555 2635 580 §.Summum-mmm

1354 707 1508 844 lv.
1573 754 1760 872 (vl)

570 985 805 1045 Medico
824 1003 929 1044 suo
953 980 1241 1042 civitatem
1266 987 1586 1042 Romanam
1611 1003 1626 1037 z
1654 978 1920 1038 Antoniae
1949 974 2168 1034 libertis
2200 973 2426 1032 feminis
2450 973 2548 1050 jus

1301 1076 1616 1152 Quiritium
1645 1075 1804 1153 petit.

1344 1258 1534 1327 (conf.
1557 1277 1639 1330 ep.
1670 1261 1790 1326 υ.)

1092 1464 1151 1508 C.
1206 1460 1557 1508 PLINIUS
1607 1457 2023 1506 TRAJANO.

591 1648 977 1714 Pnoxnuo
1007 1663 1221 1725 anno,
1250 1639 1578 1722 Domine,
1599 1637 1982 1731 gravissima
2015 1631 2390 1703 valetudine
2416 1660 2633 1730 usque

494 1752 579 1821 ad
620 1749 991 1846 periculum
1036 1751 1185 1818 vitae
1219 1763 1494 1817 vexatus
1546 1746 1925 1842 iatralipten
1986 1743 2378 1839 adsumpsi:
2434 1745 2633 1838 cujus

496 1860 905 1932 solicitudini
943 1877 1010 1930 et
1046 1860 1303 1946 stadie,
1352 1875 1482 1928 tuae
1523 1871 1786 1928 tantum
1826 1854 2256 1952 indulgentiae
2296 1855 2632 1924 beneficio

428 2013 455 2047 2
497 1973 740 2042 referre
793 1973 1075 2068 gratiam
1130 1995 1422 2066 possum.
1478 1971 1708 2059 Quare
1761 1994 1961 2064 roge,
2012 1967 2127 2036 des
2177 1968 2239 2035 ei
2289 1967 2632 2036 civitatem

496 2089 890 2154 Romanam.
932 2085 1053 2154 Est
1087 2083 1265 2150 enim
1309 2081 1674 2175 peregrinae
1714 2078 2148 2164 conditioniS,
2180 2077 2634 2146 manumissus

498 2220 537 2264 a
579 2193 952 2289 peregrina.
992 2195 1293 2262 Vocatur
1337 2191 1482 2285 ipse
1524 2191 1947 2282 Harpocras:
1989 2200 2340 2281 patronam
2389 2185 2634 2254 habuit

496 2301 947 2372 Thermuthin
978 2299 1304 2387 TheoniS‚
1339 2325 1488 2395 quae
1510 2297 1912 2395 jampridem
1942 2295 2254 2367 defuncta
2287 2311 2406 2365 est.
2439 2295 2630 2365 Idem

500 2437 697 2507 roge,
717 2413 833 2481 des
851 2413 963 2504 jus
988 2411 1359 2498 Quiritium
1390 2410 1646 2479 libertis
1671 2408 1980 2479 Antoniae
1999 2404 2413 2493 Maximillae,
2437 2430 2634 2475 orna-

498 2521 763 2591 tissimae
792 2522 1081 2608 feminae,
1110 2519 1317 2591 Heliae
1352 2536 1420 2589 et
1457 2521 1763 2591 Antoniae
1797 2517 2196 2588 Harmeridi.
2226 2516 2432 2606 Quod
2465 2542 2506 2585 a
2535 2532 2632 2604 te,

498 2647 765 2727 petente
803 2645 1123 2726 patrona,
1158 2646 1335 2725 peto,
1378 2694 1383 2699 ,

566 2832 667 2886 IV.
701 2850 749 2884 1.
780 2834 1087 2898 laer-alapas,
1123 2831 1387 2895 medicus,
1420 2844 1513 2884 aut
1610 2832 1733 2885 satis
1775 2843 1980 2885 constat
2023 2830 2092 2883 de
2130 2829 2379 2901 gradibus
2419 2834 2632 2882 civitatis

497 2922 745 2965 reunctor
764 2910 1124 2973 medicorum,
1142 2912 1235 2982 qui
1262 2910 1513 2983 ungendo
1611 2918 1870 2973 Romame,
1897 2910 1951 2963 in
1983 2911 2152 2982 iisque
2180 2928 2448 2962 summum
2479 2929 2593 2963 esse
2611 2948 2628 2974 ,

498 3009 719 3064 corpora
731 3003 1045 3063 ing-totorum
1059 2991 1345 3043 curabat.A
1361 2991 1512 3044 verb.
1600 2994 1685 3060 jus
1723 2992 1896 3063 ipsum
1943 2994 2216 3059 Quiritium.
2263 2988 2536 3043 Habemus
2575 2991 2630 3043 in

500 3092 656 3145 grec.
690 3075 850 3144 ἰατρός
874 3082 927 3123 et
948 3074 1145 3144 ἀλείφοι.
1170 3072 1273 3125 En.
1612 3070 1987 3143 compendium
2027 3070 2219 3123 relatas
2251 3080 2365 3121 tum
2401 3069 2631 3122 aliorum

575 3172 623 3205 a.
640 3158 727 3203 Ius
743 3153 1018 3217 Quiritium.
1038 3150 1206 3204 Hodie
1220 3189 1236 3213 ,
1256 3150 1515 3203 beneficio
1611 3162 1724 3203 tum
1739 3148 2040 3221 Spanhemii
2059 3148 2457 3201 observationes
2469 3150 2524 3201 in
2541 3149 2627 3201 ln.

499 3232 783 3303 praesertim
821 3231 905 3284 ΙΙΙ.
930 3230 1260 3301 Spanhemii‚
1288 3230 1380 3301 qni
1414 3229 1516 3301 ista
1613 3229 1879 3283 Heineccii
1892 3227 2121 3302 append.
2135 3228 2201 3282 ad
2216 3229 2628 3301 L.I.antiquitt.

500 3306 555 3363 iu
576 3311 721 3365 Orbe
736 3312 973 3365 Romano
992 3308 1253 3381 expedivit
1274 3309 1514 3372 feliciter,
1609 3310 1716 3381 jur.
1743 3310 1895 3361 Rom.
1921 3309 1990 3361 G.
