2857 4690
891 369 1418 439 EPISTOLA
1470 371 1637 441 CII.
2176 369 2324 441 203
2420 347 2425 352 ’

1462 577 1613 597 m

1179 759 1338 853 CI.

219 993 360 1048 Vota
384 1009 498 1070 pro
527 989 714 1050 salute
745 991 980 1070 Trajani
1006 1006 1066 1051 et
1094 991 1284 1052 soluta
1310 1008 1370 1052 et
1393 1013 1550 1053 nova
1575 1006 1909 1072 nuncupata
1935 1014 2058 1053 esse
2082 991 2325 1054 nuntiat.

645 1201 706 1249 c·
763 1181 1116 1251 ptumus
1161 1205 1561 1252 'rumano
1611 1205 1787 1252 IMP.
1842 1205 1893 1250 S.

283 1382 528 1468 Vo‘rA,
561 1381 884 1468 Domine,
925 1382 1228 1476 priorum
1267 1403 1600 1452 annorum
1644 1395 2031 1478 nuncupata
2076 1381 2327 1454 alacres

197 1487 450 1584 laetique
509 1489 976 1584 persolvimus,
1023 1515 1330 1586 novaque
1367 1517 1637 1580 rursuS,
1671 1507 1951 1562 curante
1996 1493 2327 1564 commili-

199 1614 426 1670 tonum
444 1615 516 1669 et
541 1600 1052 1696 provincialium
1077 1603 1326 1697 pietate
1341 1655 1361 1690 ,
1385 1605 1828 1698 suscepimus:
1860 1605 2113 1698 precati
2142 1603 2326 1692 deos»,

200 1725 265 1780 ut
291 1725 358 1779 te
401 1737 678 1808 remque
705 1710 1040 1807 publicam
1075 1712 1426 1781 florentem
1464 1727 1533 1782 et
1572 1712 1977 1784 incolumem
2022 1740 2097 1784 ea
2133 1715 2323 1783 beni-

199 1823 441 1917 gnitate
477 1837 815 1893 servarent
833 1877 853 1912 ,
894 1845 1098 1917 quam
1139 1847 1340 1918 super
1381 1845 1659 1918 magnas
1695 1823 2147 1921 plurimasque
2186 1827 2323 1896 vir-

197 1948 398 2024 tutes,
429 1935 766 2030 praecipue
792 1935 1143 2004 sanctitate
1180 1936 1529 2030 consequi,
1562 1933 1841 2004 deorum
1884 1936 2143 2004 honore
2178 1961 2325 2005 me-

193 2048 400 2116 ruisti.

273 2243 392 2332 CI.)
407 2249 538 2293 Vota
585 2279 600 2292 .
620 2279 633 2291 .
656 2279 670 2292 .
691 2259 1018 2310 ,nunt-eaput&
1053 2243 1208 2296 Forte
1306 2257 1370 2304 ee,
1385 2254 1446 2294 ut
1466 2243 1537 2305 X,
1558 2243 1681 2304 560,
1696 2245 2160 2310 certarunepietato.
2180 2242 2323 2294 G.—

197 2322 344 2375 mtali
369 2321 580 2395 imperii
594 2360 611 2387 ,
635 2332 694 2375 ut
722 2341 882 2395 supra
906 2339 992 2395 ep.
1023 2325 1116 2386 60,
1141 2323 1204 2377 it.
1303 2327 1519 2374 Deorum
1568 2324 1767 2375 honore.
1806 2318 2032 2374 Videtur
2072 2319 2323 2375 excidisse

199 2403 288 2455 103
307 2414 360 2455 et
383 2410 502 2467 ¹⁰4·
518 2402 588 2454 G.
606 2432 674 2442 —-
691 2406 927 2453 Curanee.
950 2438 964 2452 .
984 2440 998 2453 .
1004 2406 1206 2469 pietate.
1305 2413 1428 2455 ante
1456 2406 1657 2454 deorum
1689 2402 1991 2476 conjunctio
2016 2417 2078 2453 et.
2108 2402 2186 2453 De
2218 2400 2323 2454 hac

195 2481 378 2535 Helius
429 2493 580 2535 extra
619 2482 1072 2553 comparationem
1099 2493 1175 2535 est
1189 2520 1206 2545 ‚
1303 2483 1499 2554 pietate
1508 2482 1727 2557 Trajani
1752 2500 1878 2555 erga
1902 2480 2029 2535 deos
2058 2481 2319 2553 panegyr.

195 2560 332 2633 quod
346 2560 607 2615 Cellarius
625 2560 1011 2631 suspicabatur,
1022 2577 1209 2613 certan-
1307 2580 1355 2615 c.
1375 2562 1496 2614 Ln.
1517 2560 1585 2614 G.

1762 2766 2307 2789 ssssmm

1153 2952 1361 3042 CII.
1456 3000 1463 3007 -

804 3201 1245 3249 TRAJANUS
1296 3202 1606 3248 PLINIO
1659 3204 1714 3249 S.

277 3388 604 3456 SOLVISSE
629 3396 788 3453 vota
819 3380 948 3452 diis
973 3381 1463 3453 immortalibus
1480 3435 1499 3471 ,
1528 3398 1593 3453 te
1621 3398 1991 3477 praeeunte,
2022 3408 2148 3477 pro
2176 3406 2323 3452 mea

139 3504 148 3517 “
193 3493 679 3579 incolumitate,
705 3490 1194 3561 commilitones
1231 3517 1384 3562 cum
1419 3492 1939 3587 provincialibus
1994 3491 2325 3563 laetissimo

195 3627 514 3674 consensu
535 3658 558 3691 ,
597 3602 670 3671 in
709 3602 1145 3697 futummque
1189 3624 1611 3699 nuncupasse
1629 3658 1649 3691 ,
1691 3602 2009 3689 libenter,
2062 3604 2155 3672 mi
2200 3606 2319 3675 Se-

197 3714 402 3785 cunde
443 3714 820 3802 carissime,
855 3715 1139 3809 cognovi
1179 3712 1388 3784 literis
1428 3715 1586 3784 tuis·
