2857 4690
637 435 746 501 IN
803 434 1126 503 PLINII
1181 436 1945 505 PANEGYRICUM.
2200 434 2349 531 393

195 561 414 611 deinde.
457 558 801 613 Commodius
861 558 1076 632 quidem
1117 562 1190 615 sic
1236 562 1338 633 legi
1377 561 1628 615 videntur
1685 562 1843 615 verba
1886 580 1899 615 :
1952 565 2135 630 optimo
2177 566 2354 631 cuique

191 646 470 711 pra-cipue
491 646 722 695 dilectum
741 646 1004 713 statimque
1021 666 1041 697 .·
1063 660 1164 697 mm
1191 648 1280 697 Ῐιω
1301 649 1432 713 ipsos
1456 650 1633 698 deinde
1656 649 1729 698 ita
1740 648 1957 715 fimas.
1976 645 2175 699 Verum
2202 646 2245 698 si
2268 648 2353 699 cui

197 726 466 798 displicet
495 726 553 780 h.
583 726 622 779 l.
652 726 784 780 illud
807 728 978 779 statim
1002 748 1104 800 pro
1119 745 1488 798 perseveranter
1511 729 1620 784 diei
1638 766 1655 793 ‚
1680 729 2040 801 omissamque
2066 733 2273 790 cotidie,
2311 729 2357 783 is

199 809 402 863 videat
423 850 440 876 ‚
483 829 612 863 num
653 810 842 863 melius
875 811 1078 883 legatur
1118 816 1370 881 pra-cipue
1397 816 1629 865 dilectum
1659 834 1677 864 .·
1704 815 1965 881 statimque
2004 827 2057 863 ue
2100 814 2187 863 Ιιοε
2230 816 2358 881 ipsos

199 894 480 947 convenis
497 930 514 957 ,
531 898 706 945 deinde
723 898 797 946 ita
806 898 1028 964 firmas.
1047 926 1118 937 -
1135 894 1345 949 Utravis
1365 908 1508 950 certe
1526 895 1681 949 lectio
1702 896 1919 969 propius
1938 897 2084 949 abest
2102 914 2135 948 a
2153 896 2357 949 ratione

199 992 254 1029 et
297 977 506 1031 ordine
539 980 820 1033 verborum
851 979 908 1031 in
932 978 1107 1033 codd.
1125 984 1286 1051 quem
1309 979 1629 1035 Schwmius
1653 981 1725 1033 ita
1750 982 1994 1034 immutat
2024 997 2038 1033 ε
2069 995 2158 1031 aue
2174 983 2357 1048 optimo

202 1066 398 1139 cuique
447 1062 802 1134 [principum]
836 1066 1064 1115 dilectum
1085 1084 1104 1114 .·
1133 1066 1312 1114 deindo
1339 1067 1507 1115 statim
1528 1066 1618 1115 Ιιοε
1646 1066 1774 1131 ipsos
1800 1065 2018 1131 quotidie
2048 1065 2120 1113 ita
2138 1065 2356 1131 formas.

203 1145 474 1199 Tandem
495 1134 794 1203 accedimus
811 1145 1102 1201 Schwanio
1121 1184 1136 1211 ,
1158 1162 1210 1198 et
1226 1162 1366 1199 canto
1385 1147 1667 1200 emendare
1685 1146 1915 1217 cupienti
1935 1146 1989 1197 in
2010 1161 2065 1197 ac
2086 1160 2248 1198 tanto.

283 1234 426 1299 Cap.
455 1234 571 1292 XC,
596 1246 711 1283 sect.
744 1234 793 1282 6.
823 1231 966 1303 Lege
989 1248 1199 1284 mecum
1227 1249 1242 1283 ε
1274 1246 1328 1282 ut
1349 1250 1465 1292 nos,
1496 1234 1587 1282 etsi
1612 1230 1843 1283 minores
1856 1266 1873 1293 ,
1898 1245 1953 1280 ut
1980 1233 2130 1280 bonos
2162 1242 2323 1279 tannen
2340 1266 2354 1287 ,

195 1312 508 1381 promovere
520 1316 684 1365 vellet.
705 1314 790 1368 Sic
809 1325 950 1367 certe
967 1313 1137 1367 lenius
1156 1313 1213 1364 τὸ
1237 1317 1424 1375 eniteas,
1450 1314 1597 1386 quod
1616 1314 1775 1367 habet
1792 1314 2001 1385 vulgata
2022 1331 2083 1366 ex
2100 1310 2355 1365 Codicum

207 1412 490 1447 consensu
510 1430 527 1457 ,
561 1394 834 1459 emendes,
872 1414 1037 1468 quam
1073 1396 1116 1449 si
1147 1414 1270 1449 eum
1299 1396 1483 1469 Lipsio
1517 1416 1711 1469 augeas
1742 1400 1898 1448 minus
1924 1411 2093 1457 notos,
2119 1407 2213 1447 ant
2235 1413 2357 1449 cum

207 1478 512 1531 Amtzenio
531 1496 744 1531 sensum
767 1480 1046 1533 verborum
1064 1478 1473 1551 demi-queamus
1494 1482 1551 1533 in
1571 1480 1823 1533 alimum.

323 1650 566 1717 Brevis
605 1674 747 1718 esse
789 1650 1012 1719 studui
1039 1650 1134 1719 'ob
1173 1652 1290 1720 otii
1333 1652 1677 1747 penuriam
1706 1652 1779 1717 in
1814 1648 2217 1743 exponendis
2256 1648 2357 1718 his

211 1752 430 1838 locis;
478 1754 534 1822 si
583 1769 803 1823 autem
859 1770 1049 1842 sunt,
1093 1781 1262 1851 quos
1315 1755 1616 1825 offendat
1676 1779 1825 1825 mea
1876 1754 2355 1823 lenociniorum

215 1862 557 1953 parcitas,
598 1861 642 1928 ii
684 1858 857 1930 forte
895 1860 1056 1929 mihi
1093 1863 1491 1930 irascentur.
1533 1863 1769 1955 Neque
1806 1875 2028 1930 tamen
2066 1862 2159 1929 sic
2195 1860 2356 1927 mihi

219 1968 438 2035 iratos
475 1990 697 2035 manes
729 1981 892 2061 puto
923 1968 1080 2053 viri,
1111 1968 1298 2059 cujus
1332 1966 1701 2036 doctrinam
1734 1980 1801 2034 et
1834 1966 2145 2034 virtutem
2178 1990 2351 2033 sum-

221 2096 410 2139 mam
457 2096 720 2166 semper
761 2074 1020 2166 suspexi
1071 2088 1139 2141 et
1181 2074 1571 2166 suspiciam,
1612 2086 1690 2141 ut
1732 2074 2007 2166 quisque
2052 2072 2353 2139 maxime.

219 2178 292 2245 Is
345 2202 516 2246 vero
571 2202 750 2247 nunc
806 2177 1192 2247 immortalis
1246 2176 1551 2246 mortalia
1612 2179 1755 2248 haec
1812 2178 2163 2271 superavit.
2220 2178 2358 2245 Nos

223 2284 596 2354 etiamnum
639 2308 792 2354 cum
831 2285 909 2354 iis
943 2284 1428 2371 conflictamur,
1462 2284 1733 2354 minime
1768 2285 1837 2366 in
1873 2284 2012 2354 otio
2047 2284 2356 2352 viventes·
