2857 4690
538 349 677 419 320
1108 350 1185 417 C.
1240 350 1579 417 PLINII
1631 294 2116 417 SECUNDt

532 472 853 543 flammis:
888 485 963 543 ut
982 496 1062 539 ex
1100 468 1215 539 illo
1248 485 1502 539 terrore
1541 484 1608 539 et
1642 472 1840 540 minis
1873 472 1940 539 in
1973 496 2169 540 usum
2205 472 2557 543 hominum
2587 495 2677 545 ac‘

462 598 496 647 6
531 582 900 677 voluptates
936 581 1204 677 ignibus
1240 594 1680 649 mutarentur.
1711 581 1927 650 Simili
1963 584 2327 653 reverentia
2349 638 2370 669 ‚
2411 587 2666 669 Caesar,

530 716 667 759 non
718 689 902 785 apud
951 690 1243 759 Genium
1300 706 1493 759 tuum
1535 691 1820 760 bonitati
1876 706 2006 760 tuae
2059 693 2304 786 gratias
2351 695 2498 788 agi,
2551 696 2663 764 sed

526 800 707 897 apud
750 826 1003 871 numen
1036 802 1221 869 Jovis
1260 801 1522 895 Optimi
1569 802 1848 870 Maximi
1897 794 2194 896 pateris:
2239 801 2335 872 illi
2375 804 2617 873 debere
2643 860 2660 889 ‚

526 911 856 1007 quidquid
898 936 1019 979 nos
1082 911 1202 980 tibi
1254 911 1654 997 debeamuS,
1705 910 1916 996 illius,
1965 911 2149 1005 quod
2199 912 2371 981 bene
2417 913 2619 983 facias
2641 968 2658 995 ‚

406 1110 413 1115 .
457 1050 490 1101 7
525 1024 822 1092 muneris
862 1046 1041 1109 esse,
1092 1024 1207 1117 qui
1254 1038 1317 1091 te
1364 1022 1576 1091 dedit.
1622 1025 1800 1091 Ante
1845 1020 2115 1115 quidem
2173 1022 2479 1117 ingentes
2537 1024 2656 1093 ho·-

528 1134 804 1201 stiarum
856 1155 1091 1225 greges
1146 1156 1265 1225 per
1305 1131 1762 1225 Capitolinum
1823 1134 1980 1217 iter,
2025 1156 2264 1228 magna
2309 1134 2414 1202 sui
2472 1150 2658 1229 parte

522 1241 705 1311 velut
744 1242 1093 1336 intercepti
1127 1296 1146 1330 ‚
1190 1242 1528 1311 devertere
1559 1243 1670 1310 via
1709 1242 2154 1337 cogebantur3
2189 1268 2398 1338 quum
2445 1247 2654 1313 saevis-

522 1352 671 1421 simi
701 1352 955 1422 domini
998 1352 1411 1421 atrocissima
1443 1351 1694 1446 effigies
1733 1366 1921 1421 tanto
1957 1353 2396 1422 victimarum⁸
2421 1379 2654 1423 cruore

522 1462 887 1545 coleretur,
922 1477 1249 1557 quantum
1286 1448 1427 1557 ipse
1471 1461 1756 1532 humani
1795 1463 2140 1558 sanguinis
2177 1462 2646 1557 profundebat.

617 1578 797 1644 LIII.
824 1574 1110 1658 Omnia,
1137 1576 1212 1643 P.
1244 1576 1359 1657 C.,
1396 1597 1544 1667 quae
1578 1566 1668 1641 d&
1698 1571 1842 1642 aliis
1878 1572 2294 1668 principibus
2329 1598 2372 1641 a
2403 1599 2514 1643 me
2541 1590 2650 1642 aut

521 1684 877 1771 dicuntur,
918 1702 1037 1753 aut
1090 1683 1267 1753 dicta
1308 1697 1509 1769 sunt,
1564 1708 1646 1752 eo
1699 1684 2077 1777 pertinent,
2131 1700 2208 1753 ut
2259 1686 2604 1753 ostendam
2631 1738 2647 1769 ‚

520 1820 719 1889 quam
757 1795 957 1889 longa
990 1794 1472 1864 consuetudine
1496 1810 1848 1889 corruptos
1875 1795 2404 1890 depravatosque
2435 1821 2648 1864 mores

518 1908 933 2001 principatus
974 1930 1215 2000 parens
1256 1918 1484 1973 noster
1537 1904 1852 1973 reformet
1895 1919 1962 1973 et
2011 1906 2322 1999 corrigat.
2363 1908 2452 1973 Et
2488 1904 2646 1973 alio-

518 2019 681 2111 quin
724 2014 892 2085 nihil
922 2042 1059 2085 non
1099 2016 1335 2110 pai-um
1381 2031 1570 2109 grate
1602 2015 1744 2085 sine
1773 2016 2274 2109 comparatione
2309 2013 2638 2083 laudatur.

450 2160 477 2192 α
516 2129 840 2197 Praeterea
864 2126 992 2197 hoc
1012 2127 1305 2220 primum
1334 2150 1494 2221 erga
1521 2124 1848 2219 optimum
1875 2128 2356 2219 Imperatorem
2385 2127 2644 2219 piorum

516 2239 759 2308 civium
794 2236 1093 2306 officium
1130 2252 1266 2325 est,
1306 2232 1563 2331 insequi
1600 2234 1993 2306 dissimiles:
2024 2262 2240 2331 neque
2275 2238 2457 2305 enim
2495 2239 2642 2307 satis

516 2351 805 2418 amarint
850 2347 1063 2416 bonos
1126 2348 1504 2441 principes,
1549 2347 1667 2441 qui
1707 2344 1918 2416 malos
1974 2347 2134 2416 satis
2183 2373 2320 2416 non
2359 2345 2637 2416 oderint.

444 2469 475 2521 3
514 2458 789 2550 Adjice,
839 2456 1021 2551 quod
1069 2460 1502 2550 Imperatoris
1552 2457 1762 2526 nostri
1817 2482 1956 2526 non
2007 2456 2190 2526 aliud
2236 2457 2526 2552 amplius
2565 2482 2638 2525 ac

513 2565 819 2636 diffusius
842 2567 1158 2635 meritum
1186 2583 1284 2635 est
1305 2622 1326 2655 ‚
1358 2566 1542 2660 quod
1571 2568 1880 2656 insectari
1914 2565 2124 2637 malos
2166 2569 2504 2662 principes
2533 2583 2636 2636 tu-

444 2691 473 2746 4
512 2692 655 2746 tum
696 2690 815 2744 est.
849 2678 952 2745 An
986 2676 1231 2746 excidit
1266 2676 1484 2746 dolori
1517 2692 1748 2746 nostro
1779 2676 1981 2746 modo
2015 2677 2392 2746 vindicatus
2424 2675 2637 2748 Nero?

581 2861 632 2912 5.
644 2865 844 2911 Terrore
862 2875 911 2910 et
930 2859 1276 2924 minis.Qunm
1291 2879 1399 2912 non
1416 2871 1529 2912 tan·
1617 2861 1744 2926 qnid
1761 2861 1850 2909 tibi
1865 2862 2124 2910 debeamus
2137 2879 2158 2919 ,-
2184 2857 2330 2929 quod
2352 2877 2552 2912 verum.
2580 2863 2628 2913 S.

509 2952 623 2992 tum
650 2938 997 2992 admonerent
1022 2937 1264 2991 homines
1282 2939 1528 2992 vivorum

506 3019 864 3091 exemplorum
898 3036 941 3069 s.
972 3017 1377 3090 archetyporum
1394 3057 1411 3082 ‚
1435 3015 1526 3070 sed

504 3101 665 3152 etiam
686 3096 994 3151 criminibus
1007 3099 1293 3170 majestatis
1301 3099 1528 3151 occasio-

502 3199 625 3232 nem
642 3178 769 3231 dare
790 3189 1021 3250 possent.
1042 3176 1111 3229 G.
1130 3208 1199 3216 —
1218 3177 1327 3228 Illae
1348 3188 1523 3229 truces

502 3257 883 3330 horrendaeque
905 3255 1179 3328 imagines,
1192 3273 1417 3328 quarum
1439 3275 1522 3308 su-

501 3337 795 3409 perbissimi
810 3337 985 3390 vultus
994 3335 1281 3396 terrebant,
1292 3345 1343 3386 et
1358 3335 1522 3389 mina-

501 3420 695 3472 bantur
714 3458 728 3482 ,
756 3419 811 3472 in
832 3437 921 3470 eas
940 3418 1139 3469 formas
1158 3415 1516 3475 mutabantur,

500 3517 617 3570 qnae
641 3498 946 3551 hominibus
964 3508 1015 3549 et
1032 3495 1187 3549 utiles
1205 3507 1257 3547 et
1276 3492 1520 3567 jucundoe

501 3590 705 3643 essent3
728 3589 785 3629 ut
805 3577 857 3628 in
878 3593 1125 3629 nummos
1150 3613 1164 3637 ,
1186 3591 1331 3626 vasa.
1356 3573 1417 3625 E.

570 3661 623 3710 6.
648 3659 801 3724 Apud
835 3659 1041 3706 Genium
1086 3666 1241 3706 iteum.
1272 3653 1371 3704 Per
1412 3655 1515 3703 Ge-

498 3738 633 3785 nium
652 3736 891 3801 Principis
907 3736 1086 3806 jurare
1101 3771 1116 3796 ,
1132 3731 1211 3784 illi
1224 3731 1518 3784 sacrificare

497 3814 729 3866 solenne.
750 3811 1007 3864 Videatur
1024 3813 1182 3865 Torr.
1209 3809 1277 3864 ad
1296 3811 1514 3864 Sueton.

496 3893 663 3963 Calig.
679 3891 885 3943 XXVII
905 3929 920 3956 ,
934 3891 1029 3963 qui
1050 3889 1307 3962 quosdam
1328 3888 1516 3942 ultimo

494 3969 757 4042 supplicio
778 3969 986 4030 affecit,
1010 3973 1149 4036 quod
1162 3989 1410 4037 nunquam
1421 3989 1518 4036 per

499 4053 706 4101 Genium
733 4067 871 4098 suum
904 4051 1212 4111 deser-assent.
1242 4047 1305 4098 G.
1336 4079 1405 4088 —
1432 4053 1517 4099 11Ιί

492 4134 689 4188 debere,
714 4138 815 4180 etc.
846 4125 927 4176 Al.
952 4128 1027 4176 illi
1042 4129 1212 4176 debere
1234 4147 1349 4190 nos,
1373 4129 1514 4196 quid·

1691 2955 1740 3006 7.
1751 2943 2004 2988 Devenere
2019 2941 2130 2989 via.
2145 2937 2227 2990 Ad
2241 2949 2440 2991 statuas
2463 2941 2630 2992 Domi·

1615 3016 1772 3068 tiani:
1809 3017 1868 3069 in
1899 3017 2092 3088 quibus
2118 3016 2306 3070 nobilis
2342 3019 2436 3072 illa
2475 3039 2626 3090 eque·

1615 3095 1732 3148 stris
1749 3133 1765 3158 ,
1794 3093 1862 3148 de
1880 3113 1982 3166 qua
2012 3095 2206 3148 Statius
2226 3095 2352 3150 silv.
2381 3099 2438 3160 1,
2471 3117 2520 3162 1,
2541 3117 2628 3150 ve-

1611 3173 1820 3227 rissimo
1853 3175 2168 3246 specimine,
2210 3195 2488 3249 quousque
2521 3195 2628 3250 pro-

1610 3256 1823 3308 cesserit
1849 3267 1961 3307 tum
1984 3255 2236 3308 adulatio.
2259 3255 2326 3308 G.

1679 3335 1828 3388 LIII.
1861 3353 1906 3386 1.
1944 3339 2012 3385 Ee
2035 3338 2276 3402 alioquin.
2311 3328 2357 3390 H
2393 3341 2462 3387 Ee
2491 3348 2624 3390 recte

1607 3415 1880 3484 reponitur
1906 3431 1936 3466 a
1963 3412 2158 3466 clariss.
2181 3415 2500 3468 Schwarzio.
2529 3415 2617 3469 Sic.

1607 3493 1773 3554 XLV,
1795 3499 1824 3555 4
1846 3533 1862 3559 ,
1889 3494 1987 3556 68,
2015 3513 2067 3557 7,
2089 3511 2188 3563 70,
2218 3495 2250 3545 8
2273 3507 2324 3547 et
2346 3499 2441 3566 Ep.
2464 3495 2616 3561 11,9.

1613 3590 1661 3625 1.
1685 3571 1740 3626 Si
1753 3570 1890 3624 enim
1917 3573 2054 3624 absit
2075 3614 2090 3639 ,
2121 3573 2276 3644 plane
2295 3574 2429 3626 alius
2446 3591 2619 3626 sensus

1605 3665 1656 3705 et
1669 3651 1966 3706 contrarius
1981 3653 2195 3705 exsistit.
2209 3651 2279 3705 G.
2289 3652 2613 3708 —Sedcont

1606 3730 1744 3784 Add.
1771 3729 1839 3784 ad
1868 3749 1950 3802 ep.
1975 3732 2029 3783 11
2047 3769 2064 3794 ‚
2095 3733 2155 3786 15
2177 3769 2194 3794 ‚
2218 3751 2265 3784 ο.
2287 3732 2342 3785 S.

1672 3842 1741 3850 —
1761 3817 1943 3862 Parum
1964 3827 2133 3880 grate.
2157 3851 2168 3861 .
2190 3849 2203 3860 .
2227 3853 2238 3863 .
2252 3815 2502 3863 laudatur.
2525 3811 2614 3862 Pa-

1605 3909 1722 3943 rum
1747 3891 1919 3962 placet
1945 3933 1959 3958 ,
1989 3909 2174 3961 parum
2201 3891 2368 3945 efficit
2395 3889 2611 3942 laudatio

1603 3969 1714 4021 sine
1727 3968 1906 4041 aliqua
1920 3971 2332 4041 comparatione.
2347 3969 2469 4022 Haec
2483 3967 2608 4020 enim

1602 4047 1785 4101 laudes
1811 4059 1863 4100 et
1887 4049 2112 4102 illustrat
2135 4087 2151 4111 ,
2181 4061 2232 4105 et
2254 4060 2429 4121 auget.
2451 4049 2509 4102 E.

1673 4134 1723 4191 4.
1755 4130 2042 4179 Vindicams
2070 4133 2223 4180 Nero.
2245 4129 2424 4193 Quum
2441 4129 2607 4180 Domi·
