2857 4690
883 398 1422 469 EPISTOLA
1466 398 1699 466 XIII.

2266 376 2355 458 23

207 551 326 620 quc
375 548 537 594 eum
584 522 1020 618 potissimum
1076 519 1475 591 imitandum
1529 520 1760 603 habes,
1794 518 1903 585 cui
1946 530 2187 585 natura
2221 538 2361 586 esse

207 654 268 706 te
315 632 744 707 simillimum
777 631 1014 702 voluit.
1055 631 1244 703 Vale.

207 828 408 881 etiamsi
425 838 570 881 esset
587 835 862 879 mortuum
879 836 972 878 aut
989 824 1243 887 alienum3

209 913 276 977 (c)
305 909 794 976 conjunctissimum,
837 908 990 979 cujus
1017 903 1246 975 penitius

207 984 553 1059 inspiciendi,
561 983 904 1047 consulendi,
916 981 1244 1057 exprimendi

207 1064 524 1138 quotidiana
549 1064 798 1119 facultas.
819 1062 978 1117 G.-
993 1066 1093 1130 Qui
1111 1066 1246 1115 den-7-

213 1167 300 1215 με
307 1182 586 1198 ........
593 1147 775 1197 voluit.
796 1144 925 1196 Vim
951 1156 1003 1197 et
1029 1161 1244 1197 sensum

209 1224 370 1298 hujus
394 1224 674 1279 sententiae
693 1242 804 1277 non
827 1222 952 1276 satis
969 1240 1242 1294 assequor.

211 1304 559 1359 Sisi-illium
595 1302 738 1375 patri
769 1315 880 1367 est,
913 1320 1170 1374 quorsum
1193 1313 1246 1355 et

211 1397 482 1455 quatenus
504 1402 634 1437 eum
665 1383 901 1437 inn‘tetur
914 1382 940 1435 i·
964 1400 1092 1437 nam
1116 1382 1246 1435 alte·—

211 1482 327 1515 rum
343 1462 644 1525 imitamur,
663 1473 723 1514 ut
741 1460 936 1515 similes
956 1462 1005 1513 ei
1023 1460 1238 1515 fiamus.

213 1542 266 1596 si
291 1541 623 1595 simillimum
644 1560 768 1594 eum
789 1542 942 1596 vultu
959 1550 1168 1593 tantum
1189 1553 1242 1594 et

213 1638 301 1673 ore
313 1621 486 1675 voluit
499 1662 516 1687 ,
529 1620 664 1692 quid
685 1620 793 1675 hoc
813 1618 1242 1676 adiruitationem

216 1699 432 1751 attinet?
469 1698 702 1751 Videtur
731 1698 866 1751 mihi
895 1698 1098 1751 Plinius
1123 1716 1242 1751 eam

213 1777 528 1831 sententiam
543 1778 876 1851 apposuisse,
891 1789 952 1829 ut
964 1776 1244 1831 rotundius

215 1868 262 1909 et
275 1859 600 1913 concinnius
613 1858 844 1929 epistola
859 1857 1053 1913 finiret.
1068 1858 1240 1913 Habet

1345 824 1489 879 enim
1512 822 1746 893 aliquem
1763 820 1943 873 lusum
1966 836 1996 871 e
2014 818 2361 891 repugnanti-

1340 904 1472 966 bus,
1507 901 1600 974 qui
1626 912 1805 953 tamen
1831 916 2044 952 sensum
2066 915 2176 949 non
2206 894 2361 969 adju-

1341 992 1431 1035 vat
1447 1019 1463 1045 ‚
1500 979 1594 1034 sed
1610 978 1821 1033 minuit.
1840 978 1905 1030 E.
1925 1008 1997 1018 —
2010 976 2215 1029 Acerba
2235 994 2361 1029 sane

1341 1059 1639 1115 criminatio
1654 1096 1669 1124 ,
1705 1058 1752 1113 si
1784 1055 1917 1130 qyid
1951 1055 2193 1128 arguaris
2227 1070 2365 1109 con-

1340 1140 1607 1193 cinnitatis
1646 1156 1832 1191 caussa
1871 1135 2138 1207 scripsisse
2156 1172 2174 1200 ,
2210 1133 2357 1207 quod

1341 1238 1555 1274 sensum
1570 1237 1680 1272 non
1697 1216 1949 1291 adjuvet,
1968 1214 2059 1268 sed
2077 1214 2352 1287 impediat.

1339 1298 1545 1366 Quidni
1568 1314 1697 1353 vero
1726 1297 1837 1349 haec
1864 1294 2221 1367 inteiligamus
2244 1294 2353 1349 sic?

1341 1381 1468 1455 qui,
1492 1391 1553 1433 ut
1568 1378 1754 1451 paucis
1770 1395 1858 1430 me
1874 1374 2179 1447 expediam,
2204 1376 2363 1449 potiu-

1339 1459 1531 1515 simum
1582 1476 1743 1521 eum,
1792 1468 1856 1509 ut
1910 1454 2355 1529 perfectissimum

1339 1539 1624 1611 exemplar,
1643 1536 1841 1591 imitari
1855 1535 2046 1601 debes,
2068 1552 2229 1608 quem
2247 1532 2361 1607 ipsa

1339 1619 1437 1673 tihi
1480 1629 1673 1673 natura
1720 1615 2121 1689 exprimendum
2168 1612 2320 1669 dedit
2342 1652 2359 1678 ‚

1340 1716 1464 1751 cum
1484 1716 1547 1751 eo
1564 1710 1615 1751 te
1633 1698 1781 1751 nasci
1800 1697 2043 1752 voluerit.
2068 1695 2223 1749 Pater
2246 1694 2359 1748 filio

1338 1788 1532 1831 natura
1558 1775 2045 1850 conjunctissimum
2070 1774 2357 1846 exemplar,

1339 1876 1451 1911 non
1476 1857 1605 1911 item
1626 1872 1833 1928 semper
1854 1855 2133 1927 optimum.
2152 1856 2216 1908 S.

1163 2227 1425 2314 XIV.

217 2449 607 2518 Quaestionem
649 2448 1002 2506 senatoriam
1046 2445 1448 2524 explicandam
1502 2447 1795 2526 proponit.
1842 2447 2219 2526 Antiquitatis
2261 2467 2359 2506 ro-

293 2561 474 2600 mame
498 2541 775 2601 studiosis
800 2555 1037 2621 accepta
1062 2561 1184 2601 esse
1215 2541 1464 2616 debent,
1490 2563 1618 2621 quae
1648 2543 1745 2602 hic
1776 2543 1851 2602 de
1883 2545 2055 2603 variis
2082 2565 2359 2603 romano—

295 2661 424 2699 rum
453 2639 634 2699 rebus
659 2640 990 2700 traduntur.
1011 2646 1208 2720 Atque
1229 2641 1330 2700 ina
1351 2643 1525 2703 etiam
1550 2661 1743 2700 mores
1762 2642 1931 2702 Plinii
1954 2645 2361 2704 commendant

293 2737 624 2815 docentque
637 2779 656 2810 ,
681 2737 1018 2816 religiosum
1041 2758 1174 2800 eum
1203 2738 1420 2797 fuisse
1403 2759 1466 2796 m
1502 2738 1897 2801 custodiendis
1928 2739 2196 2838 omnibus
2226 2761 2358 2800 mu—

295 2836 450 2894 neris
475 2837 567 2894 sui
595 2835 826 2894 officiis.
851 2839 960 2896 En.

709 3031 770 3076 C.
823 3029 1185 3076 PLINIUS
1236 3029 1651 3078 ARISTONI
1703 3033 1880 3110 SJJO.

313 3199 572 3286 Quum
608 3197 698 3266 sis
732 3197 1172 3290 peritissimus
1210 3211 1276 3264 et
1304 3167 1548 3292 priviiti
1571 3198 1741 3292 juris
1766 3215 1833 3272 et
1855 3201 2143 3297 publici,
2167 3203 2355 3296 cujus

223 3331 374 3400 pars
397 3307 813 3375 senatorium
839 3320 938 3375 est
955 3359 975 3392 ‚
1007 3306 1210 3400 cupio
1237 3331 1318 3375 ex
1341 3321 1410 3376 te
1434 3309 1855 3402 potissimum
1883 3310 2151 3398 audire,
2180 3335 2359 3380 erra·

221 3418 423 3484 verim
461 3417 530 3485 in
569 3431 806 3486 senatu
842 3418 1182 3512 proxime,
1218 3441 1430 3488 necne
1464 3444 1479 3486 ε
1515 3443 1655 3488 non
1692 3435 1769 3489 ut
1804 3421 1875 3488 in
1914 3421 2361 3514 praeteritum,

225 3525 474 3612 (serum
517 3525 726 3620 enim)
773 3549 1005 3596 verum
1045 3541 1122 3596 ut
1163 3526 1235 3594 in
1271 3525 1611 3613 faunum,
1650 3530 1707 3598 si
1742 3528 1905 3623 quid
1946 3527 2161 3598 simile
2200 3531 2361 3600 inci·
2402 3575 2430 3608 2

223 3636 425 3725 derit,
457 3637 750 3706 erudiar.
789 3639 1030 3724 DiceS‚
1071 3639 1210 3707 Cur·
1239 3643 1529 3730 quaerzk,
1570 3639 1767 3732 quod
1795 3661 1991 3708 nosse
2024 3639 2365 3710 debebas?

223 3749 530 3819 Priorum
574 3762 960 3843 temporum
1003 3745 1322 3834 servitus,
1359 3762 1436 3817 ut
1476 3747 1756 3818 aliarum
1804 3751 2209 3844 optimarum
2250 3777 2361 3822 ar-

289 3941 445 4005 XIV,
469 3961 525 3996 ιι.
563 3943 714 4008 Quod
737 3960 880 3992 nosse
897 3943 1122 3992 dem.
1143 3941 1248 3993 Ne-

229 4037 324 4090 que
345 4019 698 4075 hiednhitavi
705 4019 1108 4074 Gronovimm
1127 4039 1252 4074 con-

227 4100 470 4168 jecturam
487 4099 714 4171 vulgato
725 4101 904 4151 debeas
913 4111 1248 4171 anteponere.

227 4178 380 4234 Pauci
419 4179 584 4235 nimis
630 4191 756 4234 sunt
793 4179 966 4246 usti,
1007 4191 1060 4233 ct
1096 4179 1252 4233 nimis

1347 3939 1543 3993 durum
1558 3979 1575 4005 ,
1586 3941 1691 3995 hoc
1704 3953 1783 3996 est
1797 3979 1815 4007 ,
1832 3941 2049 3996 minime
2066 3935 2363 3996 Plinianu'in

1347 4024 1539 4072 debeas.
1564 4020 1634 4074 G.

1419 4105 1715 4153 —Pn’orum
1728 4118 1995 4171 temporum
2005 4101 2365 4154 servientiun·

1351 4197 1513 4249 quam
1536 4179 1785 4236 excidisse
1804 4179 1961 4234 debet
1983 4181 2163 4234 lectori
2188 4177 2363 4240 Plinii,
