2857 4690
882 356 1413 429 EPISTOLA
1463 358 1710 427 XXX.
2233 342 2365 450 139

246 564 2365 589 mmmmm-mmmmmffl

1129 756 1464 845 XXX.
1585 834 1594 843 .

270 982 549 1055 Consulit,
576 982 863 1043 custodia
892 1002 1001 1062 per
1030 982 1297 1062 publicos
1322 1002 1524 1042 servos
1555 958 2054 1042 asservandae'sint
2069 1024 2088 1054 ‚
2119 1000 2193 1039 au
2227 1000 2334 1059 per

1183 1080 1410 1140 milites.

762 1290 827 1338 C.
876 1288 1232 1339 PLINIUS
1280 1289 1682 1338 TRAIANO
1731 1292 1787 1337 S.

326 1474 576 1558 Rom),
610 1472 945 1560 Domine,
979 1470 1257 1543 consilio
1284 1496 1395 1541 me
1431 1494 1620 1567 regas
1651 1470 2067 1541 haesita'ntem
2085 1525 2106 1557 ,
2139 1486 2368 1540 utrum

236 1604 351 1675 per
370 1580 681 1676 publicos
706 1582 1053 1655 civitatum
1077 1605 1301 1653 servos
1326 1582 1539 1678 (quod
1570 1606 1782 1678 usque
1811 1582 2032 1651 adhuc
2065 1580 2370 1675 factum),

236 1714 319 1761 an
344 1716 467 1786 per
494 1692 777 1782 milites,
803 1716 1139 1765 asservare
1177 1694 1513 1765 custodias
1539 1694 1840 1764 debeam.
1868 1696 2128 1765 Vereor
2152 1695 2332 1763 enim
2349 1746 2370 1779 ,

236 1826 317 1871 ne
354 1818 425 1872 et
468 1827 590 1898 per
637 1828 863 1875 servos
908 1804 1213 1899 publicos
1256 1828 1502 1900 parum
1544 1803 1832 1874 fideliter
1867 1802 2369 1890 custodiantur,

234 1926 299 1983 et
335 1937 473 1983 non
511 1916 831 2011 exiguum
864 1914 1157 1987 militum
1200 1940 1559 1986 numerum
1605 1916 1747 1984 haec
1787 1938 1952 1985 cura
1991 1914 2369 2007 distringat.

236 2024 507 2093 Interim
534 2026 823 2120 publicis
846 2028 1051 2097 servis
1075 2050 1327 2123 paucos
1351 2025 1597 2096 milites
1619 2024 1869 2095 addidi.
1901 2022 2120 2095 Video
2143 2038 2368 2092 tamen
2410 2050 2437 2081 ²

232 2136 601 2230 periculum
646 2162 821 2227 esse,
862 2162 951 2210 ne
988 2138 1057 2209 id
1093 2141 1311 2235 ipsum
1340 2139 1646 2233 utrisque
1687 2134 2112 2232 negligentiae
2139 2156 2372 2203 caussa

234 2248 345 2333 sit3
378 2247 545 2319 dum
584 2274 1011 2320 communem
1048 2249 1316 2348 culpam
1350 2249 1423 2318 hi
1465 2249 1538 2318 in
1577 2246 1754 2331 illos,
1787 2244 1884 2317 illi
1916 2247 1987 2313 in
2025 2244 2148 2313 hos
2186 2266 2370 2337 rege-

234 2383 377 2430 rere
412 2385 613 2455 posse
652 2361 1027 2434 confidunt.

1150 2587 2375 2610 mmmmm

936 2779 1283 2868 XXXI.
1350 2779 1672 2900 (XXJ)

854 3032 1313 3084 munus
1366 3031 1674 3080 mmo
1723 3033 1778 3080 s.

323 3212 583 3281 N1m1.
628 3234 803 3306 opus
841 3227 981 3300 est,
1022 3212 1117 3280 mi
1153 3210 1462 3282 Secunde
1497 3212 1870 3300 carissime,
1904 3211 1990 3280 ad
2025 3211 2376 3281 continen-

238 3317 345 3390 das
362 3319 733 3405 custodias,
762 3319 987 3416 plures
1012 3321 1502 3392 commilitones
1516 3321 1839 3391 converti.
1862 3323 2378 3390 Perseveremus

242 3430 303 3500 iu
330 3456 409 3502 ea
438 3432 961 3520 consuetudine,
996 3457 1146 3527 quae
1177 3433 1286 3502 isti
1321 3432 1683 3527 provinciae
1713 3446 1844 3514 est,
1882 3445 1960 3500 ut
1990 3455 2112 3524 per
2145 3425 2368 3523 puhli-

240 3565 345 3611 ωε
372 3567 601 3613 servos
631 3541 1114 3614 custodiantur.
1151 3544 1454 3630 Etenim,
1491 3557 1569 3612 ut
1604 3540 1892 3611 fideliter
1923 3541 2054 3610 hoc
2085 3540 2372 3622 faciant,

244 3649 305 3718 in
356 3665 476 3721 tua
524 3654 876 3723 severitate
926 3679 1005 3722 ac
1058 3650 1405 3748 diligentia
1461 3654 1754 3751 positum
1805 3666 1926 3723 est.
1993 3655 2078 3722 In
2134 3653 2376 3747 primis

245 3761 451 3850 enim,
490 3763 665 3832 sicut
706 3763 939 3832 scribis
960 3817 980 3849 ,
1022 3763 1387 3834 verendum
1422 3780 1559 3849 est,
1593 3787 1718 3848 ne,
1750 3766 1804 3833 si
1842 3764 2370 3859 permisceantur

248 3873 439 3942 servis
474 3873 759 3968 publicis
794 3872 1074 3962 milites,
1111 3863 1349 3946 mutua
1390 3877 1567 3947 inter
1615 3899 1684 3944 se
1731 3873 1980 3945 fiducia
2017 3873 2366 3969 negligen-

248 3983 436 4052 tiores
478 3985 613 4054 sint
642 4008 659 4053 ε
702 3982 815 4053 sed
852 3999 919 4053 et
955 3984 1119 4054 illud
1152 3981 1401 4057 h'aereat
1428 3989 1659 4074 nobiS,
1698 4011 1900 4080 quam
1932 3986 2366 4081 paucissimos

252 4091 479 4163 milites
514 4119 555 4164 a
590 4093 798 4188 signis
832 4095 1203 4166 avocandos
1238 4122 1397 4167 esse.
