2857 4690
472 326 615 397 308
1038 328 1119 394 C.
1172 326 1512 393 Plen
1559 326 2036 394 SECUNDI

468 450 791 545 exemplis
816 448 1183 530 docentur,
1216 474 1367 543 quae
1394 450 1464 515 in
1489 450 1726 542 primis
1753 448 1884 517 hoc
1917 451 1986 517 in
2021 474 2092 517 se
2129 448 2286 518 boni
2317 450 2628 519 habent
2651 504 2674 526 .

470 560 651 656 qnod
676 561 1057 654 approbant
1080 614 1103 643 ,
1136 584 1289 653 quae
1323 560 1766 654 praecipinnt,
1805 559 1954 627 fieri
1997 584 2214 654 posse.

566 674 813 741 XLVI.
838 675 925 738 Et
950 672 1103 763 quis
1126 685 1345 738 terror
1368 668 1678 765 valuisset
1703 668 2004 756 efficeoe,
2023 670 2206 764 quod
2231 672 2660 739 reverentia

472 784 571 852 tui
594 782 857 851 effecit?
870 782 1165 849 obtinuit
1192 780 1456 875 aliquis,
1469 796 1546 848 ut
1559 780 2012 875 spectaculum
2033 784 2656 875 pantomimorum

470 882 765 989 populus
812 917 1129 960 romanus
1178 890 1321 960 tolli
1368 906 1758 985 pateretur;
1801 891 1918 959 sed
1975 918 2114 961 non
2163 891 2492 979 obtinuit,
2559 908 2655 961 ut

404 1030 435 1065 ο
472 1004 693 1074 vellet.
733 1006 1037 1097 Rogatus
1076 1028 1147 1071 es
1186 1018 1295 1082 tu,
1322 1002 1508 1095 quod
1535 1001 1818 1096 cogebat
1859 1000 2070 1084 alius,
2105 1004 2440 1096 coepitque
2467 1028 2654 1072 esse

472 1115 903 1199 beneficium,
928 1112 1111 1208 quod
1158 1117 1516 1182 necessitas
1551 1112 1768 1181 fuerat
1793 1138 1814 1179 :
1843 1136 2060 1207 neque
2095 1114 2276 1180 enim
2313 1138 2354 1180 a
2381 1128 2449 1181 te
2481 1116 2648 1181 mi·-

474 1250 643 1294 nore
666 1239 997 1293 concentu
1014 1278 1035 1310 ,
1056 1239 1135 1293 ut
1156 1222 1425 1292 tolleres
1441 1223 1890 1317 pantomimos
1907 1276 1926 1309 ,
1945 1247 2146 1316 quam
2177 1247 2216 1290 a
2245 1241 2436 1317 patre
2459 1240 2606 1292 tuo
2623 1280 2648 1304 ,

406 1346 441 1397 3
478 1350 555 1405 ut
588 1336 1003 1418 restitueret,
1026 1348 1334 1402 exactum
1366 1348 1490 1401 cst.
1515 1335 1902 1426 Utrumque
1935 1348 2116 1401 recte
2146 1358 2166 1401 ε
2205 1358 2364 1401 nam
2395 1350 2464 1403 et
2507 1360 2642 1403 re-

476 1448 663 1516 stitui
704 1446 1099 1539 oportebat,
1122 1470 1295 1540 quos
1334 1442 1694 1513 sustulerat
1731 1442 1946 1511 malus
1985 1444 2300 1538 princeps
2322 1470 2343 1531 ;
2365 1459 2432 1512 et
2475 1445 2640 1513 tolli

477 1557 865 1625 restitutos:
912 1557 981 1623 in
1016 1556 1121 1623 his
1163 1556 1373 1639 enim,
1402 1578 1554 1648 quae
1591 1578 1632 1621 a
1677 1552 1868 1621 malis
1897 1552 2068 1621 bene
2102 1552 2311 1638 fiunt,
2351 1556 2462 1623 hic
2516 1570 2640 1623 te-

478 1666 739 1735 nendus
784 1663 1053 1750 ῐηοᾶιιε,
1092 1680 1167 1733 ut
1204 1679 1568 1759 appareat,
1605 1679 1947 1733 auctorem
1989 1664 2436 1759 displicuisse,
2479 1694 2636 1737 nou

412 1790 445 1849 4
480 1776 751 1846 factum.
779 1775 967 1844 Idem
1003 1800 1167 1871 ergo
1200 1775 1494 1869 populus
1521 1773 1634 1842 ille
1657 1772 2020 1869 aliquando
2053 1776 2295 1844 scenici
2327 1776 2634 1871 impera-

480 1890 647 1957 toris
678 1903 1015 1983 spectator
1046 1903 1115 1955 et
1150 1885 1544 1981 applausor,
1579 1910 1762 1954 nuuc
1790 1885 1860 1951 in
1891 1885 2326 1978 pantomimis
2351 1911 2638 1979 quoque

482 2014 825 2068 aversatur
848 2014 919 2067 et
948 1997 1225 2066 damnat
1260 1996 1680 2065 effeminatas
1705 1989 1918 2082 artes}
1933 2010 2002 2064 et
2039 1995 2350 2065 indecora
2381 1998 2632 2066 saeculo

414 2084 445 2131 ⁵
482 2110 725 2178 studia.
760 2112 859 2177 Ex
914 2133 1051 2202 quo
1098 2106 1526 2175 manifestum
1579 2120 1677 2174 cst
1706 2159 1728 2192 ,
1769 2107 2148 2200 principum
2199 2106 2626 2201 disciplinam

484 2244 725 2313 capere
758 2220 959 2287 etiam
984 2216 1263 2314 vulgus:
1292 2242 1504 2312 quum
1545 2241 1720 2303 rem,
1757 2218 1812 2285 si
1848 2218 1936 2285 ab
1969 2240 2108 2285 uno
2145 2216 2298 2301 fiat,
2341 2220 2628 2287 severis-

550 2499 621 2508 —
649 2473 771 2532 Quae
800 2471 1117 2534 proecipiane.
1158 2465 1385 2536 megum
1425 2475 1504 2516 est

480 2549 783 2616 conjectura
809 2583 825 2608 ,
860 2557 913 2596 et
952 2545 1267 2598 Heumanno
1300 2543 1464 2615 digna
1486 2580 1504 2607 ,

480 2644 647 2696 quum
674 2624 886 2676 monuit
910 2625 979 2677 cl.
1006 2625 1365 2677 Schwtrzium
1389 2661 1405 2686 ,
1433 2623 1506 2675 lc-

478 2703 713 2776 gendum
737 2723 849 2757 esne
858 2708 1215 2773 praecipiuntur
1230 2725 1250 2756 .·
1269 2717 1323 2756 et
1338 2721 1504 2774 quam

480 2783 634 2836 facile
654 2783 955 2854 intercepto
972 2781 1089 2836 due
1110 2784 1327 2836 litei-ulte
1346 2781 1506 2837 sunt?

479 2863 839 2916 Necessariam
868 2875 1046 2915 tamen
1069 2882 1177 2916 non
1200 2876 1348 2934 puto.
1365 2865 1506 2914 Nam

479 2943 591 3014 ipsa
630 2962 845 3016 quoque
894 2942 1133 3014 exempla
1164 2946 1461 3012 praeeipiune
1483 2979 1500 3002 ‚

480 3023 673 3076 docent
690 3061 709 3086 ,
740 3034 1155 3076 commonstrant
1179 3060 1195 3086 ‚
1232 3020 1363 3092 quid
1388 3020 1506 3073 fieri

478 3101 671 3156 debeat
716 3121 827 3156 non
884 3103 1061 3154 minus
1084 3139 1102 3166 ,
1152 3119 1315 3172 qnam
1368 3099 1502 3172 qnid

478 3185 660 3254 pouit.
681 3183 747 3234 G.

550 3263 747 3315 XLVI.
792 3280 811 3310 ι
826 3301 837 3312 .
870 3263 1207 3328 Spectaculum
1253 3263 1508 3327 pantomi-

480 3363 687 3394 morum.
710 3361 764 3393 v.
794 3359 849 3412 g.
879 3359 911 3393 a
938 3341 1150 3392 Nerone
1172 3341 1508 3406 pantomimo·

479 3443 587 3473 rum
608 3424 859 3490 sactiones
902 3439 1011 3469 eum
1044 3421 1158 3486 ipsis
1192 3419 1340 3468 sinen!
1386 3423 1508 3468 rele-

476 3517 611 3569 εοεαε
644 3501 863 3554 sueton.
894 3499 1041 3551 xvl.
1082 3498 1149 3550 Et
1174 3497 1506 3548 Domitianus

480 3577 609 3632 ibid.
664 3579 767 3631 vlt
790 3617 806 3643 ‚
866 3581 1129 3630 interdu-ie
1188 3577 1506 3628 histrionibus

482 3677 693 3710 scenam.
728 3659 795 3710 G.
824 3691 893 3699 —
916 3661 1355 3710 Pantonu'morum.
1396 3657 1504 3719 Qui

481 3751 633 3810 gestu
658 3775 673 3800 ‚
722 3751 775 3790 et
806 3739 1083 3792 saltatione
1108 3749 1359 3808 motuque
1384 3755 1505 3788 cor-

482 3817 629 3890 poris
657 3854 672 3880 ,
704 3818 881 3870 omnia
910 3817 1203 3887 exprimunt
1228 3828 1280 3868 et
1298 3815 1508 3867 imitan-

483 3909 569 3950 tur
590 3935 603 3958 ,
646 3895 788 3949 unde
830 3915 1053 3967 grxecum
1088 3915 1302 3948 nomen.
1332 3895 1506 3946 Latini

482 3979 759 4029 Hine-iones
780 4013 796 4038 ,
818 3987 869 4026 et
890 3980 1153 4028 saltatores
1178 4013 1193 4037 ,
1222 3989 1269 4028 et
1292 3979 1506 4044 gesticu-

484 4061 665 4110 latores
684 4053 931 4106 reddunt.
948 4055 1047 4106 En.

1663 2465 1716 2517 3.
1747 2470 2015 2531 Ilm-qne
2040 2479 2170 2514 reete
2184 2503 2202 2526 ,
2223 2477 2326 2518 etc.
2347 2465 2489 2517 Male
2509 2464 2632 2518 hoe

1585 2541 1790 2614 judicat
1819 2543 2048 2606 Plinius,
2083 2543 2214 2596 dnm
2251 2557 2538 2616 iau-umque
2569 2559 2626 2597 et

1591 2624 1820 2675 Nervam
1844 2633 1898 2676 et
1923 2623 2214 2696 Trajannrn
2241 2623 2464 2676 laudare
2482 2625 2623 2678 vult.

1589 2703 1736 2774 Saepe
1746 2703 1858 2773 jam
1873 2703 2002 2755 alias
2015 2701 2270 2754 laudandi
2285 2703 2626 2776 propositum

1591 2785 1864 2838 veritatem
1887 2783 2115 2836 sustulit.
2141 2782 2205 2833 E.

1661 2893 1732 2903 -—
1753 2871 2014 2913 Auctorem
2026 2864 2344 2930 displicuisse.
2369 2861 2444 2912 Ut
2455 2862 2628 2915 Lace-

1589 2941 1836 2994 doemonii
1867 2941 1964 3012 qui
1985 2941 2184 2993 bonnm
2207 2941 2524 2994 senteutiam
2551 2943 2626 2994 ab

1589 3021 1836 3092 improbo
1855 3019 2072 3072 homine
2091 3019 2146 3071 in
2171 3031 2360 3072 senatu
2387 3019 2586 3073 dictam
2605 3059 2622 3080 ‚

1582 3101 1854 3172 jussu-unt
1881 3117 1914 3150 a
1949 3099 2094 3150 bono
2133 3097 2328 3150 iterum
2363 3097 2470 3152 dici
2495 3138 2513 3163 ,
2551 3099 2628 3152 ei-

1595 3197 1702 3250 que
1737 3178 1978 3232 inscribi.
2005 3179 2108 3232 En.

1663 3265 1715 3322 6.
1758 3261 1947 3308 &mici
1997 3259 2326 3326 impemton's.
2375 3258 2622 3312 Neronis.

1591 3338 1720 3392 Vid.
1757 3337 1980 3390 Sueton.
2023 3355 2145 3409 cap.
2183 3355 2268 3390 ao.
2308 3355 2426 3409 sqq.
2457 3337 2528 3390 G.
2551 3371 2624 3380 —

1593 3423 1892 3487 Applausor.
1919 3418 2101 3469 Dubia
2129 3435 2231 3469 vox
2255 3417 2582 3470 auctoritatis
2607 3455 2624 3480 ,

1592 3517 1758 3570 quum
1783 3515 1882 3549 nec
1903 3496 2028 3548 alibi
2051 3497 2186 3548 lecta
2209 3496 2276 3548 sit
2290 3534 2307 3558 ,
2331 3515 2502 3568 neque
2521 3497 2626 3550 hoc

1593 3577 1712 3629 loco
1738 3575 1946 3628 codices
1965 3577 2098 3628 nihil
2117 3577 2340 3628 varient.
2363 3576 2467 3628 Alii
2483 3576 2630 3630 enim

1587 3659 1814 3723 plausor,
1835 3653 1980 3726 quod
2005 3655 2270 3727 Gierigius
2297 3655 2536 3708 adscivit.
2567 3659 2624 3712 S.

1665 3739 1717 3788 5.
1751 3738 2072 3802 Disciplinam
2085 3770 2096 3784 .
2120 3773 2131 3784 .
2156 3773 2168 3784 .
2191 3741 2413 3805 .wdgus.
2450 3737 2624 3788 Etiam

1594 3812 1647 3866 in
1677 3814 1838 3885 vulgo
1863 3825 1914 3866 et
1941 3815 2140 3866 infimis
2159 3814 2465 3868 hominibus
2483 3816 2628 3868 hanc

1593 3895 1784 3946 mentis
1811 3905 1862 3946 et
1891 3893 2084 3966 judicii
2115 3895 2226 3946 vim
2255 3915 2369 3947 esse
2395 3933 2413 3960 ‚
2447 3907 2508 3947 ut
2543 3898 2626 3948 vel

1595 3975 1846 4047 principis
1871 3975 2110 4026 instituta
2139 3986 2192 4026 et
2217 3993 2393 4026 mores
2429 3993 2626 4045 appro-

1597 4057 1720 4106 bare
1749 4066 1796 4104 et
1825 4054 2018 4105 imitari
2049 4055 2271 4126 possint.
2297 4055 2360 4105 E.
