2857 4690
982 384 1512 452 EPISTOLA
1561 384 1694 451 VI.
2321 383 2404 454 13

260 511 581 580 tientiam
616 510 873 594 Caesar,
906 506 1355 576 humilitatem
1409 519 1699 574 senatus.
1744 506 1889 574 Nec
1927 505 2167 598 puduit
2206 507 2406 576 ratio-

262 644 431 689 nem
468 616 875 712 turpitudini
912 615 1274 685 obtendere
1304 641 1319 683 :
1351 615 1688 709 egregiam
1715 615 1986 708 quidem
2018 615 2406 711 pulchram-
2521 677 2528 702 ,

264 753 407 824 que
422 729 782 813 rationem,
798 749 889 795 π
910 749 1245 796 EXEMPLO
1265 748 1649 795 PALLAan
1671 747 2114 796 PRAEMIORVM
2138 752 2232 798 An
2251 751 2405 798 s'rv·

264 863 463 912 nrvn
496 861 987 908 AEnvm‘noms
1020 860 1269 907 cerem
1301 859 1918 906 PROVOCARENTVR.
1953 840 2049 906 Ea
2076 838 2408 909 honorum

264 949 502 1018 vilitas
534 963 707 1031 erat,
738 947 1008 1018 illorum
1026 945 1275 1043 tetiam,
1304 969 1471 1038 quos
1506 943 1719 1016 Pallas
1747 970 1883 1014 non
1903 945 2411 1041 dedignabatur.

266 1058 803 1128 Inveniebantur
846 1073 1071 1126 tamen
1111 1055 1392 1124 honesto
1426 1052 1573 1124 loco
1607 1054 1780 1140 nati,
1817 1057 1935 1148 qui
1965 1069 2266 1148 peterent
2300 1081 2411 1126 cu—

266 1185 683 1264 perentque,
733 1167 915 1262 quod
968 1167 1109 1234 dari
1160 1164 1431 1249 liberte,
1479 1167 1782 1259 promitti
1831 1168 2034 1234 servis
2075 1167 2410 1237 videbant.

269 1281 507 1368 Quam
548 1282 771 1374 juvat,
823 1277 1004 1372 quod
1054 1280 1123 1345 in
1178 1291 1481 1370 tempora
1517 1275 1629 1344 illa
1670 1301 1807 1344 non
1847 1276 2084 1362 incidi,
2122 1302 2413 1372 quorum

266 1391 373 1460 sic
394 1415 535 1477 me,
560 1406 883 1484 tanquam
912 1387 1326 1457 illisvixerim
1342 1439 1360 1470 ,
1388 1382 1624 1480 pudet!
1655 1388 1807 1456 Non
1832 1386 2414 1474 dubit0,similiter

276 1499 465 1570 affici
507 1516 593 1569 te.
636 1499 822 1588 Scio,
872 1515 1074 1592 quam
1120 1498 1205 1566 sit
1249 1497 1368 1565 tibi
1408 1497 1600 1564 vivus
1637 1511 1706 1564 et
1747 1498 2078 1590 ingenuus
2114 1501 2410 1568 animus:

270 1609 567 1702 ideoque
604 1606 863 1676 facilius
898 1622 1027 1696 est,
1062 1622 1138 1675 ut
1170 1630 1305 1689 me,
1335 1593 1720 1700 quanquam
1758 1607 2218 1702 indignatione
2259 1611 2412 1703 qui·

272 1718 565 1788 busdam
596 1721 669 1787 in
698 1717 861 1788 locis
888 1719 1165 1788 fortasse
1198 1717 1373 1786 ultra
1400 1715 1694 1810 epistolae
1725 1717 1999 1786 modum
2033 1718 2414 1807 extulerim,

272 1855 523 1925 parum
559 1828 884 1916 doluisse,
924 1854 1125 1924 quam
1164 1828 1367 1896 nimis
1403 1825 1652 1896 credas,
1689 1826 1882 1896 Vale.

356 2027 442 2080 15.
463 2029 598 2094 Quid
610 2031 803 2088 dicam,
824 2029 1005 2078 nescio.
1025 2024 1305 2094 Abrumpit

1401 2023 1668 2076 honorum
1684 2061 1699 2087 ,
1729 2023 1815 2076 vel
1839 2042 1974 2095 quoe
1997 2026 2192 2096 recepit
2213 2026 2385 2082 Pallas
2397 2069 2416 2096 ,

278 2107 575 2158 orationem
602 2105 969 2176 desperatione
998 2101 1305 2158 inveniendi

1401 2103 1488 2156 vel
1502 2123 1635 2175 qnos
1649 2103 1844 2176 sprevit
1856 2141 1874 2168 ,
1895 2115 1954 2156 ut
1968 2104 2129 2157 etiam
2147 2112 2288 2159 servis
2301 2130 2420 2177 pro-

274 2185 499 2238 nomina
513 2185 735 2240 actionis
746 2184 840 2257 huj
846 2203 907 2237 us
917 2183 1304 2256 indignitatem,

278 2264 667 2337 stultitiamque
705 2261 1060 2335 exprimentia.
1097 2263 1308 2317 Poterat

278 2345 418 2397 forte
440 2349 737 2397 demeum
764 2362 961 2416 ponere
974 2382 989 2407 ,
1027 2360 1270 2413 stuporem
1284 2380 1299 2403 ‚

280 2428 558 2485 ὺιςαιιίαηι,
596 2424 682 2477 vel
717 2424 900 2477 Graeca
917 2462 933 2486 ‚
966 2441 1083 2495 quoe
1110 2424 1306 2475 Canau-

278 2502 457 2555 honus
498 2504 801 2573 suspicatus
841 2512 919 2555 eet
932 2540 947 2565 ,
984 2502 1273 2575 &camptu-0
1288 2541 1305 2569 ,

284 2586 539 2638 ἀπόνοιαν.
566 2584 634 2638 G.
657 2614 728 2624 --
746 2584 997 2634 Patientia
1024 2582 1127 2637 hoc
1151 2600 1309 2635 sensu

285 2662 443 2713 etiem
462 2662 699 2715 occurrit
722 2661 849 2715 Pan.
870 2660 1050 2724 XXII,
1080 2680 1131 2714 2.
1155 2662 1256 2715 En.

360 2745 445 2793 ιδ.
462 2746 599 2807 Quos
620 2744 791 2792 Pallas
813 2760 911 2792 uon
931 2745 1306 2809 dedignabatur.

288 2820 373 2871 mi
390 2832 517 2872 sunt
530 2822 759 2893 majores
776 2820 1031 2884 honores,
1046 2838 1308 2892 quos·non

289 2897 606 2971 dedignatur
614 2901 791 2953 Pallas
803 2937 821 2964 ,
838 2900 929 2972 qui
948 2913 1150 2953 ceteros
1170 2902 1309 2953 fasti-

288 2976 437 3031 diooe
474 2981 665 3051 rejicit.
709 2980 986 3033 vilescunt
1031 2993 1207 3035 autem
1252 2980 1311 3033 hi

286 3076 503 3131 quoque
517 3060 603 3112 vel
622 3079 685 3113 ea
700 3060 811 3129 ipsa
830 3080 892 3114 re
905 3098 920 3123 ,
943 3060 1087 3133 quod
1110 3061 1310 3115 cadunt

286 3138 343 3191 in
362 3138 708 3210 mancipium.
723 3138 993 3193 Mediceus
1012 3140 1188 3193 Codex
1211 3141 1307 3207 ita,

286 3229 349 3270 ut
362 3222 473 3290 jam
493 3219 840 3271 Gasaubonns
859 3222 1173 3289 conjecerat,
1188 3240 1311 3288 quos

288 3300 463 3349 Pallas
474 3318 575 3349 non
587 3316 639 3348 se
652 3302 952 3366 dignabatur
964 3318 982 3348 .·
996 3316 1113 3370 que
1127 3312 1311 3370 arguta

288 3394 419 3429 eane
426 3388 505 3429 est
512 3376 993 3448 sententia.Nempe
1005 3378 1091 3429 alii
1102 3381 1311 3447 &gnam

290 3471 374 3507 tar
390 3475 443 3508 se
466 3458 681 3514 honor-e,
711 3454 767 3507 id
786 3467 861 3507 est
876 3494 891 3517 ‚
918 3455 1111 3527 dignos
1138 3476 1193 3510 se
1218 3458 1310 3512 illo

290 3546 501 3607 putant.
511 3537 581 3586 At
594 3533 896 3588 fastidiosus
904 3536 1074 3590 Pallas
1082 3540 1311 3590 honorem

288 3612 615 3686 depini-ibus
635 3632 809 3666 unum
822 3618 1057 3683 dignatur
1071 3636 1138 3677 se,
1159 3636 1313 3671 orna·

286 3707 465 3747 menta
484 3694 727 3767 pratoria
748 3691 903 3763 digna
924 3705 1073 3759 putat
1086 3736 1101 3759 ‚
1121 3696 1314 3768 quibua

289 3773 495 3845 aliquid
506 3793 539 3827 a
553 3772 915 3845 asplendoris
929 3772 1162 3828 accedat.
1173 3776 1316 3831 Illud

288 3856 487 3909 centies
534 3866 589 3907 et
626 3854 977 3925 quinquagies
1020 3856 1313 3910 sestertium

290 3952 391 3985 non
418 3937 667 4003 dignam
694 3951 773 3991 se,
806 3932 943 3985 infra
974 3952 1029 3985 se
1059 3952 1313 4009 suamque

290 4011 603 4085 dignitatem
623 4011 870 4065 collocat.
887 4013 1141 4066 Caeterum
1162 4034 1221 4068 ea
1240 4016 1317 4067 vi-

290 4090 403 4147 litu
418 4092 528 4147 hoc
546 4092 1008 4147 senatusconsulto
1020 4093 1316 4149 ostenditur

1402 2187 1677 2234 mittantur.
1693 2183 1802 2248 Qui
1821 2183 1962 2235 enim
1980 2201 2161 2238 servus
2177 2199 2250 2238 est
2265 2225 2280 2250 ,
2301 2188 2418 2240 fleri

1400 2261 1621 2315 libertus
1643 2273 1847 2332 potest3
1877 2273 1932 2316 at
1951 2259 2142 2315 liberto
2165 2264 2264 2318 ista
2287 2264 2420 2321 dan.

1404 2353 1511 2409 tur,
1533 2356 1635 2396 etc.
1663 2335 1732 2395 G.

1480 2440 1564 2492 17.
1591 2423 1733 2475 Vivus
1752 2437 1802 2473 et
1815 2423 2064 2491 ingemunt.
2090 2428 2233 2477 Vivus
2251 2441 2329 2480 est
2346 2434 2422 2481 vi-

1405 2504 1565 2563 vidus,
1595 2520 1736 2565 acer,
1764 2502 1856 2574 qui
1877 2502 2032 2555 facile
2051 2518 2325 2560 moveatur
2350 2507 2422 2563 ad

1403 2580 1849 2653 indignationem3
1878 2585 2134 2650 ingenuus,
2171 2588 2388 2658 simplex
2402 2626 2420 2654 ,

1405 2661 1494 2731 qui
1531 2680 1641 2714 non
1677 2660 1964 2714 dissimulet
1999 2662 2140 2715 illam
2178 2665 2420 2739 indigna-

1406 2740 1624 2794 tionem.
1659 2742 1761 2794 Pro
1797 2745 1933 2792 vivus
1972 2741 2190 2813 quidam
2223 2746 2426 2801 habent

1405 2838 1568 2881 verus,
1590 2819 1736 2893 quod
1754 2833 1808 2874 et
1825 2820 1998 2892 ipsum
2013 2823 2121 2875 huc
2140 2828 2424 2881 convenire

1405 2912 1535 2972 puto
1550 2938 1566 2963 ,
1587 2913 1645 2954 ut
1666 2900 1917 2973 significet
1940 2921 2152 2953 severum
2170 2943 2187 2968 ,
2213 2918 2265 2957 et
2287 2910 2422 2961 serio

1406 2990 1648 3050 agentem
1685 3000 1804 3053 qum
1837 2981 1966 3052 agit.
2005 2981 2073 3034 G.
2113 3013 2185 3023 —
2224 2991 2288 3037 Ut
2319 3008 2418 3049 me,

1407 3080 1714 3129 quanquam.
1747 3060 1890 3113 Illud
1911 3080 1988 3111 me
2005 3061 2180 3133 primo
2198 3066 2425 3119 refertur

1408 3139 1480 3192 ad
1503 3144 1756 3193 exciderim
1771 3178 1788 3205 ,
1819 3160 2106 3209 quanquam
2136 3162 2212 3193 me
2241 3150 2423 3196 extule-

1407 3224 1530 3281 rim;
1573 3218 1768 3273 deinde
1803 3219 1873 3274 ad
1905 3223 2101 3282 credas,
2141 3226 2313 3274 eredas
2348 3244 2425 3276 me

1398 3319 1583 3368 parum
1603 3304 1826 3352 dolutkse.
1851 3302 2052 3371 Nempe
2078 3299 2318 3355 dedimus
2346 3303 2422 3357 le-

1407 3380 1635 3432 ctionem
1680 3380 2158 3451 manuscriptorum
2197 3397 2212 3431 :
2263 3382 2426 3459 vuigo

1406 3458 1539 3511 illud
1559 3472 1727 3513 totum
1749 3476 2050 3528 quanquam.
2065 3498 2076 3511 .
2092 3498 2104 3511 .
2119 3500 2130 3511 .
2168 3467 2425 3516 extulerim

1406 3538 1708 3609 parenthesi
1727 3536 2035 3601 includunt,
2053 3550 2105 3591 et
2120 3543 2422 3611 indignatio-

1406 3638 1518 3670 nem
1543 3619 1726 3690 legunt
1751 3636 1852 3689 pro
1881 3620 2236 3687 indignatione.
2261 3623 2424 3678 Coete·

1407 3716 1529 3751 rum
1549 3697 1616 3751 de
1635 3696 1833 3769 duplici
1851 3695 1942 3750 illa
1955 3700 2102 3753 verbi
2121 3701 2280 3756 unius
2291 3704 2428 3758 relax
2437 3722 2444 3727 ·

1408 3779 1552 3831 tione
1583 3776 1695 3831 vid.
1729 3794 1864 3849 quos
1894 3777 2075 3832 laudat
2105 3782 2317 3837 Cortius
2354 3783 2424 3837 ad

1408 3858 1583 3912 Nostri
1605 3857 1710 3923 111,
1739 3874 1792 3926 7,
1819 3864 1872 3923 4.
1898 3858 2155 3924 Quodam
2181 3880 2276 3917 noe
2295 3882 2429 3935 quo-

1410 3956 1516 4009 que
1543 3936 1868 3990 adVarr.R.
1900 3940 1961 3991 R.
1990 3940 2077 4007 11,
2107 3958 2166 4008 1,
2199 3950 2264 4007 4,
2295 3944 2424 3997 etin

1410 4018 1536 4069 Lex.
1555 4017 1700 4068 Rust.
1723 4016 1822 4069 nub
1837 4018 2010 4071 verbis
2032 4024 2229 4087 Duplex
2255 4032 2304 4073 et
2332 4026 2414 4081 Ue,

1412 4093 1538 4149 add.
1563 4112 1683 4147 mox
1696 4094 1864 4161 vm,
1891 4114 1985 4159 10,
2017 4116 2066 4151 2.
2093 4096 2161 4149 G.

2451 847 2513 896 16
