2857 4690
536 332 675 403 336

1084 332 1162 399 C.
1224 332 1568 399 PLINII
1627 330 2101 399 SECUNDI

601 442 776 524 L'xl.
790 452 1119 547 Equidem
1137 450 1327 522 illum
1346 453 1696 547 antiquum
1709 466 2014 532 senatum
2033 453 2336 521 contueri
2353 452 2666 533 videbar,

529 590 737 658 quum
768 579 869 631 ter
898 562 1169 633 consule
1212 562 1572 643 assidente,
1613 563 1811 629 tertio
1848 560 2187 631 consulem
2228 562 2664 657 designatum

464 701 493 735 ι
530 676 749 769 rogari
779 676 1176 742 sententiam
1202 696 1563 741 cernerem.
1596 671 1850 758 Quanti
1882 684 2044 739 tunc
2077 670 2199 755 illi,
2221 688 2664 766 quantusque

530 782 645 854 tu!
700 782 965 852 Accidit
1027 782 1297 875 quidem
1328 834 1345 864 ‚
1416 796 1492 849 ut
1561 804 1843 875 corpora
1896 780 2262 875 quamlibet
2312 782 2524 851 ardua
2589 798 2666 851 et

526 894 809 981 excelsa,
833 892 1323 988 procerioribus
1349 885 1614 959 admota
1635 944 1655 974 ‚
1682 890 2102 978 decrescant;
2131 894 2324 978 item,
2355 908 2436 961 ut
2475 892 2660 961 altis-

525 1006 706 1073 simae
741 1005 987 1074 civium
1014 1002 1367 1097 dignitates
1403 999 1755 1070 collatione
1799 1001 2042 1095 fastigii
2077 1002 2174 1070 tui
2205 1004 2398 1097 quasi
2429 1002 2656 1097 depri-

528 1131 835 1201 mantur,
872 1128 1259 1208 quantoque
1294 1111 1574 1205 propius
1615 1112 1700 1179 ad
1737 1113 2264 1207 magnitudinem
2302 1129 2492 1182 tuam
2533 1114 2664 1181 ad-

461 1240 493 1292 3
530 1227 927 1315 scendet-int,
944 1238 1203 1292 tantum
1232 1224 1432 1291 etiam
1463 1246 1502 1289 a
1524 1247 1642 1291 sua
1669 1219 2080 1291 descendisse
2107 1224 2479 1293 videantur.
2497 1223 2662 1293 Illos

530 1353 751 1407 tamen
790 1352 859 1404 tu
884 1390 903 1421 ‚
950 1356 1358 1428 quamquam
1401 1356 1540 1399 non
1589 1333 1865 1425 potuisti
1912 1332 2030 1399 tibi
2089 1357 2352 1426 aequare
2383 1385 2402 1417 ‚
2446 1358 2660 1427 quum

515 1446 728 1517 welles
750 1500 769 1531 ‚
807 1446 971 1514 adeo
998 1445 1068 1512 in
1104 1442 1283 1510 edito
1314 1440 1694 1525 collocasti,
1727 1457 1804 1509 ut
1831 1455 2091 1510 tantum
2121 1466 2320 1535 super
2349 1458 2660 1527 caeter05‚

462 1606 495 1652 4
530 1572 855 1649 quantum
877 1554 1048 1622 infra
1068 1566 1131 1619 te
1152 1566 1606 1620 cernerentur.
1623 1552 1694 1619 Si
1722 1553 1920 1619 unius
1942 1553 2210 1619 tertium
2232 1553 2657 1621 consulatum

476 1724 482 1731 .
531 1664 834 1733 eumdem
872 1665 940 1730 in
972 1686 1255 1745 annum,
1290 1660 1359 1727 in
1396 1684 1594 1754 quem
1640 1676 1828 1729 tuum
1850 1714 1869 1747 ‚
1905 1659 2327 1730 contulisses:
2369 1664 2660 1757 ingentis

530 1774 731 1843 animi
772 1773 1106 1865 specimen
1148 1770 1541 1842 haberetur:
1575 1784 1651 1838 ut
1683 1772 1862 1839 enim
1903 1770 2234 1841 felicitatis
2261 1788 2358 1841 est
2383 1826 2402 1851 ,
2447 1798 2657 1867 quan·

530 1900 671 1953 tum
692 1882 885 1961 velis,
911 1906 1101 1975 posse
1123 1907 1143 1967 3
1172 1882 1267 1950 sic
1296 1879 1810 1973 magnitudinis,
1837 1879 2002 1949 velle
2023 1933 2042 1967 ‚
2067 1896 2394 1975 quantum
2421 1883 2656 1975 possiS.

462 2016 493 2070 5
532 1992 936 2063 Laudandus
971 1991 1241 2086 quidem
1282 2004 1351 2058 et
1389 1988 1532 2075 ille,
1580 1990 1695 2083 qui
1738 1992 2006 2058 tertium
2053 1989 2474 2059 consulatum
2523 2016 2658 2057 me-

531 2109 703 2193 ruit:
744 2104 857 2175 sed
892 2105 1137 2197 magis,
1168 2102 1293 2171 sub
1328 2126 1464 2194 quo
1514 2102 1799 2170 meruit:
1837 2125 2119 2193 magnus
2159 2101 2657 2169 memorandus·
2757 2171 2762 2175 ,

530 2240 693 2309 que,
717 2215 832 2308 qui
862 2227 1123 2281 tantum
1154 2212 1500 2305 praemium
1544 2212 1750 2303 cepit:
1789 2210 1902 2278 sed
1941 2212 2181 2303 major,
2209 2212 2326 2305 qui
2365 2212 2652 2305 capienti

460 2339 494 2388 6
532 2326 732 2396 dedit.
764 2322 991 2413 Quid?
1021 2322 1201 2416 quod
1244 2322 1412 2398 duos
1461 2322 1710 2416 pariter
1742 2322 1938 2390 tertio
1975 2320 2326 2391 consulatu
2369 2321 2654 2418 collegas

532 2438 629 2502 tui
658 2434 1007 2502 sanctitate
1048 2431 1369 2499 decorasti
1400 2431 1428 2498 Ξ)
1464 2446 1538 2500 ut
1564 2433 1647 2500 sit
1686 2433 1934 2499 nemini
1972 2430 2290 2516 dubium,
2321 2433 2498 2502 hanc
2536 2435 2652 2501 tihi

604 2635 745 2686 LXI.
778 2653 827 2684 2.
859 2635 1055 2683 Accidit
1078 2634 1272 2699 quidem
1290 2670 1304 2694 ‚
1335 2647 1416 2696 ut,
1447 2643 1548 2684 etc.

531 2713 654 2766 Vid.
690 2711 909 2764 Gesneri
952 2709 1017 2762 ad
1055 2711 1103 2762 J.
1149 2711 1211 2762 A.
1252 2710 1548 2762 Ernestium

531 2793 747 2864 epistola
767 2833 782 2857 ,
798 2791 1014 2862 ipseque
1034 2789 1084 2841 J.
1106 2789 1168 2841 A.
1190 2789 1395 2841 Eruest.
1412 2789 1466 2842 S.
1480 2819 1550 2827 -——

537 2879 599 2923 Ue
623 2887 849 2940 corpora.
867 2907 878 2918 .
902 2907 913 2919 .
936 2872 1257 2919 .decresccmt.
1280 2867 1548 2920 Gesnerus

532 2952 587 3003 in
623 2950 706 3004 ed.
740 2949 871 3001 min.
910 2948 962 2999 Π
988 2989 1003 3012 ,
1032 2945 1198 2999 edidit
1230 2949 1545 3010 decrescunt,

530 3043 582 3083 et
600 3036 883 3082 decrescant
906 3027 1080 3078 locum
1104 3025 1297 3078 habere
1317 3027 1544 3096 negavit.

529 3113 703 3162 Recte.
736 3113 801 3158 Ut
828 3107 883 3158 in
902 3107 1004 3157 hoc
1032 3105 1270 3156 membro
1296 3117 1371 3156 est
1397 3123 1549 3157 com-

528 3188 781 3261 parantis.
821 3181 1098 3240 Schwarzii
1157 3181 1393 3236 defensio
1441 3201 1549 3236 non

531 3269 722 3339 placet.
754 3253 982 3316 [Librarii
1012 3271 1262 3332 putavere
1288 3302 1302 3326 ,
1340 3277 1395 3312 ut
1416 3281 1548 3332 pen-

532 3345 659 3399 dere
680 3347 746 3398 ab
766 3340 966 3394 accidit.
986 3340 1122 3391 ΕΠ.
1139 3370 1209 3380 --
1232 3345 1452 3391 Tantum.
1467 3341 1550 3394 Sic

532 3427 657 3478 boni
706 3422 827 3476 libri
860 3418 1004 3492 apud
1036 3417 1423 3482 &bmnium
1473 3419 1548 3472 sic

532 3503 789 3560 sermonis
800 3501 933 3554 ratio
954 3498 1199 3570 postulat.
1226 3503 1380 3548 Tanto
1392 3499 1463 3548 al.
1477 3497 1543 3549 G.

605 3593 655 3649 4.
695 3591 756 3634 Ut
785 3585 911 3632 em‘m
927 3580 1209 3648 felicitatis.
1245 3576 1550 3628 Avunculus

532 3665 709 3718 Nostri
736 3663 789 3714 in
814 3659 1014 3732 praefat.
1042 3655 1109 3710 ad
1138 3655 1321 3709 Titum
1340 3694 1355 3718 ‚
1385 3681 1405 3702 ι
1436 3657 1545 3708 Nec

530 3744 822 3817 quidquam
858 3737 1081 3790 mutavit
1119 3737 1175 3788 in
1228 3747 1277 3787 te
1326 3737 1550 3788 fortuna:

532 3817 863 3894 amplitudo,
907 3815 1007 3868 nisi
1048 3826 1104 3867 ut
1144 3813 1393 3887 prodesse
1435 3826 1550 3867 tan-

531 3899 767 3954 tumdem
790 3914 969 3969 posses
989 3907 1049 3947 ut
1065 3897 1085 3962 (
1100 3896 1137 3946 f.
1162 3897 1245 3961 ac)
1261 3893 1543 3946 velles.-G.

605 3981 763 4034 5.Sub
783 3997 879 4044 quo
900 3977 1088 4025 meruit.
1104 3975 1421 4045 Imperator,
1440 3992 1544 4025 non

532 4057 777 4114 invidens
804 4051 978 4104 virtuti
1002 4091 1017 4116 ,
1048 4071 1155 4103 non
1186 4064 1422 4105 metuens
1449 4053 1546 4104 sibi

532 4159 560 4190 a
588 4139 779 4190 virtute
802 4132 1059 4184 honorata
1082 4165 1105 4200 ,·
1124 4141 1181 4180 ut
1212 4131 1503 4200 superiores
1527 4173 1542 4197 ‚

1641 2631 1730 2685 sed
1747 2651 1858 2686 eam
1874 2633 2187 2705 provehens.
2207 2640 2466 2688 Praemium
2485 2657 2654 2706 capere

1638 2731 1746 2764 non
1792 2725 1868 2764 est
1903 2713 2208 2784 simpliciter
2247 2717 2482 2786 accipere
2515 2756 2532 2781 ,
2564 2718 2652 2770 sed

1637 2790 1877 2862 accipere
1920 2791 2134 2862 dignum
2187 2807 2238 2844 et
2283 2814 2488 2865 parem.
2541 2799 2647 2850 Cic.

1636 2869 1786 2922 Fam.
1807 2871 1862 2922 11
1877 2913 1891 2937 ,
1913 2876 1972 2924 6:
2001 2873 2204 2937 «Quum
2223 2877 2510 2944 praesertim
2528 2895 2650 2928 con-

1637 2947 1854 3000 fiderem
1871 2990 1885 3014 ‚
1897 2949 2098 3002 nullam
2110 2970 2220 3003 esse
2230 2952 2458 3022 gratiam
2467 2992 2481 3016 ,
2496 2975 2648 3026 quam

1637 3047 1743 3080 non
1788 3029 1870 3080 vel
1912 3050 2088 3099 capere
2134 3032 2344 3084 animus
2399 3053 2550 3086 meus
2601 3037 2648 3086 in

1639 3111 1925 3176 accipiendo
1943 3145 1958 3172 ,
1978 3111 2063 3162 vel
2083 3111 2136 3162 in
2159 3112 2552 3164 remunerando
2569 3133 2650 3166 cu-

1639 3187 1841 3240 mulare
1873 3201 2030 3260 atque
2057 3189 2318 3244 illustrare
2341 3205 2532 3262 posset.
2547 3220 2568 3238 ·
2587 3195 2646 3247 G.

1711 3269 1762 3318 6.
1791 3271 2006 3337 Collegas
2031 3273 2104 3320 eui
2124 3274 2401 3322 sanctitate.
2433 3277 2526 3324 Ἠιί
2539 3273 2662 3324 san:

1637 3351 1805 3398 etitate
1827 3365 1922 3417 pro
1949 3363 2035 3398 ma
2059 3386 2074 3411 ,
2101 3361 2158 3400 ut
2194 3349 2420 3402 LXXVI
2437 3390 2452 3414 ,
2482 3370 2503 3403 1
2529 3390 2542 3414 ,
2569 3357 2648 3404 snb

1639 3431 1859 3493 exemplo
1897 3428 1996 3486 tui,
2039 3425 2096 3477 id
2127 3439 2202 3480 est
2221 3466 2236 3490 ,
2276 3444 2374 3480 tua.
2405 3429 2562 3483 Forte
2584 3435 2651 3482 eui

1635 3506 1862 3575 positum
1883 3515 2028 3558 tanto
2045 3507 2206 3578 magis
2222 3546 2236 3570 ,
2256 3520 2314 3559 ut
2333 3511 2645 3562 sanctitatem

1637 3583 1989 3654 intelligamus
2009 3622 2024 3647 ,
2058 3604 2165 3656 qua
2201 3587 2312 3640 aliis
2341 3601 2552 3642 sauctus
2577 3603 2646 3641 est

1636 3664 1928 3734 Imperator
1951 3676 2000 3715 et
2025 3663 2325 3718 inviolatus.
2348 3666 2502 3719 Hanc
2527 3687 2644 3720 con-

1639 3752 1861 3794 stantem
1878 3743 2138 3796 librorum
2160 3743 2438 3798 lectionem
2459 3788 2476 3812 ,
2495 3765 2644 3819 quarn

1639 3832 1808 3873 servat
1835 3821 1990 3874 etiam
2020 3823 2332 3876 Arntzenius
2351 3863 2365 3887 ,
2389 3837 2644 3898 utcunque

1637 3898 1883 3969 explicari
1911 3901 2028 3974 hoc·
2050 3901 2209 3954 modo
2245 3923 2397 3974 posse
2423 3947 2440 3969 ‚
2468 3905 2641 3958 fateor.

1635 3976 1734 4030 Sed
1766 3997 1873 4030 non
1901 3997 2036 4050 nego
2057 4018 2072 4042 ‚
2104 3983 2268 4052 magis
2297 3983 2426 4034 mihi
2449 3983 2643 4054 placere

1635 4057 1796 4126 Lipsii
1813 4061 2169 4130 conjecturam
2191 4102 2205 4126 ,
2227 4079 2386 4132 quam
2411 4063 2466 4115 in
2480 4063 2643 4132 priore

1634 4135 1866 4189 editione
1902 4157 2200 4209 receperam
2225 4177 2240 4202 ,
2271 4139 2417 4210 quod
2457 4141 2641 4195 codicis
