2857 4690
703 379 1228 450 PANEGYR.
1284 379 1508 448 CAP.
1566 378 1866 446 XLIII.

2215 375 2356 450 303

220 503 466 599 iniquis
504 500 759 572 tabulis
794 501 1167 572 advocaris.
1200 499 1472 573 Nullius
1499 497 1584 569 ad
1612 515 1680 570 te
1705 499 2076 588 iracundia,
2109 499 2360 575 nullius

220 615 560 710 impietaS‚
596 609 849 682 nullius
880 611 1072 682 furor
1106 611 1449 708 confugit:
1481 635 1606 680 nec
1640 611 1802 705 quia
1836 608 2124 714 offendit
2148 610 2354 703 aliuS,

218 723 633 820 nuncuparis
650 777 671 812 ‚
716 722 831 795 sed
864 725 1024 818 quia
1062 725 1205 819 ipse
1240 709 1566 793 meruisti.
1600 722 1928 794 Scriberis
1969 723 2054 792 ab
2097 724 2362 810 amici3‚
2401 755 2430 788 2

219 839 301 908 ab
336 836 589 932 ignotis
620 836 1015 931 praeteriris:
1056 835 1360 930 nihilque
1402 837 1579 904 inter
1621 835 1963 931 privatum
2001 849 2072 904 et
2105 835 2359 930 princi-

218 973 371 1044 pem
426 947 743 1046 interest‚
772 947 907 1017 nisi
958 945 1147 1041 quod
1184 971 1369 1017 nunc
1411 971 1456 1016 a
1503 945 1810 1043 pluribus
1868 947 2156 1018 amaris:
2203 972 2362 1017 nam

218 1074 288 1128 et
326 1057 554 1154 plures
594 1081 802 1128 amas.
846 1060 1031 1128 Tene
1057 1111 1079 1145 ,
1128 1060 1381 1146 Caesar,
1427 1058 1612 1130 hunc
1655 1082 1961 1145 cursum3
2011 1073 2080 1128 et
2116 1058 2364 1155 proba·
2403 1089 2436 1143 3

220 1169 404 1238 bitur
439 1169 935 1263 experimento,
968 1167 1142 1237 sitne
1173 1167 1459 1240 feracius
1501 1184 1568 1241 et
1604 1169 1880 1240 uberius
1897 1223 1916 1258 ,
1947 1195 2089 1241 non
2115 1169 2204 1240 ad
2228 1168 2368 1240 lau·

216 1279 374 1348 dem
408 1277 645 1365 modo,
669 1276 787 1347 sed
816 1277 903 1347 ad
928 1278 1323 1373 pecuniam,
1347 1280 1672 1376 principi,
1691 1282 1748 1352 si
1779 1280 2028 1351 herede
2051 1279 2170 1351 illo
2195 1281 2368 1350 mori

221 1390 530 1459 homines
575 1386 817 1475 velint,
868 1411 1070 1484 quam
1114 1391 1173 1459 si
1220 1405 1574 1486 cogantur.
1622 1388 1923 1462 Donavit
1971 1405 2162 1487 pater
2213 1405 2371 1460 tuus
2409 1414 2439 1472 4

223 1499 471 1587 multa,
512 1513 581 1570 et
619 1499 765 1594 ipse
814 1499 1099 1572 donasti.
1139 1501 1430 1570 Cesserit
1475 1526 1718 1597 parum
1769 1517 1999 1597 gratus
2040 1529 2056 1572 :
2097 1514 2376 1570 manent

227 1626 455 1682 tamen
499 1609 589 1698 ii,
610 1610 741 1704 qui
775 1609 973 1679 bonis
1010 1611 1154 1704 ejus
1186 1609 1542 1698 fruantur,
1571 1609 1877 1707 nihilque
1915 1638 1996 1681 ex
2025 1610 2156 1682 illis
2187 1607 2272 1680 ad
2308 1624 2374 1680 te

224 1721 356 1791 nisi
394 1718 609 1815 gloria
643 1719 820 1788 redit
850 1747 865 1790 :
902 1745 1061 1790 nam
1098 1718 1569 1792 liberalitatem
1597 1722 2074 1817 jucundiorem
2109 1723 2376 1792 debitor

228 1845 493 1927 gratus,
520 1829 875 1899 clariorem
910 1827 1217 1930 ingratus
1248 1831 1430 1901 facit.
1463 1831 1598 1902 Sed
1631 1833 1783 1926 quis
1815 1847 1972 1902 ante
2002 1847 2070 1901 te
2105 1831 2376 1905 laudem
2415 1849 2447 1898 5

226 1947 427 2014 istam
463 1943 763 2037 pecuniae
806 1940 1152 2038 praetulit?
1192 1943 1727 2038 quotusquisque
1758 1944 2144 2039 principum
2183 1968 2272 2012 ne
2308 1943 2378 2010 id

231 2050 507 2148 quidem
548 2053 615 2120 in
654 2052 1078 2147 patrimoniis
1108 2053 1357 2123 nostris
1384 2077 1583 2123 suum
1619 2049 1840 2141 duxit,
1876 2053 2060 2149 quod
2089 2067 2265 2124 esset
2293 2053 2380 2123 de

228 2159 395 2232 suo?
428 2164 679 2234 Nonne
705 2176 783 2231 ut
815 2187 1048 2258 regum
1068 2214 1089 2251 ,
1131 2163 1227 2232 ita
1263 2166 1602 2234 Caesarum
1631 2189 1913 2234 munera
1957 2163 2161 2234 illitos
2213 2165 2380 2236 cibis

235 2275 469 2343 hamos
486 2326 507 2361 ,
534 2287 807 2369 opertos
832 2271 1059 2369 praeda
1091 2271 1396 2370 laqueos,
1434 2273 1973 2345 aemulabantur?
2007 2301 2218 2372 quum
2246 2278 2386 2374 pri-

238 2502 543 2557 xxxvm.
576 2502 723 2575 (quo
760 2520 936 2574 nuper
968 2504 1051 2555 usi
1089 2508 1273 2555 sumni

232 2580 309 2637 ad
348 2582 577 2649 Quintil.
604 2583 685 2635 vl
713 2620 730 2646 ‚
770 2582 801 2635 3
833 2618 849 2645 ‚
886 2586 1027 2653 9²·)
1070 2584 1270 2637 Neron.

240 2662 465 2715 xxxn.
488 2661 691 2715 Domit.
712 2660 837 2714 ΧΠ.
868 2661 1114 2716 Notabile
1136 2680 1273 2734 prn-

241 2742 421 2795 sertim
463 2740 639 2795 Taciti
698 2740 1051 2813 epiphonema
1099 2742 1275 2815 Agrio-

242 2822 461 2885 xlm,
496 2846 525 2867 ι
548 2839 581 2873 a
606 2822 751 2874 bono
781 2832 935 2893 patre
962 2839 1072 2875 non
1112 2821 1277 2876 scribi

238 2898 494 2955 heredem
514 2899 621 2953 nisi
638 2900 839 2953 malum
853 2900 1164 2973 principem.
1175 2901 1275 2955 »G.

311 3011 384 3020 —
408 2984 521 3031 Non
542 2994 645 3032 tu..
667 3017 679 3031 .
700 3018 715 3031 .
738 2983 1042 3033 ‚advocat-is.
1062 2980 1149 3033 Tu
1167 2999 1279 3035 non

167 3120 175 3125 ,
240 3057 564 3113 adsui-iberis
580 3059 777 3131 iniquia
790 3059 1115 3115 testamentis
1132 3059 1257 3113 ideo
1267 3098 1284 3125 ,

248 3137 543 3192 utiliorum
563 3136 727 3191 fidem
744 3150 841 3193 tuo
852 3138 1073 3193 nomine
1091 3138 1278 3193 facias.

248 3217 401 3271 Hanc
429 3217 750 3271 sententiam
770 3237 893 3271 mox
914 3218 1083 3273 variat
1106 3257 1122 3286 ‚
1154 3222 1283 3271 Nul-

244 3302 365 3351 lius.
385 3335 403 3348 .
423 3337 437 3351 .
458 3300 738 3368 menfiagit,
759 3309 864 3351 etc.
882 3298 949 3353 E.

315 3408 392 3418 —
414 3380 720 3429 Iracundia.
742 3377 821 3430 Ut
842 3376 1015 3431 Judoei
1044 3376 1174 3429 olim
1211 3376 1282 3431 ad

250 3460 459 3508 Kar-ban
474 3493 493 3520 ,
516 3468 579 3509 ut
599 3455 889 3510 Christiani
914 3458 1051 3529 prob
1070 3455 1281 3529 pudor!

250 3533 319 3589 ad
356 3539 479 3603 pias
523 3554 730 3588 caussas
767 3553 903 3607 sepe
934 3536 1249 3608 confugiunt
1264 3572 1285 3599 ‚
1304 3574 1315 3587 .

250 3632 319 3667 ne
346 3614 545 3669 habent
565 3633 600 3668 a
622 3632 679 3669 se
696 3632 939 3686 possessa
956 3615 1113 3669 heres
1133 3625 1288 3669 natu-

250 3693 377 3745 ralia
390 3732 408 3758 ‚
428 3694 519 3747 cui
534 3692 867 3766 iniquissima
877 3693 945 3749 de
958 3712 1145 3749 caussa
1162 3694 1289 3748 irati

256 3785 398 3826 sunt.
413 3773 973 3846 G.—1raeundfaputa
983 3774 1181 3839 liberti,
1194 3774 1289 3846 qui

256 3864 485 3923 panone
508 3853 751 3907 offensus
775 3892 793 3917 ,
830 3866 884 3908 et
917 3864 979 3907 ut
1004 3853 1155 3906 illurn
1171 3857 1292 3927 jure

258 3931 625 4009 successionis·
646 3932 881 4005 privaret
920 3970 937 3997 ,
994 3934 1291 4007 principem

258 4010 537 4065 scribebat.
578 4012 685 4065 En.
764 4006 773 4015 ’

330 4098 380 4157 4.
417 4096 491 4143 Ee
524 4094 627 4161 ipse
671 4094 889 4145 donasti.
924 4092 957 4145 J
962 4132 977 4143 .
1015 4094 1081 4145 A.
1126 4092 1292 4145 Erne-

260 4168 389 4223 atius
406 4208 427 4235 ,
468 4188 601 4225 voce
626 4172 853 4241 repetita
884 4188 899 4222 ε
931 4175 1087 4223 multa
1112 4186 1164 4222 et
1190 4173 1291 4240 ipse

1354 2506 1569 2558 donasti.
1579 2504 1862 2559 S.—-Dona
1867 2509 2082 2575 νίψειεν
2087 2522 2198 2561 tuus
2211 2514 2382 2571 multa,

1356 2591 1408 2628 σε
1433 2580 1538 2645 ipse
1561 2581 1776 2631 donasti.
1796 2578 2038 2632 Verbum
2063 2584 2221 2633 multa
2241 2599 2390 2653 repe-

1358 2656 1584 2711 tendum
1604 2655 1840 2713 videtur:
1863 2661 2068 2711 donavit
2071 2681 2134 2730 p.
2155 2675 2190 2713 e.
2205 2666 2390 2725 ωιτη,-

1360 2740 1520 2789 mecha
1536 2751 1587 2787 et
1601 2740 1704 2805 ipse
1723 2740 1938 2790 donasti.
1956 2740 2093 2794 Ean.

1432 2846 1502 2857 --
1557 2820 1761 2869 Gesseris
1810 2837 1998 2885 parum
2039 2834 2240 2887 gratus.
2293 2820 2392 2873 Ille

1361 2894 1506 2950 enim
1527 2896 1776 2949 obtentus
1806 2895 2282 2952 rescindendorum
2318 2912 2395 2952 te-

1363 2986 1768 3030 stamentorum.
1801 2974 1930 3028 Vid.
1947 2995 2088 3048 quos
2111 2976 2394 3032 laudamus

1363 3053 1438 3108 ad
1456 3073 1502 3107 s.
1536 3072 1585 3106 ι.
1612 3052 1684 3107 G.

1396 3136 1992 3203 —clariommingracm
2009 3134 2180 3189 Multa
2197 3136 2396 3189 Seneca

1363 3213 1425 3265 in
1443 3212 1553 3265 fine
1576 3212 1835 3267 librorum
1863 3212 1932 3267 de
1943 3204 2240 3269 beneficiis.
2263 3214 2400 3268 Ulti-

1369 3311 1520 3347 mum
1541 3292 1678 3347 illud
1697 3332 1716 3358 ,
1733 3320 1768 3341 ‹-
1785 3296 1907 3349 Non
1935 3294 2214 3367 estmagni
2235 3295 2398 3348 animi

1370 3370 1500 3428 dare
1517 3383 1571 3427 et
1587 3373 1813 3446 perdere
1831 3393 1847 3427 ι
1862 3374 1968 3428 hoc
1989 3386 2068 3429 est
2088 3376 2269 3447 magui
2288 3376 2400 3429 ani-

1368 3453 1480 3517 mi,
1498 3452 1721 3525 perdere
1741 3466 1792 3508 et
1818 3453 1964 3507 dare.
1986 3478 2009 3501 ι
2033 3454 2102 3507 G.

1445 3536 1499 3589 5.
1519 3536 1754 3586 Musici-a.
1777 3571 1789 3586 .
1809 3570 1824 3585 .
1846 3536 2058 3586 fiamus.
2078 3532 2206 3585 Vid.
2228 3510 2400 3607 sspist.

1369 3614 1451 3667 lx
1476 3650 1494 3677 ‚
1524 3615 1592 3669 30
1614 3652 1632 3680 ,
1665 3634 1717 3668 2.
1742 3612 2061 3668 G.-J.A.
2084 3612 2400 3667 Ειπεεῖίιιετ

1368 3696 1552 3747 badim
1585 3697 1708 3747 cibis
1737 3696 1928 3745 Itanos.
1956 3694 2012 3748 S.
2041 3723 2112 3735 -
2157 3696 2404 3747 Casurum

1374 3792 1582 3827 munera
1601 3776 1750 3826 illitos
1768 3772 1894 3825 cibis·
1903 3774 2081 3826 hamos
2093 3812 2105 3825 .
2127 3812 2140 3825 .
2161 3777 2404 3826 ‚ar-biera·-

1377 3858 1574 3907 bantur.
1603 3852 1773 3908 Miror
1797 3852 1996 3907 nemini
2031 3854 2218 3907 vitium
2243 3853 2406 3926 hujus

1379 3934 1651 4005 scripturo
1664 3932 2112 3988 animadversum.
2124 3930 2284 3987 Hami
2295 3952 2404 3989 non

1378 4012 1660 4066 illinuntur
1672 4012 1802 4067 cibis
1813 4050 1830 4078 ,
1845 4030 1964 4067 esca
1978 4050 1996 4079 ,
2015 4010 2110 4067 sed
2125 4011 2404 4067 induntur.

1379 4092 1561 4147 Scribe
1583 4109 1598 4144 :
1627 4095 1809 4146 ῡεᾰίεοε
1829 4093 1960 4147 cibis
1993 4094 2202 4148 hamos.
2231 4094 2308 4146 Ex
2330 4096 2406 4143 in-

1378 4174 1509 4224 dicos
1536 4172 1734 4226 factum
1762 4177 1943 4227 inlitos.
1973 4174 2056 4229 Sic
2085 4172 2300 4229 Curtius
2327 4171 2400 4233 X,
