2857 4690
754 946 1049 1016 Consulit,
1096 965 1169 1002 an
1201 943 1352 1002 aedes
1380 945 1585 1002 Matris
1611 949 1834 1022 Magnae
1865 947 2160 1004 transferri
2187 949 2384 1025 possit.

924 1138 985 1184 C.
1040 1135 1395 1183 PLINIUS
1445 1136 1851 1182 TRAIANO
1901 1138 2082 1185 IMP.
2140 1138 2195 1184 S.

597 1302 815 1368 Aure
862 1295 1221 1367 adventum
1258 1317 1523 1378 meum,
1560 1296 1884 1383 Domine,
1935 1298 2454 1370 Nicomedenses
2495 1304 2631 1395 pri·

498 1413 599 1478 ori
646 1411 790 1478 soro
827 1433 1075 1478 novum
1116 1407 1401 1499 adjicere
1452 1421 1833 1500 emper-unt,
1877 1410 2067 1502 cujus
2117 1409 2186 1477 in
2232 1410 2480 1505 angulo
2528 1427 2632 1481 est

498 1519 669 1588 aedes
694 1519 1136 1588 vetustissima
1160 1517 1397 1584 Matris
1416 1519 1716 1610 Magnae,
1742 1533 1858 1586 aut
1886 1517 2262 1603 reficienda,
2281 1537 2398 1589 aut
2419 1533 2631 1594 transff

498 1629 767 1698 ferenda
790 1656 807 1696 τ
836 1629 925 1697 ob
948 1629 1079 1697 hoc
1097 1629 1450 1721 praecipue,
1464 1627 1646 1720 quod
1671 1641 1770 1694 est
1791 1627 2002 1696 multo
2024 1627 2402 1724 depressior
2422 1657 2632 1726 opere

496 1765 576 1808 eo
592 1794 623 1830 2
656 1739 836 1835 quod
875 1764 1057 1808 nunc
1112 1737 1397 1806 maxime
1438 1737 1672 1831 surgit.
1729 1739 1907 1830 Ego,
1951 1763 2162 1831 quum
2217 1765 2582 1834 quaererem
2612 1795 2632 1820 ,

498 1873 659 1917 num
680 1864 849 1918 esset
874 1847 1095 1942 aliqua
1126 1847 1228 1916 lex
1252 1845 1427 1915 dicta
1447 1845 1717 1940 templo,
1737 1850 2022 1942 cognovi
2039 1848 2246 1918 alium
2263 1850 2404 1934 hic,
2418 1851 2627 1920 alium

497 1959 677 2054 apud
702 1983 825 2027 nos
842 1985 985 2027 esse
1000 1983 1253 2026 morem
1283 1956 1741 2025 dedicationis,
1771 1959 2045 2052 Dispice
2073 1983 2266 2054 ergo,
2299 1963 2630 2043 Domine,

492 2096 575 2139 an
626 2084 815 2164 putes
853 2069 1090 2150 aedem,
1132 2069 1238 2137 eui
1278 2066 1458 2136 nulla
1508 2064 1614 2134 lex
1662 2066 1840 2136 dicta
1894 2084 2034 2154 est,
2081 2068 2264 2138 salva
2306 2069 2629 2166 religione

566 2243 766 2294 LVIII.
798 2241 1005 2312 Magna
1024 2240 1214 2292 Matris
1242 2251 1335 2291 aut
1363 2235 1515 2288 1:1oeae
1609 2236 1812 2290 duntur
1829 2238 1972 2311 apud
1987 2243 2265 2312 scriptores
2279 2244 2454 2298 saeculi
2467 2247 2628 2308 noni,

494 2323 677 2376 Matris
696 2320 847 2375 sedes
864 2321 963 2374 fuit
980 2319 1203 2391 Phrygia
1220 2356 1236 2381 ,
1254 2317 1514 2389 Bithyniae
1609 2315 1754 2387 quod
1787 2337 1818 2371 a
1847 2321 2142 2373 Caesaribus
2185 2321 2497 2377 oedificatum
2515 2362 2532 2388 ,
2567 2343 2630 2378 ea

492 2403 691 2455 vicina.
712 2402 787 2453 Ex
800 2402 889 2453 illa
908 2414 1047 2453 terra
1061 2405 1171 2473 ejus
1188 2417 1333 2450 sacra
1354 2398 1512 2449 etiam
1608 2407 1758 2448 aetate
1780 2412 1998 2469 repente
2019 2402 2236 2453 corruit.
2262 2403 2332 2453 Ea
2363 2405 2630 2476 reperiant

490 2483 712 2533 Romam
732 2478 1003 2532 translata.
1026 2480 1127 2530 En.

570 2578 617 2611 1.
660 2565 814 2627 Opere
844 2580 918 2610 eo.
958 2560 1135 2629 Ipsum
1170 2571 1299 2629 puto
1330 2559 1506 2609 forum

489 2638 727 2709 intelligi.
748 2638 1036 2690 G.—Nunc
1048 2643 1275 2689 maxime.
1295 2635 1506 2690 Cortius

492 2728 543 2768 et
568 2716 829 2787 Gierigius
862 2736 1009 2783 quum
1024 2720 1263 2778 maxime,
1280 2714 1425 2788 quod
1453 2726 1507 2766 et

489 2794 602 2866 ipse
628 2796 923 2867 'pra-feram.
943 2794 1044 2848 sed
1067 2796 1189 2848 vide
1206 2798 1254 2848 J.
1280 2798 1345 2849 A.
1366 2796 1499 2847 Ern.

490 2874 560 2927 ad
586 2874 642 2927 h.
679 2875 739 2935 l.‚
770 2874 863 2945 qui
892 2876 1048 2927 etiam
1075 2874 1257 2939 docet,
1281 2894 1379 2929 cur
1410 2874 1504 2927 Se·

488 2952 698 3006 enudus
740 2954 913 3005 forum
951 2974 1071 3021 opus
1111 2954 1315 3007 dixerit.
1354 2956 1408 3007 S.
1431 2984 1502 2993 --

486 3032 648 3098 Quod
668 3044 743 3085 est
762 3032 929 3084 multo
942 3030 1237 3103 depressior
1254 3054 1397 3103 opere
1414 3054 1471 3085 eo
1483 3072 1498 3094 ,

486 3112 633 3185 qnod
664 3130 807 3165 nunc
858 3111 1087 3165 maxime
1120 3114 1304 3184 surgit.
1343 3118 1502 3179 Quum

486 3196 719 3252 maxime,
736 3188 883 3263 qnod
900 3191 1111 3243 Cortius
1131 3203 1383 3263 sequutus
1402 3203 1500 3255 est,

486 3272 673 3325 melius
687 3290 816 3323 sane
832 3282 909 3323 est
925 3270 977 3322 in
1000 3290 1055 3322 se
1068 3308 1083 3333 ‚
1104 3290 1201 3323 nec.
1218 3274 1329 3343 ipse
1350 3272 1504 3324 aliter

485 3351 699 3405 dixerim
716 3370 731 3405 t
746 3350 837 3404 sed
848 3363 901 3403 et
910 3370 1040 3401 neme
1050 3355 1265 3403 maxime
1274 3363 1419 3403 rectu
1426 3370 1474 3402 m
1483 3389 1498 3402 .

490 3437 617 3499 opus
634 3444 809 3484 autem
826 3442 969 3483 recte
989 3434 1225 3481 Gesner-m
1244 3431 1500 3500 interpre-

486 3522 623 3563 tatur
646 3512 851 3577 forum,
882 3508 1027 3582 quod
1059 3528 1167 3561 non
1198 3528 1319 3562 area
1338 3508 1501 3561 modo

484 3589 589 3642 lata
606 3630 621 3656 ‚
656 3589 948 3643 secundum
984 3602 1221 3643 nostrum
1262 3607 1462 3641 morem
1482 3627 1498 3652 ,

487 3668 577 3719 sed
604 3668 685 3721 vel
718 3670 940 3721 maxime
966 3667 1197 3720 :edificiis
1224 3669 1499 3720 ambienti-

485 3748 584 3799 bus
622 3764 799 3800 aream
838 3761 1101 3811 censetur,
1138 3758 1197 3799 ut
1235 3747 1496 3811 basilicis,

484 3826 715 3879 tabernis
730 3862 747 3889 ‚
766 3838 867 3878 etc.
884 3830 1137 3877 Suetonius
1152 3826 1208 3878 in
1230 3828 1359 3879 Caes.
1377 3846 1495 3897 cap.

484 3904 657 3967 XXV,
675 3904 817 3957 clare
838 3902 1109 3976 distinguit
1126 3924 1301 3959 aream
1321 3924 1352 3958 a
1372 3906 1496 3958 reli·

484 4000 591 4054 quo
634 3982 773 4035 foro.
812 3981 893 4033 Ad
940 3983 1333 4054 intelligendam
1380 4002 1495 4037 rem

484 4062 694 4134 planius
722 4060 982 4132 profuerit
1013 4062 1258 4115 studiosis
1295 4082 1493 4133 cogno-

484 4138 655 4201 scere,
684 4156 800 4211 quae
822 4138 889 4190 de
902 4142 1025 4205 foro
1058 4144 1364 4205 Lugdtmensi
1387 4155 1493 4193 tra-

1609 2475 1664 2525 in
1681 2481 2072 2545 Antiquitatibus
2103 2484 2234 2531 urbis
2265 2486 2600 2551 Lugdunensis
2614 2526 2628 2543 ‚

1602 2572 1720 2623 qum
1757 2568 1882 2609 sunt
1923 2557 1976 2608 in
2020 2559 2192 2629 capite
2227 2560 2435 2631 operis,
2473 2564 2620 2633 qnod

1603 2637 1727 2685 Hist.
1749 2640 1875 2689 liter.
1896 2642 2118 2706 Lugdem.
2141 2638 2446 2693 inscribitur
2469 2643 2620 2695 fran-

1601 2712 1731 2765 cice.
1753 2716 1890 2767 Exue.

1675 2812 1724 2844 a.
1746 2798 1892 2846 Salva
1923 2799 2156 2865 religione
2177 2818 2324 2866 posse
2351 2802 2619 2870 transferri.

1599 2870 1735 2923 Nam
1791 2877 2024 2928 romanis
2065 2879 2300 2932 moribus
2339 2885 2622 2932 evocatione

1599 2950 1855 3016 Deorum,
1866 2966 1916 3006 et
1927 2961 2320 3024 emungat-atione
2335 2977 2469 3035 opus
2485 2974 2615 3014 erat.

1599 3031 1796 3083 Notum
1817 3046 1894 3085 est
1911 3034 2026 3086 Liv.
2048 3036 2076 3086 I
2095 3073 2110 3098 ,
2141 3037 2230 3099 55,
2262 3050 2313 3089 et
2339 3038 2412 3101 V,
2436 3040 2502 3101 54
2520 3080 2535 3103 ,
2562 3052 2620 3091 ut

1601 3109 1882 3164 Terminus
1927 3126 1980 3165 et
2023 3115 2272 3167 Juvemas
2319 3120 2524 3170 evocari
2565 3138 2618 3171 se

1599 3207 1708 3242 non
1741 3193 1880 3261 passi
1923 3193 2055 3259 sint,
2095 3212 2260 3265 quum
2301 3195 2616 3267 Capitolium

1598 3266 1782 3321 cedere
1807 3272 1924 3323 Jovi
1943 3272 2274 3343 juberentur.
2303 3276 2383 3327 De
2399 3276 2546 3330 Veiis
2567 3289 2618 3330 et

1597 3347 1808 3401 illorum
1836 3352 2046 3403 Junone
2067 3351 2185 3403 Liv.
2209 3354 2322 3417 111,
2350 3372 2436 3418 21,
2461 3368 2512 3409 et
2533 3377 2615 3409 aa.

1599 3428 1770 3481 Locus
1795 3430 2039 3482 classicus
2057 3430 2292 3483 Macrob.
2313 3446 2410 3486 sat.
2435 3436 2540 3499 ΠΙ,
2561 3456 2618 3504 9,

1596 3526 1753 3579 quem
1781 3508 1908 3561 olim
1941 3508 2272 3563 laudavimus
2297 3512 2366 3564 ad
2393 3514 2616 3567 Plinium

1596 3585 1864 3651 XXVIII,
1889 3607 1940 3652 α,
1961 3607 2007 3640 s.
2039 3596 2092 3653 4,
2125 3590 2219 3641 ubi
2245 3592 2404 3644 etiam
2433 3594 2617 3646 citavi-

1595 3684 1716 3717 mus
1736 3666 1946 3720 illustris
1967 3668 2182 3738 Bergeri
2202 3669 2618 3726 dissertationem

1595 3744 1662 3797 de
1699 3746 2016 3799 Evocatione
2051 3750 2282 3800 Deorum
2313 3766 2378 3800 ex
2405 3752 2618 3823 oppidis

1595 3825 1817 3877 obsessis
1841 3832 1973 3895 1714
1994 3866 2009 3891 ,
2035 3826 2328 3897 Vitebergae
2361 3828 2616 3884 habitam.

1595 3905 1674 3957 De
1696 3905 1978 3958 evocandis
2011 3904 2172 3959 sacris
2198 3906 2267 3957 sd
2294 3906 2582 3978 Ulpianum
2601 3948 2616 3972 ,

1593 3984 1632 4037 l.
1654 3985 1752 4050 IX,
1771 3989 1804 4053 S
1826 4008 1887 4048 π,
1917 3984 1983 4037 de
2007 3986 2128 4038 Rer.
2159 3984 2318 4039 divis.
2349 3998 2402 4038 et
2429 3988 2616 4059 qualit.

1592 4075 1754 4116 exstat
1773 4065 2019 4133 praeclara
2035 4064 2198 4117 Henr.
2211 4064 2420 4117 Cocceii
2443 4066 2617 4139 dispu-

1593 4144 1718 4195 tatio
1741 4142 1916 4197 habita
1941 4162 2031 4213 ¹7¹
2049 4162 2094 4196 1.
2115 4144 2183 4195 G.
