2857 4690
934 423 1071 495 DE
1124 424 1645 500 C.PL1N10.
1997 473 2000 478 -
2188 427 2336 516 405

222 573 470 620 mamas
492 551 868 639 homirnam,
908 574 1035 622 nec
1060 555 1483 648 persuadete
1529 557 1694 626 malai
1727 581 2045 651 possum,
2095 582 2232 628 non
2272 576 2344 628 ec

222 679 374 724 cum
396 657 626 724 multis
646 671 714 726 ec
735 679 925 752 soepe
949 660 1425 750 tractandum,
1461 661 1654 759 quod
1667 664 1955 759 placere
1983 678 2055 734 et
2077 687 2342 759 semper

226 777 318 831 et
330 760 649 832 omnibus
689 770 949 859 cupias.

224 975 307 1042 V.
340 973 553 1044 Liber
577 973 665 1046 de
687 979 873 1045 Viris
886 977 1281 1063 illustribus,
1306 995 1380 1050 et
1396 982 1784 1054 Alter-caah
1803 1005 1954 1052 cum
1975 981 2342 1052 Hadriano

804 1087 978 1178 Imp.
1014 1087 1197 1156 male
1234 1082 1492 1158 tribua
1523 1088 1766 1164 Plitzzfo.
1829 1146 1836 1152 .

324 1291 579 1384 Saepius
618 1313 881 1385 quoque
924 1293 1121 1363 etiam
1181 1295 1247 1362 in
1288 1293 1436 1364 edd.
1477 1296 1938 1390 antiquissimis
1979 1296 2102 1364 sub
2150 1294 2342 1364 Plinii

225 1395 495 1469 nomine
524 1394 742 1466 lucem
781 1395 947 1465 vidit
972 1397 1143 1468 liber
1175 1398 1263 1468 de
1290 1403 1476 1468 Viris
1505 1401 1910 1472 illustribus.-
1939 1401 2054 1472 sed
2091 1399 2203 1482 ille,
2227 1426 2341 1472 au-

224 1514 477 1572 ctorem
528 1501 735 1572 habet
784 1501 1124 1572 Aure-lium
1177 1505 1516 1576 Victorem
1533 1558 1552 1593 ,
1593 1520 1671 1576 ut
1719 1507 1890 1579 infra
1929 1505 2100 1576 libro
2143 1511 2340 1577 tertio

226 1605 609 1676 videbimus.
659 1610 893 1701 Neque
945 1610 1331 1680 Altercatio
1375 1635 1528 1682 cum
1566 1611 1934 1684 Hadriano
1980 1617 2154 1708 Imp.
2207 1615 2344 1684 sive

227 1735 543 1807 responsa
590 1713 676 1783 ad
722 1715 1121 1808 interrogata
1173 1715 1542 1800 Hadriani,
1583 1730 1736 1786 sunt
1769 1716 1960 1788 Plinii
2008 1719 2293 1788 Secundi
2323 1771 2344 1808 ‚

227 1821 323 1886 uti
364 1820 439 1886 in
478 1817 632 1889 edit.
664 1820 1169 1890 Monasteriensi
1210 1845 1267 1889 a.
1318 1845 1344 1892 1
1365 1817 1508 1918 597
1551 1821 2036 1910 inscribuntur,
2071 1823 2187 1892 sed
2221 1827 2342 1895 Se-

228 1924 437 1994 cundi
445 1976 469 2011 ,
515 1925 823 2020 sophistae
865 1925 1309 2014 Atheniensis,
1344 1951 1540 2020 quem
1584 1930 1655 1996 E
1647 1927 1994 2022 pithytwe
2029 1942 2342 2006 vocatum

229 2055 367 2100 esse
400 2029 641 2125 legitur
679 2032 857 2126 apud
885 2031 1357 2102 Philostratum
1373 2083 1394 2118 ,
1420 2031 1536 2102 lib.
1587 2055 1614 2102 1
1669 2031 1751 2102 de
1778 2033 1954 2104 Vitis
1993 2034 2341 2128 Sophista-

231 2161 415 2223 rum,
450 2161 513 2231 p.
558 2133 739 2224 543,
774 2137 891 2208 ubi
928 2136 1235 2230 ἐπίουρον,
1262 2139 1325 2208 h.
1366 2161 1423 2206 e.
1471 2137 1866 2211 subscudem
1907 2139 2046 2208 sive
2080 2141 2342 2208 clavum

231 2243 522 2336 ligneum
565 2243 987 2314 scribendum
1000 2295 1019 2328 ‚
1062 2257 1237 2314 recte
1288 2267 1368 2312 ex
1410 2243 1610 2315 Suida
1663 2244 1922 2313 monuit
1964 2241 2344 2322 Holstenius

233 2362 297 2417 et
350 2349 735 2419 Bochartus.
800 2350 999 2446 Apud
1051 2350 1355 2421 eumdem
1413 2349 1680 2424 saidam
1721 2374 2072 2445 perperam
2120 2350 2296 2445 legas
2321 2402 2340 2432 ‚

230 2452 407 2523 hunc
438 2457 653 2549 ipsum
692 2456 1071 2527 Secundum
1104 2456 1466 2551 sophistam
1491 2454 1772 2527 Plinium
1803 2458 2342 2551 cognominatum

232 2584 391 2629 esse.
442 2560 571 2635 Sed
612 2564 836 2656 utique
872 2562 1219 2655 scripserat
1258 2562 1527 2645 suidas,
1559 2564 1674 2654 οὐχ
1705 2560 1768 2641 ὃς
1804 2560 2170 2655 ἐχρημάτισε
2197 2561 2342 2631 mi·

229 2690 371 2747 νιος.
398 2668 507 2735 De
530 2666 660 2736 hoc
686 2666 987 2737 Secundo
1006 2666 1289 2754 dictum,
1311 2666 1421 2742 lib.
1453 2669 1555 2752 ΙΙ,
1585 2664 1892 2749 Biblioth.
1920 2670 2171 2749 Graeca
2197 2691 2340 2761 cap.

244 2768 370 2857 13,
412 2796 477 2867 p.
534 2768 678 2843 502
724 2796 817 2867 sq.
869 2786 938 2841 et
974 2772 1083 2841 lih.
1120 2775 1263 2857 VI,
1312 2796 1368 2855 c.
1428 2795 1554 2857 10,
1591 2774 1666 2855 T.
1721 2769 1848 2857 13,
1895 2797 1961 2866 p.
2011 2770 2342 2857 564,ώί

234 2876 371 2970 ejus
405 2901 721 2972 responsa
750 2879 887 2948 sive
920 2880 1259 2949 sententiae
1292 2876 1499 2946 editae.
1531 2879 1616 2945 In
1647 2876 2055 2961 Bibliotheca
2088 2876 2343 2959 Bodlei-

235 3006 358 3053 ana
399 2998 659 3055 exstant
683 2982 1187 3078 anglosaxonica
1222 2980 1503 3063 dialecto
1542 2983 1930 3075 quaestiones
1965 2995 2034 3050 et
2073 3006 2344 3075 respon·

238 3088 451 3159 siones
494 3088 668 3160 inter
724 3087 1131 3158 Hadrianum
1183 3102 1250 3156 et
1297 3085 1651 3170 Ritheum‚
1699 3085 1820 3153 suh
1869 3110 2002 3179 quo
2044 3100 2346 3167 monstro

239 3194 517 3266 nominis
533 3194 871 3288 Epictetus
891 3192 1092 3263 latere
1108 3192 1388 3263 videtur.
1414 3192 1746 3270 Memorat
1769 3190 2124 3285 Catalogus
2151 3192 2340 3263 MSS

240 3298 589 3394 Anglosax.
614 3300 685 3383 in
707 3314 891 3382 tomo
913 3324 955 3369 2
980 3297 1303 3381 Thesauri
1327 3296 1696 3391 linguarum
1715 3295 2342 3391 septemtrionalium

241 3404 651 3493 Hickesiani,
684 3430 749 3499 p.
790 3400 913 3498 93.

338 3508 529 3579 Plinii
554 3457 755 3603 hiijus
791 3509 929 3579 fere
974 3506 1237 3603 aequalis
1284 3506 1409 3579 fuit
1443 3511 1661 3579 Julius
1701 3506 2048 3579 Secundus
2085 3519 2344 3591 orator,

244 3614 423 3708 cujus
462 3612 851 3709 elegantiam
888 3614 1179 3686 celebrat
1219 3614 1730 3704 QuinctilianuS,
1768 3615 1938 3699 XII,
1977 3636 2100 3697 10,
2137 3625 2205 3687 et
2245 3614 2344 3701 Χ,

260 3742 313 3789 1.
353 3722 460 3788 De
496 3718 731 3792 eodem
766 3720 1205 3791 consulendus
1231 3734 1464 3791 auctor
1485 3720 1567 3789 de
1603 3718 1834 3791 Causis
1866 3728 2194 3812 corruptae
2221 3716 2348 3799 elo-

246 3826 537 3918 quentiae,-
551 3824 791 3897 Nescio
815 3850 901 3897 an
918 3826 1211 3904 diversus
1237 3826 1584 3899 Secundus
1600 3838 1845 3910 orator,
1865 3848 2060 3918 quem
2088 3824 2343 3895 Othoni

246 3932 409 4027 Imp.
440 3932 525 4011 ab
560 3930 849 4026 epistolis
882 3930 1105 4018 fuisse,
1142 3946 1369 4003 narrat
1402 3931 1790 4002 Plutarchus
1824 3931 1891 3999 in
1927 3928 2194 4002 Othone
2217 3984 2234 4015 ‚
2275 3956 2342 4024 p.

264 4060 449 4131 ¹070
480 4040 557 4107 E.
588 4036 769 4110 Alius
804 4038 927 4110 suit
956 4042 1239 4111 Carinus
1269 4036 1648 4123 Secundus,
1685 4037 1932 4123 rhetor,
1973 4060 2166 4129 quem
2203 4038 2336 4105 Ca·-
