2857 4690
488 372 638 469 396
997 376 1451 445 NOTITIA
1508 374 2099 445 LITERARIA

479 506 673 578 blicis
722 509 789 575 in
847 508 1187 603 provincia
1227 510 1505 603 scriptas
1550 507 2035 603 complectitur.
2080 510 2255 576 Ante
2302 531 2431 575 sec.
2474 508 2621 576 xl!

484 615 816 683 rarissima
855 637 1083 683 earum
1121 616 1390 683 mentio.
1421 616 1617 683 Unus
1652 614 1973 684 Sidonius
2000 615 2437 707 Apollinaris
2468 614 2618 705 ejus

485 717 793 814 epistolas
839 734 1355 805 commemorat,
1393 744 1561 814 quas
1606 734 1677 789 et
1728 722 1969 789 imitari
2014 718 2314 787 studuit:
2360 720 2417 787 is
2448 734 2615 787 vero

487 848 722 895 novem
751 840 1008 895 tantum
1034 825 1238 894 libros
1259 840 1741 895 commemorat
1768 828 1867 894 lx
1883 878 1903 911 ,
1942 849 1967 894 1
1984 879 2005 912 ‚
2030 825 2207 893 unde
2232 824 2499 918 quidam
2538 822 2613 891 li·

485 932 681 999 brum
704 930 1032 1001 decimum
1048 929 1258 1001 Plinio
1279 930 1769 1025 abjudicarunt:
1790 933 1993 999 etiam
2008 934 2046 999 J
2048 956 2108 999 o.
2125 930 2621 999 Mansionarius

485 1050 744 1105 tantum
788 1052 948 1105 octo
991 1051 1358 1110 memorat:
1415 1036 1531 1105 sed
1578 1036 1885 1107 Sidonius
1920 1034 2027 1105 vel
2084 1038 2156 1104 in
2196 1036 2449 1105 Codice
2486 1060 2619 1105 suo

489 1154 748 1211 tantum
805 1166 1044 1212 novem
1101 1142 1302 1211 libros
1355 1141 1585 1212 habuit
1624 1196 1646 1229 ,
1708 1157 1787 1211 ut
1842 1144 1957 1236 qui
2014 1156 2277 1211 exstant
2328 1141 2617 1210 Codioae

486 1247 750 1341 scripti,
785 1262 1044 1317 tantum
1083 1269 1322 1319 novem
1357 1248 1611 1317 habent
1626 1302 1649 1337 ‚
1686 1246 1793 1317 vel
1818 1272 1935 1317 eos
1968 1244 2171 1317 libros
2208 1260 2469 1316 tannim
2500 1272 2619 1315 no-

485 1354 793 1438 minavit,
823 1378 988 1447 quos
1024 1356 1164 1449 ipse
1198 1355 1487 1423 imitatus
1527 1368 1674 1442 est3
1714 1378 1869 1423 nam
1906 1369 1976 1421 et
2014 1351 2323 1447 epistolas
2356 1377 2505 1421 suas
2542 1355 2609 1421 in

485 1454 692 1527 libros
733 1482 976 1527 novem
1003 1461 1282 1555 partitus
1317 1474 1435 1529 est.
1472 1457 1719 1529 Plinius
1752 1458 2019 1554 quidem
2063 1459 2203 1552 ipse
2238 1458 2501 1526 videtur
2534 1456 2608 1527 li·

483 1563 682 1631 brum
713 1564 1040 1635 decimum
1069 1566 1420 1660 separatim
1446 1564 1763 1651 edidisse,
1790 1564 1971 1659 quod
2002 1566 2072 1633 in
2095 1565 2177 1632 iis
2200 1588 2341 1632 non
2362 1564 2607 1658 ingenii

485 1666 746 1737 laudem
792 1684 1122 1765 spectarat
1145 1724 1167 1757 ‚
1211 1686 1288 1740 ut
1323 1672 1388 1739 in
1436 1672 1707 1740 caeteris.
1746 1670 2181 1765 Symmachus
2222 1669 2491 1762 quidem
2538 1686 2611 1738 ct

485 1774 816 1847 decimum
878 1774 1118 1847 librum
1173 1776 1479 1847 habuisse
1536 1776 1839 1846 videtur:
1892 1800 2048 1845 nam
2110 1800 2353 1844 novem
2404 1773 2609 1844 libros

483 1882 744 1997 scripsit
793 1882 1158 1952 imitatione
1197 1882 1511 1953 Plinianae
1556 1885 1919 1967 orationis,
1962 1897 2031 1951 et
2070 1882 2314 1976 ingemi
2357 1904 2609 1969 musa,

483 1987 642 2055 item
684 1986 770 2056 ad
799 1990 1133 2097 privatos:
1175 1987 1506 2083 Epistolas
1534 1989 1620 2058 ad
1658 1992 2099 2084 Imperatores
2132 1986 2305 2055 libro
2332 1988 2607 2082 proprio

485 2082 864 2187 complexus
917 2108 1062 2181 est,
1107 2118 1390 2189 eumque
1450 2094 1781 2163 decimum
1832 2094 2009 2163 fecit.
2034 2126 2137 2139 -—
2158 2094 2263 2161 De
2316 2094 2607 2161 inventis

487 2197 803 2291 Epistolis
843 2198 1032 2271 Plinii
1061 2226 1126 2266 v.
1150 2199 1617 2270 Decembrium
1654 2199 1843 2269 Polit.
1884 2199 2050 2269 liter.
2080 2224 2143 2294 p.
2187 2196 2309 2267 32.
2346 2202 2413 2267 Is
2446 2198 2607 2267 dicit

485 2304 784 2376 inventas
835 2308 1018 2393 1243
1059 2330 1335 2401 nempe,
1375 2320 1453 2376 ut
1492 2306 1763 2400 opinor,
1802 2328 2000 2402 super
2042 2304 2294 2400 priores
2334 2304 2417 2372 L.
2458 2306 2555 2372 lx
2580 2357 2605 2388 ,

483 2433 724 2504 easque
747 2412 914 2481 adeo
941 2410 1088 2480 libri
1113 2416 1203 2498 X,
1225 2414 1351 2482 etsi
1379 2413 1449 2482 in
1478 2411 1658 2481 libris
1688 2414 1931 2482 nostris
1958 2425 2116 2481 sunt
2134 2424 2395 2480 tantum
2438 2433 2463 2478 1
2482 2435 2599 2479 22.

483 2516 739 2586 Verum
777 2518 849 2585 in
886 2516 1017 2587 hoc
1046 2516 1214 2586 libro
1248 2519 1591 2586 variarunt
1625 2518 1818 2588 MSS.
1850 2532 1925 2587 ut
1952 2531 2103 2612 post
2124 2539 2591 2585 commemora·

485 2619 738 2709 bimus,
785 2646 992 2717 quum
1035 2623 1118 2692 de
1161 2622 1306 2692 edd.
1347 2623 1664 2692 dicemus.
1694 2625 2081 2692 Vincentius
2116 2619 2365 2690 Bellon
2410 2622 2597 2716 Spec.

487 2723 639 2793 hist.
683 2727 844 2798 dicit
877 2721 978 2816 X,
1032 2727 1166 2824 67,
1214 2727 1521 2825 epistolas
1558 2728 1749 2798 Plinii
1788 2728 1873 2798 ad
1912 2729 2228 2798 Diversos
2272 2741 2601 2797 trecentas

485 2833 774 2924 reperiri.
807 2836 932 2903 Hic
961 2833 1226 2928 quidem
1273 2833 1513 2903 librum
1554 2834 1883 2904 decimum
1924 2858 2062 2904 non
2098 2832 2279 2902 vidit.
2306 2832 2438 2902 Sed
2464 2835 2601 2927 opi-

485 2936 750 3024 nionem
789 2939 873 3008 de
909 2939 1108 3032 νοθείᾳ
1147 2943 1224 3009 L.
1267 2943 1352 3009 X.
1403 2940 1571 3010 bene
1622 2939 1859 3010 refellit
1892 2943 2277 3026 Catanaeus,
2318 2953 2397 3007 ut
2436 2938 2599 3007 alios

483 3055 834 3113 taceamus.
867 3047 1138 3116 Rectius
1167 3046 1274 3115 alii
1302 3044 1543 3116 librum
1574 3045 1968 3141 singularem
1995 3099 2016 3132 ‚
2052 3059 2119 3114 et
2140 3043 2407 3138 reliquis
2434 3069 2595 3139 prae·

479 3147 826 3218 ferendum
850 3165 1108 3243 putant.
1143 3155 1430 3221 Joannes
1459 3153 1707 3220 Savaro
1736 3152 1819 3221 ad
1857 3152 2199 3220 Sidonium
2228 3171 2377 3246 pag.
2420 3146 2592 3236 534:

481 3257 648 3356 Non
689 3271 827 3342 est,
873 3257 1066 3350 quod
1091 3262 1428 3351 ingeniosi
1458 3257 1677 3328 verba
1710 3257 1981 3329 Sidonii
2016 3271 2339 3352 captent,
2378 3272 2453 3324 et
2484 3279 2591 3324 ar·

473 3347 800 3451 guientm·
850 3363 1178 3432 ckchnum
1231 3367 1302 3432 E
1287 3365 1704 3458 pestolarum
1762 3361 2003 3433 librum
2054 3363 2161 3431 ad
2223 3361 2591 3454 Trajanum

480 3473 783 3558 spus-ima
818 3485 890 3537 et
933 3473 1433 3565 supposititium
1474 3492 1637 3538 esse.
1684 3471 1914 3539 Plinio
1942 3483 2259 3538 asserant
2292 3471 2594 3536 Iustinus

477 3563 798 3666 Mat-tyn,
867 3577 1359 3659 Τενιιιίίιὶιηιω,
1419 3574 1799 3660 Eusebius
1864 3578 2147 3646 Orosius
2202 3589 2277 3642 et
2336 3573 2591 3668 reliqm.

484 3679 560 3742 V
549 3701 734 3746 emm
787 3695 870 3752 ιιι
915 3683 1144 3775 longe.
1161 3681 1408 3750 debet-si
1462 3687 1849 3774 mgumenti
1891 3673 2131 3750 librum
2184 3680 2592 3772 singularem

475 3804 498 3844 1
499 3782 750 3876 ‘eliquat
777 3785 1519 3878 anmunerarefrustm
1554 3787 1754 3855 (hait
1778 3813 1799 3854 .·
1838 3811 2003 3855 nam
2042 3785 2235 3880 quod
2262 3790 2367 3854 ait
2398 3789 2575 3857 Cata

474 3909 668 3956 naeus
679 3941 702 3974 ,
740 3890 1090 3962 Sidontimi
1117 3897 1228 3962 sui
1261 3893 1475 3962 seculi
1500 3891 1872 3963 eruditione
1906 3907 2295 3962 contentum
2316 3892 2539 3978 flasse
2566 3945 2586 3975 ,

471 3989 596 4060 nec
651 3995 864 4064 Plinic'
923 3997 1162 4070 librum
1203 3999 1519 4068 habuisse
1570 4005 1752 4068 intra
1810 4005 2115 4068 armaria
2174 3995 2594 4068 bibliothec-ce
