2857 4690
834 365 1356 435 EPISTOLA
1390 346 1765 434 XXXIV.
2197 369 2322 450 141

216 571 923 594 mmmmm

1304 571 2149 594 mmmmm„
2160 571 2334 594 mm

833 761 1265 850 XXX111.
1334 759 1694 880 (XXIII
1715 762 1747 882 )

827 1010 1281 1059 TRAJAIUJS
1332 1011 1647 1068 Pugno
1697 1011 1748 1057 S.

310 1186 423 1253 Er
460 1183 631 1252 mihi
668 1183 900 1252 scribit
928 1181 1185 1264 Gabius
1215 1183 1488 1268 Bassus,
1527 1207 1667 1252 non
1697 1181 2004 1254 sufficere
2031 1182 2158 1252 sibi
2184 1207 2342 1252 eum

210 1291 493 1363 militum
544 1316 938 1381 numerum,
988 1293 1107 1388 qui
1158 1305 1237 1361 ut
1283 1291 1560 1362 daretur
1609 1291 1742 1380 illi,
1793 1273 2136 1363 mandatis
2179 1294 2346 1363 meis

214 1403 595 1500 complexus
631 1428 803 1473 sum.
845 1402 1050 1493 Quod
1085 1402 1326 1498 quaeris
1349 1457 1369 1492 ,
1408 1405 1746 1499 scripsisse
1795 1429 1902 1474 me
1919 1457 1939 1488 ,
1987 1418 2066 1474 ut
2108 1419 2345 1473 notum

210 1511 518 1602 haberes,
547 1513 657 1582 his
692 1512 901 1583 literis
931 1513 1171 1608 subjici
1200 1513 1392 1607 jussi.
1418 1512 1716 1584 Multum
1751 1515 2064 1604 interest,
2093 1539 2197 1584 res
2229 1538 2348 1609 po·-

214 1638 351 1692 soet
373 1677 391 1711 ‚
446 1649 536 1694 an
591 1625 897 1694 homines
950 1623 1281 1719 imperare
1330 1621 1528 1693 latius
1575 1623 1804 1694 velint.
1857 1625 2074 1698 Nobis
2121 1639 2346 1694 autem

216 1732 460 1803 utilitas
507 1733 782 1802 demum
828 1732 1191 1829 spectanda
1234 1746 1381 1802 est:
1436 1747 1503 1802 et
1545 1748 1870 1828 quantum
1907 1734 2052 1804 fieri
2089 1748 2347 1829 potest,

216 1843 619 1930 curandum,
662 1869 747 1915 ne
788 1843 1033 1914 milites
1070 1867 1106 1913 a
1150 1845 1357 1940 signis
1392 1843 1636 1913 absint.

278 2051 529 2104 xxxm.
572 2055 721 2118 Quod
755 2055 932 2120 quoerz‘s
970 2055 1227 2120 scripsisse.
1327 2051 1434 2104 ctio
1453 2069 1488 2104 a
1505 2052 1754 2104 Catanaeo
1769 2051 1973 2122 prolata
1989 2089 2006 2115 ,
2023 2056 2157 2118 Quot
2171 2055 2350 2120 qua-ris

216 2129 381 2184 Iocus
398 2129 671 2203 depositus
683 2169 700 2196 ,
719 2131 807 2184 cui
820 2141 997 2184 tamen
1014 2149 1229 2184 sensum
1325 2133 1594 2198 scripsisse,
1624 2149 1701 2180 me
1719 2151 1739 2180 .-
1765 2149 1928 2202 quam
1963 2131 2006 2184 si
2031 2130 2311 2202 recipimus
2329 2168 2349 2197 ‚

218 2222 547 2282 mentemque
589 2208 825 2263 reddidit
870 2208 1089 2262 illustris
1133 2209 1235 2262 Ge-
1330 2209 1506 2281 ipsum
1521 2220 1697 2260 tamen
1717 2213 1845 2275 Quoi
1855 2227 1964 2262 non
1979 2222 2089 2263 tam
2103 2229 2136 2262 a
2149 2209 2319 2263 Plinio
2332 2247 2350 2274 ,

220 2287 440 2344 bouet-us
464 2289 696 2343 laudatis
716 2288 877 2342 modo
896 2277 1235 2362 origg.Feodi
1329 2307 1494 2361 quern
1513 2306 1543 2340 a
1561 2287 1779 2342 librario
1798 2288 2120 2361 antiquario,
2140 2288 2234 2362 qui
2253 2307 2352 2361 pro

220 2367 267 2432 1,
284 2370 345 2423 Δ.
363 2390 419 2443 p.
439 2372 497 2437 8,
512 2380 629 2423 not.
645 2388 692 2423 z.
716 2372 845 2437 Quoi
859 2389 972 2438 qm
983 2368 1233 2437 mci-ipso-
1332 2372 1424 2421 Cui
1453 2369 1528 2421 ita
1562 2366 1766 2423 dederit
1781 2406 1798 2432 ,
1823 2380 2098 2440 acceptum
2123 2369 2355 2421 resa-en·

220 2450 330 2509 rim,
352 2464 407 2501 ue
423 2465 599 2501 notum
616 2452 833 2501 haberes.
852 2446 1077 2501 Mirifice
1093 2449 1233 2502 favet
1328 2446 1458 2500 dum
1483 2444 1710 2501 videtur.
1739 2448 1809 2501 G.
1825 2454 2103 2500 —Demum
2144 2447 2316 2502 solum
2335 2485 2352 2513 ,

220 2524 336 2581 huie
353 2530 679 2601 conjecturas
702 2526 907 2600 antiqui
924 2524 1135 2581 Codicis
1158 2526 1231 2579 le·
1328 2538 1530 2580 tantum
1549 2566 1566 2593 ,
1586 2528 1846 2599 explicant
1869 2528 2044 2582 Gloss.
2077 2528 2178 2581 En.

222 2730 946 2755 mmmmm
952 2734 1464 2756 mmmm
1469 2736 1706 2755 mm
1711 2738 2230 2760 mmmm„
2261 2737 2353 2756 m

833 2924 1256 3014 XXXIV.
1343 2924 1742 3047 (XXIV)

579 3160 946 3221 Prusensium
972 3162 1206 3220 nomine
1233 3158 1528 3220 balineum
1563 3175 1728 3240 rogat
1763 3165 1996 3222 exstrui,

651 3374 715 3419 C.
772 3372 1129 3419 PLINIUS
1180 3374 1579 3421 TRAIANO
1629 3372 1806 3420 IMP.
1861 3376 1913 3419 S.

316 3559 749 3639 Pmaemvszs,
785 3552 1109 3638 Domine,
1147 3550 1489 3620 balineum
1525 3550 1778 3622 habent
1811 3567 1878 3621 et
1917 3552 2258 3626 sordidum
2292 3574 2360 3629 et

232 3680 433 3736 vetus.
480 3662 567 3734 Id
604 3662 865 3757 itaque,
902 3660 1319 3755 indulgentia
1358 3676 1506 3746 tua,
1547 3662 1894 3732 restituere
1933 3663 2355 3740 desiderant:

234 3798 347 3871 ego
378 3792 608 3846 tamen
636 3772 969 3843 aestimans
1005 3797 1254 3841 novum
1292 3772 1436 3842 fieri
1475 3772 1750 3859 debere,
1783 3772 2027 3845 videris
2057 3778 2223 3848 mihi
2253 3780 2360 3850 de-

296 3986 547 4041 mlv:
562 3954 627 4036 .¹·
650 3988 757 4053 Ego
776 3996 966 4034 tam.
989 4019 1002 4032 .
1023 3986 1247 4035 adderis.
1346 3980 1718 4054 imputandum
1745 3984 1831 4039 eit.
1861 3986 2038 4053 Quam
2064 4006 2174 4042 non
2203 3990 2360 4044 infre-

234 4063 571 4121 Mnifestum
580 4061 963 4125 anacoluthon,
981 4060 1089 4115 sive
1096 4060 1251 4115 Plinii
1344 4060 1562 4133 quentia
1570 4062 1676 4116 sint
1683 4063 1806 4119 talia
1821 4064 1964 4139 apud
1973 4068 2198 4140 optimos
2204 4088 2360 4141 quos-

238 4142 403 4203 fimun
432 4141 644 4200 incuria
659 4178 677 4208 ,
704 4140 815 4197 sive
844 4138 1248 4213 descriptoribus
1344 4158 1452 4211 que
1473 4139 1778 4213 scriptores,
1802 4142 1996 4202 docent
2019 4166 2152 4219 quos
2176 4147 2360 4202 laudat
