2857 4690
465 388 504 429 Ἀ
775 384 810 399 “
1029 361 1102 428 C.
1155 361 1502 429 PLINII
1551 359 1739 427 LlB.
1792 359 2016 429 V111.

416 466 434 483 .
463 481 688 569 Quam
715 482 902 550 triste
921 481 1050 551 hoc
1075 484 1233 576 ipsi,
1259 508 1461 579 quam
1486 483 1801 551 acerbum
1825 481 2023 568 mihi,
2049 484 2102 552 si
2122 484 2206 569 is,
2234 483 2343 553 cui
2370 487 2589 556 omnis

463 620 544 663 ex
573 592 805 662 studiis
829 594 1041 687 gratia
1058 647 1076 681 ‚
1105 592 1415 662 inhabilis
1436 592 1665 663 studiis
1696 590 1921 661 fuerit!
1953 592 2126 681 Quis
2149 594 2385 663 deinde
2404 594 2589 665 libel-

463 701 567 772 los
605 726 790 771 meos
830 704 924 771 sic
965 700 1180 797 leget?
1223 704 1318 771 sic
1355 700 1656 772 amabit?
1693 698 1892 797 quem
1931 727 2123 773 aures
2158 729 2319 773 meae
2353 706 2446 774 sic
2483 730 2589 776 se-

394 810 426 863 3
461 810 796 906 quentur?
832 811 962 881 Sed
998 811 1090 879 dii
1123 810 1372 881 laetiora
1401 812 1823 907 promittunt.
1858 814 2058 883 Stetit
2094 816 2393 907 sanguis,
2418 840 2587 885 rese-

461 923 560 991 dit
615 920 822 989 dolor.
867 925 1194 991 Praeterea
1237 924 1585 993 continens
1626 924 1795 1019 ipse,
1838 948 1959 991 nos
2009 922 2305 1009 solliciti,
2344 926 2585 997 medici

461 1029 826 1125 diligentes.
866 1030 972 1099 Ad
1011 1032 1144 1099 hoc
1177 1031 1529 1101 salubritas
1567 1032 1743 1119 caeli,
1797 1057 2122 1121 secessus,
2176 1036 2395 1129 quies,
2437 1050 2588 1105 tan-

459 1152 604 1207 tum
643 1138 878 1209 salutis
908 1156 1236 1235 quantum
1279 1143 1438 1231 otii,
1474 1140 1900 1237 pollicentur.
1938 1142 2128 1215 Vale.

527 1370 598 1381 ·-
633 1344 689 1395 Sa·
721 1344 784 1401 is,
827 1345 931 1402 cui,
973 1353 1076 1395 etc.
1103 1342 1356 1397 Desidero
1391 1344 1482 1397 hic
1576 1349 1646 1399 sic
1668 1360 1943 1414 sequentur.
1977 1344 2051 1397 Ut
2083 1345 2225 1416 apud
2251 1344 2473 1411 Quintil.
2504 1346 2589 1411 11,

458 1420 842 1474 humanitatem
861 1432 1036 1486 tuam,
1056 1422 1314 1477 Secunde.
1339 1424 1483 1496 Ergo
1580 1424 1609 1477 5
1626 1466 1640 1492 ,
1664 1433 1695 1491 4
1717 1443 1731 1477 :
1759 1428 1943 1492 scripta
1968 1429 2121 1477 oculis*
2146 1428 2296 1493 sequi.
2323 1423 2464 1477 Illud
2485 1423 2591 1477 hoc

455 1500 698 1571 Encolpii
745 1502 822 1553 tui
870 1501 1042 1555 omnis
1091 1504 1230 1573 perit
1274 1506 1443 1575 gratia
1464 1544 1480 1569 ,
1578 1503 1696 1559 loco
1710 1504 1875 1575 magis
1886 1504 2061 1575 placet
2072 1522 2233 1576 quam
2246 1506 2464 1556 audiam.
2482 1502 2587 1556 En.

385 1604 394 1613 ·
457 1579 601 1649 quod
617 1617 632 1643 ,
653 1580 967 1652 exasperatis
981 1581 1223 1635 faucibus
1238 1621 1254 1647 ,
1277 1582 1482 1637 libellos
1654 1586 1703 1637 3.
1730 1587 1819 1635 Aa
1831 1586 1939 1635 Ιιοσ.
1960 1581 2145 1635 Malim
2166 1586 2241 1633 ad
2254 1586 2375 1635 laaee.
2396 1588 2587 1654 Perpe-

458 1670 575 1713 tuos
603 1659 773 1731 legere
795 1679 906 1713 non
930 1662 1135 1733 potest?
1155 1662 1212 1715 S.
1237 1692 1306 1703 -—
1323 1668 1482 1714 Aures
1580 1674 1667 1716 tua
1694 1663 1889 1717 horum
1912 1663 2175 1717 confusio.
2200 1664 2254 1717 S.

486 1860 1308 1883 mmmmmmmm

1586 1864 2109 1885 mmmm
2116 1864 2565 1885 mmm

1459 2063 1583 2149 II.

465 2285 784 2345 Vindemiae
816 2282 1207 2365 emptoribus,
1235 2283 1395 2364 quod
1423 2285 1645 2343 fructus
1677 2304 1839 2364 spem
1872 2286 2186 2360 fefellerat,
2210 2286 2493 2345 remisisse
2520 2284 2593 2345 de

725 2381 950 2460 pretio,
977 2395 1036 2440 et
1063 2381 1199 2439 inde
1227 2381 1459 2440 laudem
1488 2393 1913 2458 consequutum
1940 2401 2063 2441 esse
2096 2383 2336 2440 nuntiat.

823 2587 842 2598 ·
878 2595 938 2642 c.
991 2592 1348 2642 mamus
1398 2592 1809 2641 canvisxo
1852 2569 1883 2602 ⁴
1932 2594 2086 2640 suo
2135 2593 2191 2641 S.

569 2777 752 2844 Am
803 2775 870 2842 in
932 2772 1176 2867 praedia
1228 2797 1345 2842 sua
1395 2771 1953 2868 proficiscuntur,
2016 2787 2091 2842 ut
2140 2772 2603 2869 locupletiores

472 2899 928 2971 revertantur3
977 2908 1136 2982 ego,
1177 2898 1256 2952 ut
1303 2884 1689 2979 pauperior.
1744 2883 2193 2954 Vendideram
2238 2884 2603 2954 vindemias

472 2997 778 3066 certatim
811 2995 1337 3090 negotiatoribus
1369 2993 1744 3064 ementibus
1778 3021 1793 3062 :
1820 2995 2145 3066 invitabat
2182 2996 2503 3088 pretium,
2538 3009 2605 3062 et

409 3137 438 3171 ι
474 3106 656 3201 quod
703 3121 899 3196 tunc,
953 3119 1020 3188 et
1067 3102 1247 3200 quod
1297 3103 1439 3174 fore
1493 3104 1867 3174 videbatur.
1926 3107 2090 3199 Spes
2138 3101 2413 3172 fefellit:
2464 3117 2606 3172 erat

475 3215 857 3310 expeditum
922 3213 1234 3282 omnibus
1291 3214 1630 3283 remittere
1684 3214 2054 3310 aequaliter,
2108 3212 2223 3281 sed
2272 3237 2408 3280 non
2448 3214 2607 3281 satis

475 3351 761 3421 aequum.
802 3323 976 3395 Mihi
1009 3339 1232 3392 autem
1261 3327 1604 3419 egregium
1634 3325 1961 3420 imprimis
1989 3321 2282 3405 videtur,
2317 3337 2393 3391 ut
2417 3320 2608 3410 foriS‚

477 3439 567 3506 ita
606 3436 818 3524 domi,
857 3451 926 3504 ut
960 3437 1030 3503 in
1066 3437 1357 3529 magnis,
1394 3437 1489 3504 ita
1526 3438 1591 3504 in
1632 3436 1882 3530 parvis,
1915 3445 1987 3500 ut
2020 3434 2087 3499 in
2121 3429 2379 3510 alieniS,
2413 3431 2503 3500 ita
2539 3433 2608 3499 in

478 3547 935 3644 suis‚·agitare
955 3547 1284 3640 justitiam
1311 3573 1327 3616 :
1365 3571 1523 3616 nam
1554 3547 1607 3615 si
1638 3545 1822 3640 paria
1856 3556 2159 3640 peccata,
2188 3567 2381 3636 pares
2406 3542 2609 3612 etiam

551 3748 625 3799 11.
641 3747 667 3774 *
685 3703 906 3798 Caloekie.
925 3744 1126 3798 vid.11
1141 3783 1158 3808 ,
1179 3763 1264 3818 ep.
1287 3763 1373 3798 ao.
1389 3745 1495 3798 En.
1596 3761 1769 3798 caasa
1788 3779 1803 3806 ,
1823 3754 1923 3796 etc.
1943 3741 2358 3812 negotiatoribus
2377 3724 2613 3794 vendim-

547 3825 1186 3879 1.Vindemias.Verissime
1196 3826 1495 3879 Cunna-us:
1596 3835 1699 3876 tur.
1724 3823 1780 3876 S.

487 3935 510 3957 ι
535 3909 722 3962 vitium
741 3907 944 3960 fructus
959 3948 972 3974 ‚
995 3909 1082 3978 jus
1100 3903 1344 3958 demendi
1371 3922 1497 3956 uvas
1668 3922 1715 3954 2.
1737 3904 2341 3972 ‚Agitarejustitiam,enm
2354 3917 2613 3964 exercere,

484 4009 513 4042 a
541 3989 672 4042 meis
699 3985 883 4042 vineis.
907 4013 929 4032 ι
954 3986 1185 4039 Postulat
1213 3983 1268 4037 id
1301 3997 1351 4036 et
1383 3982 1499 4034 lati-
1530 4019 1545 4032 .
1596 3992 1655 4032 ut
1676 3986 1867 4050 agitat-e
1887 3983 2139 4048 imperium
2158 3993 2209 4032 et
2229 3980 2352 4032 alia.
2383 3979 2485 4030 En.

483 4069 658 4122 nitatis
682 4067 934 4120 Plinium
961 4077 1010 4120 et
1034 4065 1113 4118 rei
1145 4063 1309 4137 ipsius
1339 4060 1494 4114 ratio.
1665 4065 1955 4130 ——Siparia
1969 4075 2192 4130 peccata.
2216 4058 2297 4113 Ad
2318 4059 2615 4112 Stoicorum

484 4147 568 4202 sic
585 4145 729 4220 apud
752 4146 970 4218 nosipsi
993 4145 1243 4199 arborum
1261 4143 1465 4196 fructus
1479 4177 1497 4204 ‚
1596 4139 1740 4194 illam
1760 4139 2069 4196 senteutiam
2087 4137 2297 4212 respicit
2308 4179 2325 4206 ,
2342 4137 2611 4193 defensam
