2857 4690
518 381 612 463 48

1090 382 1168 448 C.
1222 381 1563 450 PLINII
1611 382 1800 449 LIB.
1851 381 2076 450 VIII.

514 501 689 572 cedit
734 500 1023 570 lacrimis
1070 504 1233 572 meis
1252 531 1283 587 ‚·
1315 502 1498 598 quod
1548 503 1817 591 absenS,
1859 518 1923 572 et
1979 503 2424 598 impendentis
2487 508 2651 578 mali

516 615 810 698 nescim,
853 614 1104 705 pariter
1144 639 1393 709 aegrum
1415 668 1435 698 ‚
1478 615 1728 708 pariter
1777 612 2162 696 decessisse,
2201 616 2521 710 cognovi,
2563 641 2656 686 ne

447 750 480 800 9
514 724 900 818 gravissimo
937 721 1149 792 dolori
1186 726 1427 792 timore
1453 747 1971 793 consuescerem.
1994 727 2073 793 In
2104 726 2308 794 tantis
2342 740 2650 794 tormen-

514 834 598 900 tis
641 857 859 918 eram,
913 823 1121 926 quum
1170 834 1526 903 scriberem
1574 835 1752 914 haec,
1797 836 2152 905 scriberem
2198 835 2351 905 sola.
2409 839 2653 931 Neque

512 942 693 1011 enim
733 967 912 1012 nunc
946 942 1127 1013 aliud
1168 959 1284 1012 aut
1315 946 1638 1040 cogitare,
1673 959 1791 1016 aut
1820 944 2004 1040 loqui
2039 970 2332 1040 possum.
2361 944 2547 1016 Vale.

515 1147 597 1196 avi
606 1183 623 1205 ‚
642 1143 787 1216 quod
808 1154 981 1216 potest
996 1145 1170 1198 facere
1182 1143 1250 1197 ad
1266 1144 1533 1198 calamita·

514 1233 621 1274 tem
656 1223 841 1294 puellae
879 1222 1038 1296 hujus
1074 1223 1403 1296 augendam,
1445 1225 1532 1278 cui

1629 1163 1728 1198 nec
1745 1146 1802 1198 in
1821 1164 1922 1200 avo
1939 1143 2239 1217 praesidium
2257 1183 2272 1211 ,
2291 1147 2386 1218 qui
2407 1146 2654 1220 aliaspa-

1628 1225 1724 1277 tris
1745 1225 1939 1277 mortui
1964 1224 2106 1278 vices
2123 1224 2253 1278 solet
2273 1225 2473 1278 subire.
2503 1226 2575 1280 G.

536 1432 1203 1454 ΜΜΜΜΜΚ
1210 1433 2352 1455 ummmmmmmummw·
2361 1435 2630 1454 mmm

1404 1626 1776 1716 XXIV.

583 1853 933 1923 Maximum,
975 1852 1050 1910 ad
1070 1847 1076 1854 ’
1094 1851 1373 1910 Achaiam
1416 1822 1801 1909 ordinandam
1849 1851 2084 1910 missum
2103 1895 2120 1924 ‚
2161 1850 2435 1910 admonet
2453 1895 2470 1924 ,
2519 1866 2588 1910 ut

768 1947 1131 2027 ‚antiquitatis
1162 1947 1490 2006 reverentia
1519 1947 1848 2006 humaniter
1878 1948 2136 2007 civitates
2163 1960 2386 2006 tractet.

994 2156 1054 2202 C.
1111 2155 1470 2202 PLINIUS
1520 2154 1875 2202 MAxlmo
1925 2155 2082 2202 SUO
2135 2156 2185 2200 S.

615 2338 833 2407 Alton
860 2338 929 2404 in
958 2350 1023 2404 te
1053 2358 1237 2403 meus
1264 2335 1478 2429 cogit,
1501 2360 1639 2403 non
1673 2350 1749 2404 ut
1779 2336 2162 2431 praecipiam
2189 2336 2444 2433 (neque
2469 2340 2651 2409 enim

520 2461 926 2541 praeceptore
956 2447 1169 2540 eges),
1196 2443 1595 2515 admoneam
1633 2462 1891 2533 tamen,
1916 2461 2026 2533 ut,
2049 2453 2196 2541 'quae
2229 2450 2390 2533 sciS,
2425 2464 2652 2521 teneas

454 2598 483 2631 2
520 2570 587 2648 et
615 2558 955 2640 observeS‚
980 2569 1099 2624 aut
1126 2556 1291 2624 scias
1319 2554 1572 2626 melius,
1596 2559 1869 2651 Cogita,
1897 2572 1960 2625 te
1981 2559 2250 2627 missum
2279 2559 2350 2627 in
2378 2562 2651 2654 provin-

520 2668 696 2738 ciam
716 2666 1033 2737 Achaiam
1046 2720 1066 2753 ,
1086 2664 1266 2735 illam
1289 2691 1514 2735 veram
1540 2681 1606 2735 et
1624 2692 1876 2737 meram
1897 2670 2222 2738 Graeciam
2236 2722 2255 2756 ‚
2269 2670 2339 2737 in
2356 2693 2490 2764 qua
2506 2671 2651 2766 pri-

522 2802 704 2845 mum
725 2778 1139 2862 humanita3‚
1168 2776 1401 2862 literae,
1426 2778 1628 2847 etiam
1657 2776 1880 2873 fruges
1902 2781 2187 2850 inventae
2215 2804 2356 2850 esse
2378 2781 2652 2851 credun-

520 2903 671 2975 tur;
696 2890 972 2959 missum
1009 2887 1090 2957 ad
1129 2888 1577 2958 ordinandum
1607 2904 1852 2959 statum
1886 2886 2244 2961 liberarum
2272 2894 2650 2978 civitatum,

520 2996 590 3067 id
626 3013 756 3086 est,
792 2999 878 3067 ad
918 2999 1223 3070 homines
1261 3002 1546 3069 maxime
1586 3001 1920 3088 homineS,
1955 3002 2039 3072 ad
2080 3002 2324 3073 liberos
2362 3006 2650 3074 maxime

606 3210 803 3264 XXIV.
832 3207 1135 3263 Secundum
1156 3248 1173 3273 ,
1209 3228 1374 3281 quum
1400 3210 1541 3261 hanc

520 3290 792 3363 epistolam
807 3290 1071 3350 scriberet,
1081 3288 1284 3343 celebra
1289 3289 1542 3343 tissimam

522 3372 666 3424 illam
706 3370 872 3424 Tullii
915 3368 985 3424 ad
1023 3369 1285 3435 Quintum
1328 3370 1541 3422 fratrem

522 3450 582 3517 (Ι
594 3488 609 3513 ,
630 3468 653 3501 1
665 3453 703 3519 ,)
716 3450 771 3502 in
794 3450 973 3503 animo
992 3449 1241 3503 habuisse
1254 3485 1269 3512 ,
1280 3450 1391 3521 jam
1408 3447 1544 3501 vidit

522 3529 814 3583 catanens.
834 3530 888 3583 S.

615 3628 663 3661 2.
708 3612 1015 3661 Provinciam
1044 3611 1305 3661 Achaiam.
1355 3608 1539 3662 Latius

520 3698 701 3758 patere
719 3686 931 3739 Achaia
962 3706 1155 3742 nomen
1172 3726 1187 3752 ,
1212 3699 1263 3741 et
1282 3706 1403 3740 cum
1431 3700 1540 3742 tota

522 3764 885 3837 Peloponneso
909 3766 1132 3820 Atticam
1154 3767 1311 3821 etiam
1334 3778 1385 3819 et
1406 3767 1538 3819 vici-

523 3864 619 3899 nas
644 3845 840 3899 insulas
869 3846 1144 3917 complecti
1162 3884 1179 3911 ,
1206 3846 1295 3899 hic
1325 3864 1540 3917 quoque

521 3926 869 3979 observarunt
894 3925 995 3979 viri
1016 3925 1178 3978 docti.
1200 3925 1267 3979 G.
1284 3956 1355 3966 —
1370 3926 1537 3978 Caete-

521 4016 693 4057 terum
718 4021 883 4077 quum
906 4003 1009 4056 hoc
1042 4004 1159 4057 loco
1192 4006 1389 4058 utiliter
1408 4024 1539 4058 con-

522 4084 649 4137 ferri
668 4096 891 4156 possunt
906 4125 920 4151 ,
943 4100 1059 4155 qun
1079 4084 1265 4137 Cicero
1293 4086 1346 4137 in
1369 4084 1538 4139 nobili

519 4162 590 4217 ad
606 4164 866 4231 Quintum
886 4164 1099 4217 fratrem
1120 4162 1341 4235 epistola
1361 4165 1456 4219 lib.
1485 4161 1535 4233 1,

1645 3230 1666 3263 1
1679 3253 1693 3279 ,
1716 3212 1982 3267 simillium
2003 3213 2202 3266 scribit.
2218 3214 2281 3265 E.
2297 3244 2370 3255 —-
2385 3214 2511 3267 Erat
2527 3234 2652 3266 vera

1637 3290 1838 3346 Graecia
1855 3330 1870 3355 ,
1893 3294 2018 3363 quia
2042 3292 2116 3345 ibi
2135 3292 2349 3345 Athenae
2369 3305 2420 3346 et
2438 3294 2649 3365 Sparta,

1637 3388 1862 3440 quarum
1889 3370 2160 3423 civitatum
2192 3389 2276 3426 res
2295 3384 2450 3444 gesta
2482 3372 2650 3424 maxi·

1637 3466 1780 3502 mam
1798 3449 2027 3502 historiae
2059 3444 2237 3520 gr'aecae
2257 3462 2456 3522 partem
2483 3451 2648 3502 confl-

1636 3528 1802 3581 ciuut.
1818 3528 1919 3581 ΕΙ).
1934 3558 2008 3569 -
2019 3532 2249 3581 Homines
2267 3533 2484 3580 maxime
2501 3532 2653 3579 homi-

1634 3626 1733 3659 nes.
1762 3611 1990 3659 Homines
2022 3611 2237 3660 maa-itae
2276 3611 2491 3659 homines
2529 3618 2653 3659 sunt

1635 3686 1704 3740 ad
1719 3688 2095 3741 humanitatem
2117 3688 2280 3741 literis
2298 3699 2350 3741 et
2367 3699 2648 3740 consuetu-

1635 3766 1761 3822 dine
1790 3766 1982 3821 exculti
2005 3787 2019 3820 :
2050 3770 2189 3819 liberi
2227 3770 2444 3819 maxime
2485 3769 2646 3828 liberi,

1634 3845 1727 3917 qui
1737 3846 2028 3899 naturalem
2040 3846 2333 3899 libertatem
2345 3856 2528 3899 contra
2541 3844 2650 3897 vim

1637 3938 1902 3979 externam
1919 3924 2195 3978 Persarum
2211 3937 2262 3977 et
2275 3920 2649 3987 Macedonum,

1634 4004 1998 4076 internamque
2043 4018 2389 4075 tyrannorum
2443 4014 2652 4056 strenue

1633 4083 1832 4155 legibus
1852 4095 1903 4136 et
1934 4084 2095 4136 armis
2128 4082 2246 4135 tuiti
2275 4095 2415 4135 sunt.
2446 4081 2650 4155 Nempe

1633 4163 1710 4215 aie
1757 4162 2138 4235 elegantiuime
2179 4159 2454 4215 Medieem
2495 4161 2644 4214 liber.
