2857 4690
528 368 669 463 276
1092 368 1167 435 c,
1220 367 1564 435 PLINII
1611 366 2084 438 SECUNm

524 492 740 585 spatia
767 487 1157 560 liberalitate
1188 488 1582 559 contrahere
1611 514 1632 575 ;
1661 489 2070 561 intercedere
2099 490 2398 577 casibus,
2423 516 2670 561 occur—

524 626 669 670 sare
700 600 1015 687 fortunae,
1046 614 1245 693 atque
1280 599 1466 667 omni
1503 622 1633 693 ope
1663 598 1910 689 adniti,
1941 624 2025 668 ne
2061 600 2212 695 quis
2245 626 2284 669 e
2310 600 2508 695 plebe
2531 605 2672 670 Ro-

526 736 755 794 mana,
800 711 1003 779 dante
1042 710 1462 804 congiarium
1497 724 1597 796 te,
1635 709 1980 779 hominem
2023 711 2234 804 magis
2271 712 2552 779 sentiret
2593 736 2668 779 se

523 823 762 907 fuisse,
797 844 999 915 quam
1040 821 1273 889 civem.

620 934 876 1001 XXVI.
926 930 1349 1001 Adventante
1390 930 1712 1023 congiarii
1757 926 1905 1017 die,
1941 930 2294 999 observare
2333 933 2668 1026 principis

524 1066 865 1136 egressum
906 1040 974 1107 in
1009 1038 1391 1133 publicum,
1431 1038 1718 1107 insidere
1755 1040 1896 1108 vias
1929 1040 2234 1109 examina
2267 1039 2664 1125 infantium,

524 1152 921 1244 futurusque
952 1148 1241 1243 populus
1268 1148 1541 1239 solebat.
1569 1149 1796 1219 Labor
1821 1149 2212 1243 parentibus
2237 1166 2418 1238 erat,
2443 1166 2660 1219 osten-

526 1275 668 1329 tare
718 1258 1062 1354 parvulos,
1115 1258 1594 1353 impositosque
1645 1260 2016 1329 cervicibus
2065 1259 2408 1329 adulantia
2459 1261 2666 1329 verba

526 1368 939 1462 blandasque
975 1392 1173 1437 voces
1208 1367 1488 1437 edocere
1519 1394 1536 1436 ε
1565 1368 1934 1438 reddebant
1970 1368 2100 1455 illi,
2127 1396 2274 1464 quae
2308 1373 2667 1441 moneban-

464 1514 492 1547 α
529 1496 660 1549 tur.
700 1482 799 1549 Ac
846 1478 1149 1573 plerique
1197 1479 1407 1547 irritis
1456 1479 1768 1572 precibus
1817 1480 2050 1549 surdas
2095 1482 2424 1576 principis
2475 1508 2665 1551 aures

528 1588 1033 1685 adstrepebant3
1071 1589 1419 1684 ignarique
1460 1589 1628 1683 quid
1665 1605 2043 1683 rogassent,
2071 1590 2235 1685 quid
2272 1616 2412 1661 non
2449 1593 2666 1685 impe-

464 1722 495 1773 3
532 1714 847 1782 tuissent,
892 1698 1105 1768 donec
1159 1698 1357 1793 plane
1408 1700 1698 1785 scirent,
1741 1698 2245 1769 differebantur.
2279 1706 2382 1771 Tu
2427 1726 2514 1771 ne
2555 1726 2668 1769 ro-

532 1812 677 1906 gari
717 1809 989 1905 quidem
1029 1809 1438 1891 sustinuisti,
1465 1824 1534 1878 et
1577 1833 1986 1903 quamquam
2011 1809 2424 1881 laetissimum
2455 1812 2666 1882 oculis

532 1924 665 1990 tuis
696 1935 897 2007 esset,
932 1932 1296 2013 conspectu
1332 1921 1656 1987 Romanae
1689 1918 1936 1989 sobolis
1967 1919 2264 2015 impleri,
2293 1946 2530 1991 omnes
2567 1936 2666 1989 ta-

532 2058 723 2116 men,
748 2048 1109 2127 antequam
1159 2046 1225 2099 te
1252 2029 1554 2099 viderent
1599 2029 1978 2113 adirentve,
2005 2032 2247 2126 recipi,
2289 2033 2496 2101 incidi
2533 2034 2664 2126 jus-

533 2144 674 2213 sisti
706 2170 720 2211 :
751 2158 829 2213 ut
850 2143 991 2236 jam
1020 2139 1176 2209 inde
1208 2140 1293 2209 ab
1324 2138 1606 2208 infantia
1643 2140 2370 2249 parentemjublicum
2397 2167 2668 2211 munere

535 2254 953 2324 educationis
990 2253 1492 2347 experirentur3
1528 2268 1903 2321 crescerent
1943 2252 2026 2321 de
2065 2267 2224 2337 tu0,
2261 2257 2378 2349 qui
2419 2280 2665 2325 cresce-

540 2379 688 2432 rent
724 2365 882 2444 tibi,
921 2361 1383 2455 alimentisque
1411 2363 1545 2431 tuis
1575 2364 1662 2432 ad
1697 2364 2029 2458 stipendia
2058 2379 2174 2433 tua
2204 2369 2664 2459 pervenirent,

540 2489 939 2565 tantumque
966 2496 1198 2539 omnes
1224 2475 1341 2540 uni
1370 2475 1489 2540 tibi
1507 2527 1526 2558 ‚
1552 2488 1880 2566 quantum
1913 2476 2303 2566 parentibus
2327 2479 2468 2546 suis
2501 2479 2666 2571 quis·

470 2608 503 2664 ⁴
540 2607 703 2678 que,
728 2581 1065 2650 deberent.
1095 2584 1336 2667 Recte,
1363 2586 1614 2668 Caesar,
1639 2581 1822 2677 quod
1849 2609 2036 2677 spem
2068 2587 2354 2654 Romani
2387 2590 2666 2656 nominis

542 2691 919 2786 sumptibus
946 2691 1077 2758 tuis
1112 2693 1425 2786 suscipis:
1452 2691 1712 2760 nullum
1735 2707 1832 2760 est
1858 2695 2038 2760 enim
2066 2719 2312 2789 magno
2338 2698 2664 2791 principe,

542 2799 1241 2894 immortalitatemque
1256 2802 1933 2895 ineritur0,impendii
1951 2827 2164 2896 genus
2179 2803 2662 2902 dignius‚quam

478 2933 507 2984 5
543 2911 723 3005 quod
758 2925 1074 3004 erogatur
1112 2911 1181 2978 in
1218 2925 1542 3003 posterOS.
1583 2911 1984 3006 Locupletes
2024 2911 2110 2981 ad
2145 2913 2480 2985 tollendos
2515 2915 2664 2985 libe-

544 3045 654 3088 ros
691 3019 991 3114 ingentia
1030 3020 1336 3114 praemia,
1372 3035 1439 3088 et
1478 3045 1670 3115 pares
1711 3047 1958 3115 poenae,
1991 3023 2474 3111 cohortantur3
2512 3053 2664 3122 pau-

546 3131 818 3226 peribus
844 3129 1203 3199 educandis
1234 3156 1367 3199 una
1394 3133 1566 3200 ratio
1589 3147 1720 3218 est,
1749 3132 1966 3204 bonus
1987 3135 2320 3228 princeps.
2357 3138 2486 3205 Hic
2514 3139 2662 3207 fidu-

544 3331 688 3397 Quia
716 3331 957 3382 absentes
984 3328 1153 3381 habiti
1188 3347 1284 3399 pro
1310 3330 1574 3401 presenti·
1657 3323 1924 3384 ticuloehic
1935 3332 2107 3385 locum
2119 3351 2252 3396 esse,
2263 3339 2665 3410 apparet.Atque

544 3411 645 3464 bns
658 3448 674 3473 ,
697 3421 749 3462 et
784 3428 907 3462 mox
936 3409 1233 3460 intercedere
1256 3413 1470 3473 casibus,
1503 3407 1572 3461 ad
1657 3409 1812 3462 etiam
1837 3410 1912 3464 sic
1933 3409 2078 3464 dedit
2091 3413 2435 3468 Schwarzius.
2456 3415 2524 3468 G.

544 3507 713 3560 aegros
726 3499 927 3559 spectat
948 3487 1033 3540 vel
1054 3499 1358 3558 occupatos.
1378 3487 1480 3540 En.
1731 3491 1783 3543 3.
1805 3493 1981 3541 Incidi.
2011 3491 2072 3543 In
2101 3492 2310 3544 tabulas
2333 3529 2349 3556 ,
2378 3493 2435 3546 in
2461 3506 2665 3550 tesseras

616 3569 817 3620 XXVI.
866 3584 909 3617 1.
955 3568 1279 3618 Adventante.
1327 3569 1572 3619 Inseren-
1660 3569 2057 3623 frumentarias.
2073 3573 2196 3624 Sen.
2215 3570 2662 3640 deBenef.IV,28.

548 3646 747 3698 dumne
766 3657 886 3716 post
900 3645 1002 3698 hoc
1026 3646 1361 3717 participium
1382 3662 1532 3697 antea
1547 3655 1575 3696 ,ι’
1659 3655 1975 3700 Frumentum
1993 3654 2268 3717 publicum.
2292 3691 2304 3702 .
2317 3656 2562 3721 accipiunt
2576 3658 2664 3706 sine

548 3726 705 3777 Certe
724 3724 835 3777 haec
854 3725 1117 3794 particula
1136 3763 1152 3788 ,
1175 3743 1335 3796 quam
1358 3725 1428 3778 ad
1452 3745 1572 3778 sen·
1661 3731 1846 3778 delectu
1885 3747 2074 3778 morum
2091 3767 2108 3788 ‚
2153 3733 2350 3797 quiquis
2389 3735 2564 3784 incisus
2589 3749 2662 3784 est.

550 3821 667 3856 sum
694 3804 797 3855 loci
824 3804 1137 3873 explendum
1162 3804 1457 3868 desideres,
1493 3805 1572 3856 fa·
1661 3807 1746 3860 Sic
1771 3818 1914 3859 recte
1939 3807 2242 3861 Gronovius
2269 3827 2330 3860 ex
2363 3811 2512 3865 MSS.
2541 3811 2663 3884 apud

551 3883 744 3936 cillime
764 3883 937 3954 potuit
952 3884 1209 3936 excidere.
1231 3885 1284 3937 S.
1661 3887 1806 3938 Pinc.
1822 3899 1872 3939 et
1887 3887 2130 3939 Grut.Al.
2147 3892 2374 3956 Quisquis
2395 3895 2508 3942 ci'm‘s
2521 3907 2596 3943 est.
2607 3891 2658 3944 G.

624 3981 675 4014 ι.
713 3969 789 4012 Ac
806 3964 1048 4029 plerique.
1082 3963 1261 4014 Malim
1306 3969 1371 4014 Ae
1403 3973 1577 4015 muta·
1661 3997 1733 4007 —-
1748 3969 2101 4034 Alimente‘sque
2117 3971 2232 4020 tuis.
2255 3969 2442 4040 Iungit
2457 3969 2662 4023 hoctoto

552 4041 696 4092 tione
716 4079 731 4104 ‚
756 4057 874 4109 quae
897 4039 953 4090 in
983 4041 1240 4109 scriptura
1268 4041 1576 4113 Longobar·
1665 4046 1856 4116 capite,
1870 4047 2494 4118 proptersimilitndinem
2507 4066 2662 4101 mune·

552 4119 673 4173 dica
688 4120 775 4172 vix
794 4118 1067 4170 sentiatur.
1089 4117 1440 4174 Adversativ'ae
1459 4139 1577 4192 par·
1665 4125 1738 4176 ris
1753 4162 1769 4188 ,
1783 4145 1904 4178 cum
1918 4127 2192 4198 congiario
2203 4131 2444 4180 alimenta
2455 4131 2659 4196 ingemm-
