2857 4690
543 344 683 419 386
1059 342 1184 415 'C.
1235 345 1583 416 PLINII
1632 344 2097 415 SECUNDI

642 475 886 551 XCIV.
930 483 1014 549 In
1048 479 1184 549 fine
1221 479 1539 549 orationis
1581 476 1889 573 praesides
1927 478 2363 573 custodesque
2404 480 2661 598 imperii

535 586 728 673 deoS,
777 608 906 682 ego
953 584 1184 655 consul
1239 605 1366 681 pro
1416 584 1617 653 rebus
1670 584 2011 673 humanis,
2058 608 2138 654 ac
2188 599 2253 652 te
2294 587 2625 679 praecipue
2641 636 2661 667 ,

467 690 906 825 Capitoline
938 692 1218 787 Jupiter,
1243 712 1501 787 precor,
1526 705 1609 761 ut
1632 688 1967 760 beneficiis
1991 690 2122 759 tuis
2152 690 2405 777 faveaS,
2434 694 2661 759 tantis-

467 788 663 894 ’que
713 798 1096 867 muneribus
1147 797 1350 869 addas
1391 797 1919 892 perpetuitatem.
1970 796 2263 881 Audisti,
2300 814 2449 890 quae
2488 795 2662 865 malo

530 906 812 999 principi
842 902 1319 999 precabamur3
1362 902 1633 989 exaudi,
1669 921 1815 995 qu'ae
1847 924 1973 995 pro
2008 898 2439 971 dissimiilimo
2476 916 2660 997 opta-

531 1032 699 1079 mus.
753 1010 911 1079 Non
962 1023 1030 1079 te
1072 1008 1525 1104 distringimus
1558 1007 1767 1094 votis3
1806 1030 1943 1077 non
1977 1010 2154 1078 enim
2208 1024 2444 1102 pacem
2464 1058 2487 1091 ,
2528 1032 2661 1077 non

531 1114 954 1185 concordiam
973 1166 995 1200 ,
1025 1136 1162 1183 non
1190 1115 1608 1184 securitatem
1627 1165 1647 1200 ,
1686 1130 1822 1181 non
1855 1136 2015 1208 opes
2050 1128 2350 1201 orarum,
2374 1138 2513 1182 non
2542 1114 2658 1183 ho-

529 1244 727 1290 nores
756 1246 774 1288 :
811 1217 1088 1314 simplex
1115 1233 1483 1315 cunctaque
1514 1220 1639 1289 ista
1670 1218 2087 1313 complexum
2124 1242 2329 1289 unum
2363 1222 2659 1289 omnium

529 1340 762 1395 votum
797 1340 898 1396 est
913 1378 934 1413 ,
973 1348 1190 1397 simus
1228 1346 1595 1396 ancms.
1632 1326 1776 1395 Nec
1811 1346 1973 1393 vero
2006 1348 2179 1395 nova
2218 1324 2340 1393 tibi
2374 1326 2658 1420 injungi-

465 1412 498 1465 3
531 1456 719 1519 mus3
759 1444 836 1500 tu
870 1431 1046 1499 enim
1073 1430 1214 1523 jam
1247 1444 1409 1499 tunc
1443 1428 1626 1499 illum
1661 1430 1731 1498 in
1763 1428 2035 1499 tutelam
2071 1431 2421 1523 recepisti,
2457 1455 2657 1525 quum

437 1586 445 1593 -
531 1536 861 1632 praedonis
911 1536 1268 1606 avidissimi
1319 1534 1619 1606 faucibus
1673 1530 2003 1633 eripuisti:
2048 1560 2263 1630 neque
2305 1538 2486 1606 enim
2528 1540 2659 1606 sine

531 1642 772 1712 auxilio
805 1657 922 1711 tuo
941 1694 962 1731 ,
997 1662 1202 1737 quum
1237 1639 1549 1712 altissima
1586 1663 1860 1737 quaeque
1890 1654 2345 1738 quaterentur,
2372 1641 2517 1730 hic,
2554 1644 2658 1737 qui

533 1748 840 1817 omnibus
867 1748 1207 1837 excelsior,
1229 1748 1659 1818 inconcussus
1688 1745 1883 1817 stetit.
1915 1750 2289 1818 Prmteiitus
2316 1762 2421 1818 est
2448 1772 2491 1817 a
2514 1774 2659 1843 pes-

461 1846 498 1909 4
533 1856 699 1924 simo
741 1855 1074 1950 principe,
1112 1855 1226 1949 qui
1267 1854 1587 1949 praeteriri
1636 1854 1721 1923 ab
1770 1857 2023 1949 optimo
2070 1878 2205 1922 non
2258 1855 2503 1948 potuit.
2560 1858 2657 1923 Tu

532 1958 708 2030 clara
734 1958 963 2055 judicii
997 1960 1094 2031 tu'i
1131 1962 1314 2055 signa
1351 1960 1617 2047 misisti,
1641 1984 1845 2054 quum
1884 1958 2325 2055 proficiscenti
2362 1951 2449 2028 ad
2480 1984 2655 2029 exer·

465 2066 494 2115 ⁵
531 2068 736 2137 citum
776 2080 892 2135 tuo
931 2067 1233 2153 nomine,
1272 2080 1390 2135 tuo
1427 2064 1683 2134 honore
1722 2066 1987 2158 cessisti.
2030 2068 2130 2133 Tu
2167 2090 2335 2135 voce
2368 2068 2656 2162 Impera·

531 2173 696 2243 toris
737 2170 896 2266 quid
933 2173 1206 2241 sentires
1251 2170 1563 2266 loquutus
1578 2225 1599 2260 ,
1642 2168 1849 2241 filium
1890 2170 2017 2259 illi,
2044 2171 2239 2241 nobis
2281 2183 2623 2265 parentem
2638 2226 2657 2257 ,

529 2278 649 2347 tibi
689 2277 1072 2348 Pontificem
1109 2278 1475 2348 Maximum
1508 2275 1773 2372 elegisti.
1820 2278 1977 2366 Quo
2004 2277 2253 2372 majore
2286 2276 2533 2348 fiducia
2556 2280 2655 2348 iis·

530 2382 680 2452 dem
725 2382 848 2453 illis
886 2386 1060 2454 votis
1084 2436 1105 2470 ,
1137 2407 1285 2476 quae
1319 2385 1459 2478 ipse
1494 2407 1619 2476 pro
1656 2407 1727 2452 se
1766 2386 2135 2478 nuncupari
2164 2383 2396 2479 jubet,
2434 2410 2555 2455 oro
2594 2399 2657 2454 et

527 2489 860 2576 obtestor,
894 2489 1144 2558 sibene
1172 2487 1645 2583 rempublicam
1668 2542 1688 2575 ,
1726 2491 1777 2558 si
1814 2513 1893 2557 ex
1924 2489 2205 2562 utilitate
2236 2491 2535 2560 omnium
2572 2515 2659 2559 re-

529 2596 622 2689 git
642 2645 662 2682 ,
696 2594 984 2688 primum
1005 2645 1027 2679 ,
1063 2608 1138 2662 ut
1175 2592 1359 2663 illum
1397 2595 1750 2688 nepotibus
1784 2598 2026 2666 nostris
2063 2618 2143 2664 ac
2182 2597 2655 2691 pronepotibus

597 2837 789 2891 XCIV.
804 2857 854 2890 2.
869 2841 1217 2889 Preeabamur.
1233 2835 1348 2889 Hoc
1357 2849 1437 2890 est
1453 2836 1549 2889 im·

526 2919 893 3012 precantmur.
925 2917 1011 2970 Sic
1051 2916 1106 2969 in
1144 2917 1329 2970 Groeca
1363 2917 1549 2988 lingua

1603 2825 1611 2836 ⁶
1633 2839 1880 2910 opinatur
1900 2880 1914 2904 ,
1944 2857 2049 2892 non
2079 2838 2321 2892 meminit
2338 2877 2356 2902 ‚
2378 2839 2506 2893 huic
2534 2840 2654 2894 vitio

1633 2919 2113 2988 pronuntiationem
2130 2935 2227 2991 peu·
2246 2919 2525 2992 ecthlipsin
2548 2939 2652 2973 me·

531 2998 812 3070 sepissime
835 2998 990 3087 ἆραι,
1018 3000 1244 3072 ἀρᾶσθαι.
1269 2997 1322 3050 S.

597 3081 756 3127 Non..
848 3078 1232 3144 ,diser-ingiam.
1249 3075 1370 3128 Non
1391 3073 1548 3146 quasi

525 3153 811 3224 fatigamus
823 3165 876 3206 et
885 3153 1230 3208 obtundimus
1240 3165 1294 3207 te
1307 3165 1551 3208 votorum

532 3230 889 3286 multitudine.
907 3231 973 3294 E.

613 3341 686 3352 -
708 3314 924 3380 Simplex
965 3325 1238 3379 cunctaque
1279 3314 1374 3364 inea
1409 3330 1541 3362 eom-

519 3395 752 3459 plexum-
772 3428 786 3442 .
807 3405 1025 3444 motum.
1045 3389 1312 3461 Compara
1335 3390 1549 3456 XXIII,

528 3473 580 3526 5.
607 3471 665 3524 it.
691 3467 927 3534 LXXII,
961 3487 1011 3522 1.
1041 3467 1276 3542 Lepidus
1303 3479 1382 3522 est
1405 3469 1551 3522 Mar-

523 3549 662 3603 tis-li·
697 3547 1122 3618 v11,59.·Ni1
1151 3565 1247 3614 pro
1287 3565 1374 3600 me
1419 3546 1551 3600 mihi

523 3627 796 3700 luppiter,
822 3626 1021 3699 petenti
1049 3627 1130 3681 Ne
1157 3627 1555 3691 succensueris,

525 3707 668 3759 velut
681 3707 940 3780 super-hm
925 3707 1033 3759 ·Te
1049 3725 1150 3779 pro
1161 3707 1364 3761 Caesnre
1381 3705 1550 3760 debeo

523 3805 748 3858 rogare·
773 3787 876 3840 Pro
902 3806 988 3840 me
1005 3785 1176 3840 debeo
1195 3787 1452 3842 Caesarem
1466 3805 1547 3838 ro-

522 3884 707 3937 gne.-
743 3863 874 3920 vid.
915 3863 986 3920 ad
1025 3865 1226 3919 LXXX
1245 3903 1262 3930 ,
1289 3870 1345 3920 6.
1372 3865 1443 3920 G.
1474 3895 1543 3905 —

526 3942 1086 4008 vnum.Aliiomittunt;
1097 3945 1234 3998 male
1251 3965 1264 3996 ε
1275 3945 1385 3998 vim
1395 3943 1539 3998 enim

521 4023 786 4077 sententio
797 4035 969 4093 auget.
994 4023 1154 4088 Quod
1171 4036 1346 4076 autem
1366 4021 1537 4076 Gieri-

521 4103 714 4175 giusoo
737 4101 942 4154 sublato
959 4101 1129 4153 minui
1152 4101 1532 4174 cacophoninm

1634 2996 1743 3050 deri
1762 2996 2018 3069 potuisse.
2036 2998 2091 3052 S.

1708 3077 1757 3130 3.
1780 3079 2036 3128 Proe‘dom’s
2060 3079 2347 3130 avidissimi.
2374 3075 2655 3130 Domitiani

1634 3155 1737 3207 bon
1744 3155 1790 3208 is
1806 3153 2053 3208 omnibus
2066 3154 2384 3208 insidiantis.
2407 3155 2541 3209 vid.
2556 3156 2651 3227 Ep.

1634 3235 1737 3300 IV,
1764 3235 1831 3300 24
1853 3271 1869 3298 ‚
1898 3241 1951 3300 4.
1970 3234 2039 3288 G.
2069 3265 2143 3276 —
2160 3237 2417 3288 Alnksae‘ma
2436 3253 2653 3302 quoeque.

1634 3313 1751 3366 Viri
1769 3313 1962 3368 summi
1988 3332 2021 3366 a
2046 3313 2356 3368 Domitiano
2388 3311 2655 3384 suppliciis

1636 3393 1815 3450 affecti
1832 3431 1848 3457 ,
1860 3393 2043 3448 exsilio
2055 3393 2313 3448 mulctati.
2325 3395 2517 3464 Itaque
2536 3410 2653 3446 mox

1626 3476 1905 3542 pmcn-im
1916 3473 1985 3526 ab
1996 3471 2181 3526 eodem
2197 3472 2505 3524 Domitiano
2522 3507 2539 3536 ,
2554 3470 2652 3524 hoe

1636 3563 1743 3616 est,
1770 3551 2025 3624 supplicio
2052 3569 2159 3606 non
2186 3551 2428 3606 affectus.
2448 3551 2515 3603 E.

1707 3638 1761 3696 4.
1795 3636 1896 3682 Tuo
1922 3631 2505 3702 nomine-Imperatoris.
2526 3627 2649 3682 Vid.

1640 3711 1718 3776 V,
1742 3711 1795 3764 3.
1816 3709 1889 3764 G.

1708 3791 1759 3844 5.
1780 3790 2178 3860 TibiPontffieem
2188 3785 2649 3852 Maximum.Quod

1634 3867 1903 3921 Pontifici·
1931 3866 2147 3920 Maximi
2180 3866 2409 3938 dignitas
2434 3865 2651 3937 imperio

1630 3959 1743 4002 tum
1764 3949 2046 4019 conjuncta
2061 3985 2077 4012 ,
2090 3945 2237 4019 quod
2248 3947 2457 4000 nummi
2472 3963 2652 4000 omnes

1626 4040 1679 4081 et
1704 4027 2067 4098 inscriptiones
2087 4026 2409 4098 loquuntur.
2437 4025 2507 4080 G.

1623 4111 1745 4158 -Si
1768 4103 2649 4176 merenpublicam.vid.LXVIB,
