2857 4690
522 349 659 420 232
1218 353 1782 424 ExcURsUs
1831 359 1934 424 11.

612 479 693 544 In
727 475 959 568 primis
994 489 1218 546 autem
1254 475 1662 564 notabimus,
1693 477 2206 548 contubernium
2241 496 2630 574 usurpatum

515 607 657 653 esse
690 581 775 652 de
818 585 1129 655 convictu
1166 600 1237 656 et
1270 584 1750 656 cousuetudine
1791 586 2184 680 quotidiana
2235 590 2632 680 amicorum,

513 717 803 787 quorum
852 693 954 764 vel
996 695 1232 765 studiis
1272 695 1377 765 vel
1421 696 1718 765 moribus
1759 695 2064 766 homiues
2097 695 2358 767 nobiles
2391 700 2482 768 ita
2513 701 2632 769 de-

510 799 933 891 lectarentur,
968 819 1044 873 ut
1077 829 1190 874 eos
1226 828 1492 899 semper
1525 829 1751 876 secum
1787 805 2034 876 habere
2067 804 2314 876 vellent
2343 833 2362 876 ε
2401 811 2518 902 qui
2553 811 2630 879 ii-

510 909 662 979 dem
706 926 776 980 et
810 916 1297 989 commensales
1336 913 1498 984 dicti
1533 931 1708 984 sunt.
1745 917 2028 1010 Peregre
2059 933 2292 988 euntes
2325 917 2450 988 hos
2477 945 2628 989 suos

508 1045 733 1090 secum
775 1021 1141 1108 ducebant,
1182 1026 1610 1120 magistratus
1652 1024 1924 1119 quidem
1965 1041 2036 1095 et
2071 1025 2274 1097 duces
2317 1027 2520 1096 etiam
2556 1029 2626 1096 in

502 1133 877 1228 provincias
902 1149 970 1204 et
994 1133 1185 1206 bella.
1224 1141 1461 1207 Horat.
1499 1141 1569 1224 Ι,
1603 1140 1742 1207 Sat.
1773 1136 1846 1224 6,
1895 1161 2064 1208 101:
2110 1139 2218 1210 «Si
2249 1137 2496 1210 nobilis
2521 1164 2624 1210 es-

512 1267 686 1330 sem,

668 1408 1391 1432 ...................
1420 1371 1717 1432 ducendus
1743 1383 1803 1430 et
1828 1393 2012 1444 unus,

658 1468 733 1524 Et
754 1483 945 1524 eomes
966 1467 1147 1539 alter,
1174 1467 1263 1526 uti
1286 1487 1363 1526 ne
1388 1467 1545 1550 solus
1573 1487 1748 1526 rusve
1779 1487 2096 1547 peregreve

658 1561 911 1620 Exit-em.

504 1683 699 1753 Unde
760 1698 829 1753 et
870 1691 1151 1754 comites
1194 1686 1412 1755 vocati
1497 1693 1656 1755 sunt
1688 1737 1709 1772 ,
1781 1687 1938 1755 item
1993 1692 2268 1758 comites
2319 1695 2623 1784 pet-ega}

503 1796 861 1862 nationum
912 1793 1550 1889 expeditionumque
1615 1794 1644 1890 (
1673 1799 1944 1866 Sueton.
2013 1797 2080 1865 in
2127 1797 2283 1866 Tib.
2331 1795 2428 1882 46
2463 1851 2484 1886 ‚
2553 1797 2633 1865 ad

504 1925 701 1996 quem
784 1902 1007 1972 locum
1064 1903 1213 1974 vide
1265 1907 1528 1974 Ernesti
1577 1907 1855 1975 Excurs.
1877 1905 1906 2002 )
1961 1921 2028 1975 et
2073 1907 2316 1976 cohors
2369 1913 2630 1977 amico·

502 2034 701 2099 rum,
776 2013 863 2082 ad
934 2013 1314 2108 exemplum
1370 2015 1696 2108 praetoriae
1761 2015 2076 2084 cohortis,
2155 2017 2505 2085 Gracchus
2569 2029 2632 2084 et

500 2123 733 2192 Livius
786 2127 1050 2193 Drusus
1102 2125 1301 2218 primi
1357 2140 1703 2218 coeperunt
1751 2149 1866 2194 eos
1911 2127 1981 2194 in
2029 2125 2268 2195 classes
2311 2127 2629 2220 quasdam

504 2231 805 2326 redigere
821 2285 841 2320 ,
877 2235 970 2303 ita
1000 2249 1079 2302 ut
1114 2233 1225 2302 alii
1260 2240 1738 2331 amiciprimoe
1763 2235 2206 2306 admissionis
2229 2235 2630 2326 dicerentur,

506 2341 620 2411 alii
658 2341 986 2415 seeundae
1022 2350 1355 2430 tertzkeve3
1391 2344 1574 2440 quod
1605 2345 1781 2413 idem
1817 2362 1886 2414 et
1909 2348 2210 2417 Tiberius
2235 2349 2461 2415 Caesar
2485 2350 2628 2416 imi-

509 2464 683 2521 tatus
720 2466 821 2520 est
839 2504 857 2538 ,
894 2454 1127 2521 Senec.
1154 2452 1239 2521 de
1267 2453 1494 2522 Benef.
1521 2456 1642 2541 VI,
1672 2452 1782 2539 34.
1816 2456 1973 2524 Vid.
2014 2457 2278 2549 Lipsius
2305 2456 2388 2524 ad
2417 2458 2622 2527 Tacit.

504 2564 634 2629 An.
686 2564 821 2649 VI,
870 2585 939 2656 9.
980 2564 1321 2656 Augustus
1356 2562 1699 2631 literarum
1743 2568 1971 2631 caussa
2006 2565 2162 2633 Arei
2207 2562 2628 2660 philosophi,

502 2667 930 2763 filiorumque
964 2670 1107 2761 ejus
1135 2670 1638 2741 contubernium
1675 2679 1853 2759 iniit,
1887 2678 2161 2744 Sueton.
2193 2674 2306 2771 89.
2335 2678 2624 2746 Comites

503 2779 1122 2872 peregrinationum
1156 2778 1395 2850 salario
1430 2782 1872 2871 sustentabat,
1899 2782 2204 2852 Tiberius
2235 2796 2496 2853 tantum
2533 2786 2620 2854 ci·

499 2888 705 2957 bariis
725 2941 745 2976 ,
784 2893 1060 2959 Sueton.
1110 2892 1257 2959 Tib.
1312 2892 1427 2975 46.
1475 2894 1804 2961 Maecenas
1857 2892 2308 2962 Brundusium
2357 2894 2621 2987 profici—

500 3017 685 3067 scens
727 3000 1001 3069 comites
1040 3022 1265 3069 secum
1308 3000 1595 3069 habebat
1636 3002 2028 3090 Horatium,
2061 3000 2457 3096 Virgilium,
2491 3008 2619 3074 Va·

500 3109 709 3195 rium,
746 3108 1069 3195 Plotium,
1102 3108 1561 3197 Heliodorum,
1591 3109 1928 3181 rhetorem
1959 3134 2276 3205 graffium,
2302 3114 2358 3197 I,
2383 3114 2520 3179 Sat.
2538 3114 2614 3180 V.

498 3224 651 3313 Ipse
684 3222 1004 3289 Horatius
1034 3240 1104 3287 se
1136 3234 1332 3288 vocat
1356 3226 1799 3289 convictorem
1829 3221 2306 3304 Maeoenati5‚l,
2333 3224 2475 3289 Sat.
2503 3226 2618 3306 vl,

496 3332 611 3423 47,
642 3344 708 3398 et
730 3336 1052 3417 amicum,
1080 3354 1177 3397 vs.
1216 3326 1327 3399 50.
1350 3329 1658 3398 Habebat
1687 3355 1842 3398 eum
1869 3332 2200 3399 Maecenas
2231 3328 2300 3395 in
2333 3354 2612 3400 numero

495 3466 757 3527 eorum,
781 3470 949 3538 quos
968 3446 1200 3513 tollere
1230 3442 1448 3512 rheda
1473 3443 1706 3531 vellet,
1744 3447 2177 3537 iterfaciens,
2203 3448 2301 3541 Π,
2329 3448 2467 3515 Sat.
2483 3451 2612 3531 VI,

493 3554 577 3635 [μ
623 3578 717 3646 sq.
759 3554 1065 3621 Tiberius
1105 3551 1460 3621 Vestinum
1501 3554 1570 3622 in
1608 3554 1950 3623 cohortem
1995 3580 2180 3624 suam
2231 3558 2608 3645 transtulit,

490 3663 699 3729 Tacit.
726 3664 999 3749 An.V1‚
1022 3686 1097 3759 9,
1124 3676 1189 3729 et
1212 3660 1632 3755 Thrasyllum
1658 3664 2232 3753 mathematicum,
2262 3682 2338 3735 ut
2361 3667 2614 3761 sapien·

490 3770 597 3839 tiae
628 3769 1065 3863 professorem
1088 3824 1107 3855 ,
1138 3772 1584 3840 contubernio
1610 3772 1930 3861 admovit,
1957 3775 2232 3843 Sueton.
2276 3780 2384 3859 14.
2422 3775 2605 3845 Idem

488 3878 654 3948 lenis
707 3895 847 3948 erat
893 3887 963 3949 in
1008 3886 1415 3949 convictores
1455 3884 1792 3974 groeculos
1809 3936 1828 3969 ,
1883 3905 1926 3952 e
1969 3883 2212 3977 quibus
2255 3886 2606 3955 Seleucum

479 3993 1005 4079 grammaticum
1047 4012 1097 4056 a
1142 3989 1578 4059 contubernio
1632 3999 1941 4079 removit,
2001 4018 2146 4088 cap.
2197 3988 2310 4064 56.
2361 3996 2606 4065 Missus

486 4096 569 4167 ab
599 4096 901 4188 Augusto
930 4097 999 4164 in
1034 4101 1419 4167 Armeniam-
1444 4100 1820 4171 sucdiosam
1853 4105 2192 4173 cohortem
2221 4128 2451 4175 secum
2485 4106 2602 4174 ha·
